1923 3149
273 100 324 137 66
674 95 880 135 ORATIO
915 95 986 134 DE
1019 95 1325 137 HALONESO.

274 200 436 238 vissetis.
467 199 582 242 Quod
610 200 640 237 si
661 207 832 239 oratores
852 198 1073 238 calumniari
1094 204 1309 249 pergerent,
1329 204 1369 235 et
1388 197 1458 248 ipsi
1477 203 1605 236 tamen
1635 199 1727 237 scri·

274 260 527 306 bcrcntnihil,
542 274 608 312 pcr
625 260 728 311 quod
748 268 788 298 ct
806 274 879 312 pax
896 261 1120 304 firmaretur,
1138 266 1177 297 et
1195 258 1395 309 Philippus
1414 258 1605 296 desineret
1619 259 1729 309 persi,

276 322 350 360 dus
370 322 514 367 haberi,
535 321 748 359 istiusmodi
768 321 986 359 hominibus
1007 334 1082 358 non
1101 333 1183 358 esse
1205 320 1516 358 auscultandum.

333 384 371 421 6.
403 383 505 421 Haec
524 396 593 421 vos
613 383 813 420 audientes
836 383 1073 434 probabatis,
1099 389 1138 419 et
1159 382 1344 420 dicebatis
1374 381 1589 433 Pythonem
1621 395 1732 431 {equa

279 446 490 498 postulare,
512 454 553 485 ut
584 453 691 484 erant
721 458 844 495 aequa.
898 445 1136 483 Dicebantur
1165 451 1292 482 autern
1322 457 1399 481 non
1429 450 1472 481 ut
1499 457 1545 481 ea
1575 458 1660 494 quae
1681 444 1732 481 illi

283 509 389 546 utilia
408 509 575 553 fuerunt,
596 516 635 545 et
649 521 718 558 pro
739 508 879 557 quibus
900 519 1081 556 magnam
1103 506 1309 557 pecuniam
1330 505 1530 555 dilargitus
1556 505 1693 550 fuerat,
1715 519 1734 542 e

281 570 423 607 foedvre
443 570 682 615 tollerentur,
703 568 770 606 sed
793 569 840 605 ab
863 568 870 586 ¹
888 567 967 605 istis
988 568 1049 605 hic
1074 567 1268 617 magistris
1284 568 1387 618 prius
1407 567 1568 604 edoctus
1597 567 1737 611 fuerat,

281 630 345 680 qui
370 631 560 681 putabant
587 630 669 667 fore
702 628 890 666 nerninem
912 628 976 679 qui
997 627 1226 666 Philocratis
1257 628 1412 666 decreto
1432 641 1499 678 per
1518 628 1620 677 quod
1642 629 1735 664 Am-

282 691 447 742 phipolis
469 690 588 741 periit,
620 690 857 728 intercedere
886 688 1056 727 auderet.
1109 689 1195 739 Ego
1226 702 1329 733 vero,
1359 689 1625 734 Athenienses,
1646 688 1739 726 nihil

284 752 517 791 contrarium
539 751 688 802 legibus
709 745 874 789 scribere
896 764 1010 789 ausus
1032 764 1129 796 sum,
1149 757 1188 788 at
1213 750 1368 788 decreto
1387 750 1616 788 Philocratis
1636 750 1739 800 quod

286 827 376 851 cum
393 813 544 863 legibus
565 813 776 863 pugnabat,
796 812 931 863 scripsi
953 812 1157 855 contraria,
1175 819 1215 849 ut
1229 825 1301 861 ego
1317 812 1604 850 demonstrabo.
1637 811 1740 849 Nam

287 873 517 912 Philocratis
537 873 737 911 decretum
753 885 831 924 quo
847 885 913 911 vos
932 872 1152 924 perdidistis
1170 873 1445 923 Amphipolim,
1466 873 1652 923 prioribus
1674 874 1741 910 de-

287 936 400 974 cretis
415 935 691 973 adversabatur
712 947 781 985 per
800 947 887 984 quae
906 946 974 972 vos
994 934 1098 971 illam
1118 934 1335 971 obtinuistis
1357 933 1564 984 regionem.
1595 934 1658 971 Ac
1674 933 1743 971 de-

288 1004 438 1036 cretum
461 997 618 1048 quidem
640 996 869 1034 Philocratis
891 1002 973 1033 erat
991 995 1141 1045 legibus
1161 996 1407 1042 contrarium,
1431 1009 1554 1046 neque
1574 996 1654 1033 fieri
1674 1009 1742 1047 po-

287 1065 387 1098 terat
407 1065 449 1097 ut
466 1059 496 1097 is
522 1057 589 1109 qui
614 1057 795 1095 scriberet
813 1057 965 1108 legibus
987 1070 1170 1108 congrua,
1199 1057 1380 1096 scriberet
1399 1064 1659 1095 consentanea
1677 1057 1745 1095 de·

290 1127 396 1158 creto
408 1120 559 1171 legibus
578 1119 782 1157 contrario.
814 1119 945 1162 Quum
965 1124 1092 1156 autem
1107 1118 1294 1168 prioribus
1315 1118 1389 1156 illis
1407 1119 1586 1164 decretis,
1607 1131 1693 1169 quae
1707 1124 1746 1155 et
1763 1166 1765 1168 v

290 1181 463 1233 legitima
497 1187 622 1226 erant,
656 1187 695 1218 et
731 1186 893 1218 vestram
926 1179 1038 1217 vobis
1071 1180 1278 1217 servabant
1305 1179 1503 1225 ditionem,
1541 1180 1747 1217 scriberem

290 1250 566 1287 consentanea,
585 1254 672 1279 cum
692 1241 864 1291 legitima
891 1239 1038 1291 scripsi,
1069 1249 1151 1278 tum
1170 1240 1389 1291 Philippum
1419 1241 1590 1290 coargui,
1615 1246 1659 1277 ut
1682 1239 1747 1290 qui

291 1310 332 1342 et
351 1304 482 1342 fucum
509 1303 616 1341 vobis
638 1302 794 1347 faceret,
814 1310 851 1340 et
870 1315 1005 1353 pacem
1027 1301 1148 1339 nollet
1172 1301 1379 1348 emendari,
1399 1301 1466 1339 sed
1491 1302 1530 1338 id
1557 1307 1689 1351 ageret
1708 1306 1750 1337 ut

293 1366 506 1404 oratoribus
524 1364 744 1416 reipublicae
765 1364 945 1403 studiosis
964 1364 1060 1402 fides
1076 1363 1180 1414 apud
1200 1376 1267 1401 vos
1288 1364 1550 1413 abrogaretur.
1582 1365 1643 1400 Ac
1662 1374 1750 1400 eum

293 1427 448 1478 quidem
469 1425 623 1464 foederis
652 1425 884 1464 emendandi
904 1424 1097 1463 licentiam
1125 1438 1241 1475 quam
1268 1425 1373 1462 vobis
1402 1425 1522 1469 dedit,
1545 1437 1648 1461 nunc
1668 1436 1691 1460 a
1709 1436 1750 1460 se

295 1489 427 1526 datam
439 1501 524 1526 esse
544 1500 701 1538 negare,
722 1500 856 1524 omnes
872 1486 992 1525 scitis.
1022 1485 1127 1524 Dicit
1140 1498 1230 1523 vero
1243 1498 1354 1523 suam
1368 1498 1453 1523 esse
1468 1483 1749 1535 Amphipolim:

296 1550 437 1601 quippe
452 1562 519 1587 vos
539 1562 622 1587 eam
643 1549 713 1586 sibi
733 1547 953 1592 tradidisse,
973 1560 1093 1597 quum
1119 1545 1377 1584 decerneretis
1404 1552 1448 1583 ut
1472 1558 1559 1595 quae
1582 1544 1753 1582 habebat

294 1612 468 1649 haberet.
511 1609 629 1660 Atqui
648 1622 715 1648 vos
736 1609 814 1647 tale
834 1609 1032 1647 decretum
1053 1621 1145 1645 sane
1165 1607 1322 1650 fecistis,
1342 1612 1383 1644 at
1416 1605 1678 1658 Amphipolim
1696 1607 1752 1657 ip—

295 1672 373 1711 sius
392 1686 478 1710 esse
499 1684 694 1723 nunquam
715 1669 951 1709 decrevistis.
1001 1668 1148 1707 Haberi
1164 1668 1261 1706 enim
1283 1674 1446 1718 possunt
1465 1668 1581 1705 etiam
1602 1668 1752 1710 aliena;

299 1745 370 1772 nec
395 1745 528 1771 omnes
550 1733 616 1784 qui
634 1732 792 1775 habent,
812 1744 881 1769 sua
898 1731 1056 1780 habent,
1076 1743 1194 1780 quum
1215 1729 1324 1767 multi
1350 1730 1464 1767 etiam
1486 1729 1611 1767 aliena
1630 1730 1754 1779 possi-

300 1795 432 1832 deant.
473 1795 604 1837 Quare
633 1794 716 1831 istae
737 1793 837 1830 illius
857 1792 1018 1842 argutiae
1037 1791 1176 1842 ineptae
1197 1797 1300 1828 sunt.
1349 1791 1410 1828 Ac
1432 1790 1575 1828 decreti
1600 1790 1754 1840 quidem

301 1854 534 1894 Philocratis
554 1854 740 1899 meminit,
761 1853 935 1904 epistolae
961 1858 1087 1890 autern
1114 1851 1214 1889 illius
1239 1864 1354 1901 quam
1383 1850 1486 1888 misit
1508 1851 1557 1888 ad
1576 1864 1645 1888 vos
1665 1850 1754 1887 dum

302 1915 497 1954 obsideret
513 1915 791 1967 Amphipolim,
808 1913 951 1952 oblitus
967 1920 1050 1959 est;
1078 1912 1116 1950 in
1131 1925 1207 1962 qua
1224 1913 1478 1950 confitebatur
1496 1911 1756 1962 Amphipolim

302 1990 387 2016 esse
407 1983 584 2023 vestram,
605 1982 642 2014 et
668 1975 918 2027 promittebat
936 1987 1023 2013 eam
1043 1987 1084 2013 se
1103 1974 1211 2012 vobis
1228 1974 1464 2012 redditurum
1485 1974 1515 2011 si
1535 1987 1757 2024 expugnas-

303 2045 376 2084 set,
393 2045 437 2075 ut
454 2051 541 2088 quae
561 2044 665 2075 esset
683 2043 825 2082 vestra,
840 2049 919 2074 non
940 2049 1071 2074 eorum
1093 2036 1158 2086 qui
1179 2042 1271 2073 tunc
1286 2036 1481 2074 tenebant.
1511 2035 1678 2073 Proinde
1693 2035 1757 2084 qui

304 2100 410 2151 prius
430 2099 652 2137 incolebant
667 2097 928 2149 Amphipolim
947 2110 1063 2148 quam
1083 2110 1168 2134 earn
1187 2096 1221 2134 vi
1241 2103 1395 2146 caperet
1409 2095 1622 2146 Philippus,
1639 2096 1760 2134 Athe-

303 2160 494 2199 niensium
513 2161 711 2211 regionem
730 2159 924 2197 habebant
942 2158 1112 2197 scilicet:
1151 2165 1354 2209 postquam
1373 2171 1463 2195 vero
1491 2157 1653 2195 eandem
1668 2157 1759 2194 Phi-

303 2221 430 2272 lippus
450 2221 564 2272 cepit,
584 2233 660 2258 non
678 2226 785 2258 tenet
804 2219 999 2270 regionem
1020 2219 1324 2265 Atheniensium,
1344 2218 1413 2256 sed
1433 2230 1553 2256 suam.
1601 2217 1682 2256 Imo
1710 2231 1760 2256 ne

309 2282 521 2334 Olynthum
543 2281 713 2333 quidem,
734 2294 814 2319 non
834 2280 1092 2332 Apolloniam,
1113 2294 1190 2318 non
1212 2280 1396 2318 Pallenen
1420 2285 1525 2317 tenet
1543 2285 1586 2316 ut
1603 2279 1762 2325 alienas,

309 2344 379 2383 sed
393 2351 436 2382 ut
449 2345 460 2363 ²
476 2356 577 2382 suas.
602 2343 802 2394 Numquid
815 2342 922 2380 vobis
934 2342 1084 2380 videtur
1099 2349 1211 2380 caute
1227 2348 1267 2379 et
1280 2341 1556 2392 circumspecte
1569 2341 1582 2359 ³
1597 2341 1763 2380 scribere

310 2406 450 2452 omnia,
467 2413 508 2443 ut
529 2411 712 2456 appareat
731 2417 820 2442 eum
831 2411 871 2442 et
888 2404 1014 2442 dicere
1034 2409 1073 2441 et
1085 2416 1198 2455 agere
1218 2416 1304 2454 quae
1324 2403 1427 2454 apud
1440 2415 1572 2440 omnes
1588 2402 1763 2442 homines

303 2471 411 2517 Justa
429 2466 631 2511 habentur,
653 2479 697 2503 ac
719 2478 796 2503 non
817 2465 945 2515 potius
964 2464 1160 2502 hominum
1183 2464 1499 2502 existimationem
1525 2463 1676 2514 penitus
1695 2463 1764 2502 de-

311 2528 472 2580 spicere,
491 2528 554 2577 qui
586 2527 780 2575 regionem
800 2526 902 2563 illam
922 2538 1035 2576 quam
1056 2524 1182 2563 Graeci
1210 2532 1249 2563 et
1280 2537 1344 2562 rex
1362 2524 1566 2562 Persarum
1587 2524 1764 2562 decreve-

310 2596 400 2629 runt
420 2596 460 2628 et
476 2588 643 2627 confessi
665 2594 758 2625 sunt
777 2600 862 2625 esse
892 2593 1071 2633 vestram,
1093 2599 1178 2625 eam
1209 2600 1315 2624 suam
1337 2599 1423 2624 esse
1443 2592 1481 2624 et
1503 2599 1579 2622 non
1599 2593 1763 2623 vestram

313 2658 511 2690 asseveret
526 2649 541 2686 3

367 2715 403 2750 7.
435 2713 634 2754 Quantum
663 2710 712 2748 ad
744 2710 903 2748 alterum
934 2715 1050 2760 caput
1080 2708 1186 2759 quod
1221 2710 1258 2746 in
1287 2722 1381 2761 pace
1413 2707 1692 2754 emendavistis,
1723 2714 1765 2746 ut

362 2803 369 2821 ¹
385 2798 659 2831 Nostratibusistis
673 2797 837 2836 magistris.
860 2796 984 2827 wau.
1108 2797 1178 2826 ³:³1¹
1198 2807 1250 2826 vos
1272 2796 1371 2827 omnia
1387 2795 1532 2826 scribere.
1550 2795 1656 2826 lom.

359 2847 372 2865 ²
387 2847 462 2874 Suus
478 2842 662 2882 provincius.
680 2842 783 2871 IDEM.
