1923 3149
466 213 538 250 DE
571 212 724 250 MALE
755 212 926 249 GESTA
966 211 1287 247 LEGATIONE.
1530 210 1608 245 ‘249

152 316 283 354 multis
311 315 651 366 pollicitationibus
682 316 912 366 impetraret.
970 312 1030 349 Ne
1059 313 1176 361 igitur
1209 313 1293 349 haec
1323 325 1408 362 quae
1436 310 1522 348 dico
1541 323 1610 361 pa-

152 377 230 414 lam
261 378 410 423 fierent,
442 385 640 429 propterca
668 378 819 415 censuit
843 376 896 413 cis
934 386 1125 423 nusquam
1157 386 1241 410 esse
1271 373 1516 414 abeundum;
1549 372 1609 409 isti

150 445 278 475 autem
301 440 333 476 ei
354 440 482 476 omnia
499 439 829 489 gratificabantur,
845 449 931 474 cum
951 434 1222 478 ostentatione,
1244 440 1282 470 ct
1308 434 1446 483 insigni
1477 446 1609 470 assen-

151 500 308 537 tatione.
341 501 481 537 Verum
505 501 535 537 si
551 500 685 537 horum
707 499 872 536 omnium
890 496 1180 540 convincentur,
1200 495 1490 544 consumpsisse
1510 502 1609 531 tem-

152 574 239 611 pus,
261 562 479 611 neglexisse
505 561 718 606 Thraciam,
739 559 833 597 nihil
867 571 913 595 ex
942 557 1106 594 decretis
1138 556 1261 606 egisse
1291 556 1443 598 vestris,
1476 563 1543 592 aut
1562 569 1608 593 ex

149 622 311 660 utilitate
332 622 565 672 reipublicae,
582 621 683 658 salsa
702 621 778 658 huc
798 619 1061 662 renunciasse,
1082 618 1147 668 qui
1168 624 1334 668 possunt
1352 616 1411 654 isti
1432 630 1454 653 a
1472 617 1608 654 corda.

151 683 200 721 tis
214 683 410 731 judicibus
430 689 469 720 et
485 682 669 732 religiosis
691 680 938 720 conservari?
954 680 1052 723 Quae
1072 686 1113 716 ut
1133 693 1154 716 a
1175 692 1234 716 me
1251 691 1337 715 vere
1354 678 1428 715 dici
1448 687 1610 726 constet,

150 743 267 780 recita
286 744 449 793 primum
476 743 685 787 decretum,
708 755 784 792 quo
805 749 920 793 pacto
941 741 1049 779 nobis
1084 740 1195 778 fuerit
1229 739 1460 790 exigendum
1484 741 1610 791 jusju-

148 804 336 841 randum:
367 803 504 842 deinde
523 803 651 842 literas
672 803 838 855 Philippi
857 817 865 841 :
895 810 995 855 post,
1016 802 1244 841 Philocratis
1266 802 1487 840 decretum:
1518 815 1609 839 mox

150 864 406 915 plebiscitum.

445 986 770 1024 DECRETUM.
803 985 1029 1023 LITERAE.
1061 985 1331 1022 DECRETA.

145 1090 237 1128 Jam
260 1098 302 1128 ut
321 1100 504 1144 appareat
522 1106 592 1130 nos
613 1094 781 1143 potuisse
804 1092 1024 1142 Philippum
1047 1092 1084 1128 in
1115 1090 1371 1141 Hellesponto
1394 1089 1609 1141 deprehen-

148 1151 254 1198 dere,
276 1153 306 1190 si
328 1154 410 1203 quis
429 1153 517 1190 mihi
537 1154 745 1205 paruisset,
767 1162 806 1191 et
830 1160 960 1190 vestra
992 1153 1175 1191 mandata
1206 1159 1414 1190 exsecutus
1434 1159 1542 1190 esset
1562 1166 1609 1190 ex

148 1212 330 1260 decretis,
351 1228 448 1252 voca
467 1222 581 1253 testes
602 1216 666 1265 qui
687 1216 761 1252 illic
783 1215 1004 1253 adsuerunt.

778 1357 993 1395 TESTES.

147 1452 288 1491 Recita
307 1459 345 1491 et
364 1454 526 1491 alterum
547 1452 823 1497 testimonium,
844 1453 936 1506 quid
962 1451 1117 1491 Euclidi
1151 1459 1240 1504 post
1268 1452 1442 1503 profecto
1465 1450 1609 1501 Philip-

148 1526 222 1565 pus
243 1515 494 1568 responderit.

680 1621 1092 1659 TESTIMONIUM.

200 1728 268 1764 48.
300 1727 380 1764 Eos
399 1727 514 1778 igitur
533 1740 604 1765 nec
636 1727 784 1765 inficias
812 1728 865 1765 ire
888 1741 1013 1777 posse,
1031 1727 1127 1778 quin
1148 1727 1213 1765 illa
1231 1739 1299 1777 pro
1320 1726 1497 1777 Philippo
1517 1739 1609 1776 ege-

144 1788 234 1833 rint,
257 1802 304 1827 ex
325 1802 383 1826 me
403 1789 546 1827 audite.
606 1790 704 1826 Cum
726 1790 851 1840 priore
881 1790 1073 1840 legatione
1099 1788 1260 1840 profecti
1291 1801 1424 1826 sumus
1445 1788 1492 1825 de
1513 1801 1611 1838 pace

146 1850 340 1897 facienda,
376 1864 444 1888 vos
480 1851 777 1889 caduceatorem
811 1841 1053 1901 praemisistis
1090 1851 1141 1888 ad
1180 1849 1458 1900 impetrandam
1491 1849 1608 1886 fidem

143 1911 355 1963 publicam.
412 1913 510 1950 Tum
543 1912 670 1963 igitur,
709 1919 750 1949 ut
779 1912 941 1963 primum
976 1913 1120 1949 Oreum
1149 1918 1352 1956 venerunt,
1374 1924 1450 1947 non
1472 1923 1609 1961 exspe-

145 1979 306 2011 ctarunt
325 1973 642 2018 caduceatorem,
665 1986 789 2024 neque
809 1973 927 2010 ullam
959 1986 1105 2010 moram
1140 1973 1330 2018 fecerunt,
1348 1973 1414 2009 sed
1437 1972 1610 2022 quamvis

147 2035 244 2072 Alus
258 2035 512 2081 obsideretur,
528 2041 658 2073 tamen
674 2048 719 2072 eo
734 2035 979 2085 trajecerunt,
996 2041 1033 2071 et
1054 2047 1184 2072 rursus
1206 2033 1296 2071 inde
1316 2034 1366 2071 ad
1387 2033 1609 2070 Parmenio-

148 2109 252 2142 nem,
273 2096 338 2146 qui
358 2096 539 2146 oppidum
561 2096 779 2141 obsidebat,
799 2096 942 2146 egressi
963 2109 1032 2146 per
1052 2095 1231 2133 hostilem
1251 2095 1458 2132 exercitum
1481 2094 1608 2145 Paga—

150 2170 213 2195 sas
236 2158 424 2202 abierunt,
447 2165 484 2194 et
502 2157 710 2209 progressi,
736 2157 982 2194 caduceatori
1014 2157 1182 2195 Larissae
1214 2162 1478 2201 occurrerunt,
1496 2162 1608 2194 tanto

145 2219 276 2257 studio
307 2225 346 2256 et
374 2218 574 2256 alacritate
606 2225 685 2256 tum
705 2218 1062 2268 proficiscebantur.
1121 2218 1223 2254 Cum
1245 2224 1372 2255 autem
1393 2230 1470 2267 pax
1491 2224 1608 2262 esset,

146 2288 187 2319 et
206 2281 288 2318 sine
320 2280 422 2318 omni
450 2280 621 2330 periculo
654 2280 709 2317 ire
740 2279 884 2324 liceret,
905 2286 944 2317 et
964 2293 986 2317 a
1004 2281 1113 2317 vobis
1133 2279 1362 2330 properandi
1382 2279 1607 2316 mandatum

145 2343 347 2388 haberent,
367 2348 449 2379 tum
469 2355 541 2380 nec
562 2342 632 2379 iter
653 2342 883 2387 accelerare,
913 2355 984 2379 nec
1016 2342 1199 2392 navigare
1216 2342 1258 2378 in
1279 2347 1447 2378 mentem
1469 2341 1522 2378 eis
1543 2354 1608 2378 ve·

148 2403 217 2441 nit.
275 2404 356 2441 Cur
374 2403 560 2441 tandem?
585 2404 694 2447 «Quia
712 2410 790 2440 tum
823 2416 843 2440 e
874 2417 914 2440 re
936 2403 1103 2454 Philippi
1131 2409 1224 2448 erat,
1245 2415 1382 2453 pacem
1398 2415 1513 2453 quam
1534 2403 1611 2452 pri-

148 2477 255 2502 mum
273 2464 378 2502 fieri:
408 2478 455 2502 eo
482 2478 573 2502 vero
592 2472 780 2515 tempore,
800 2477 943 2502 moram
975 2478 1091 2515 quam
1120 2464 1385 2515 longissimam
1404 2463 1609 2514 interponi,

147 2525 370 2576 priusquam
385 2525 656 2576 jusjurandum
677 2526 905 2577 exigeretur.
965 2525 1043 2564 Sed
1061 2531 1105 2563 ut
1125 2532 1163 2563 et
1186 2525 1274 2563 -haec
1291 2537 1382 2563 vere
1402 2536 1425 2562 a
1444 2537 1505 2561 me
1533 2523 1610 2560 dici

145 2593 314 2632 constet,
336 2586 450 2625 etiam
469 2587 544 2625 hoc
564 2600 660 2639 cape
679 2587 955 2627 testimonium,

676 2721 1089 2760 TESTIMONIUM.

149 2823 212 2861 An
233 2823 353 2875 igitur
382 2822 463 2860 fieri
490 2829 631 2873 potest,
659 2831 704 2860 ut
729 2824 796 2861 ulli
821 2824 997 2862 homines
1029 2825 1152 2873 magis
1179 2822 1351 2860 convinci
1381 2823 1543 2872 possint,
1566 2840 1607 2864 se

144 2885 276 2924 omnia
303 2898 372 2937 pro
401 2883 581 2935 Philippo
613 2896 742 2935 agere,
771 2895 886 2934 quam
914 2885 985 2935 qui
1014 2885 1052 2922 in
1084 2884 1222 2922 eodem
1251 2883 1401 2927 itinere,
1424 2895 1510 2920 eum
1537 2899 1607 2936 pro

839 2946 861 2980 2
881 2957 912 2983 ,x
