1923 3149
573 161 777 202 ORATIO
804 160 874 201 DE
908 156 1226 196 HALONESO.
1573 153 1621 190 65

154 274 362 315 ‘mittendis
382 274 599 314 hominibus
619 275 684 326 qui
704 286 746 312 se
766 279 983 311 nostrorum
1002 271 1146 309 ducum
1165 269 1281 307 classi
1297 267 1521 319 adjungant,
1537 272 1623 304 tan-

167 350 286 389 quam
304 337 493 376 custodiae
527 336 640 374 maris
669 340 866 374 consortes
892 333 1023 371 futuri.
1071 331 1168 369 Sunt
1195 330 1258 381 qui
1289 336 1432 379 negent
1450 328 1502 365 illi
1528 326 1623 365 mari

168 411 268 450 opus
288 411 375 437 esse
397 398 444 436 ad
466 398 555 436 'sua
583 394 863 448 amplificanda.
914 395 967 432 At
986 394 1016 431 is
1037 393 1102 444 qui
1130 405 1233 430 mare
1254 390 1428 441 negligit,
1449 390 1624 427 triremes

167 467 378 511 comparat,
400 460 563 498 exstruit
579 458 742 502 navalia,
761 463 801 494 et
819 456 962 494 classes
976 454 1140 492 instituit
1158 453 1319 498 mittere,
1340 464 1465 501 neque
1486 463 1624 501 parvos

168 529 345 574 sumptus
373 522 464 560 facit
483 522 519 559 in
537 520 748 559 certamina
770 518 959 556 maritima
984 517 1122 568 quibus
1151 515 1244 552 nihil
1273 514 1391 552 habet
1417 512 1626 562 antiquius.

170 582 275 620 Num
307 583 420 634 igitur
449 582 606 633 putatis,
638 580 910 626 Athenienses,
939 578 1160 629 Philippum
1197 575 1282 614 haec
1314 574 1476 614 concedi
1504 573 1574 610 sibi
1603 586 1626 610 a

169 644 277 682 vobis
296 645 589 695 postulaturum,
611 643 682 681 nisi
698 649 737 681 et
750 655 819 679 vos
841 646 1117 686 contemneret,
1137 645 1176 677 et
1194 639 1233 676 in
1248 638 1329 677 istis
1349 649 1538 675 summam
1556 635 1627 673 ha-

169 706 278 743 beret
296 705 476 744 fiduciam
496 718 593 756 quos
621 705 683 743 hic
703 705 849 743 amicos
869 703 940 741 sibi
969 703 1166 752 acquirere
1196 700 1391 739 decrevit?
1421 701 1528 742 Quos
1548 712 1625 735 non

168 767 290 818 pudet
307 767 483 818 Philippo
501 766 627 804 vivere
655 766 782 818 potius
816 777 933 815 quam
963 778 1042 801 suae
1075 763 1220 815 patriae,
1250 770 1286 800 et
1308 774 1468 800 munera
1496 760 1543 797 ab
1563 760 1628 796 illo

169 836 330 880 accepta
347 842 387 867 se
406 830 503 867 ferre
525 828 681 866 domum
703 828 949 874 arbitrantur,
976 839 1094 878 quum
1115 838 1162 864 ea
1180 838 1267 876 quae
1287 824 1391 862 domi
1415 830 1507 861 sunt
1537 834 1627 860 ven-

171 890 263 929 dere
283 903 358 928 non
376 890 567 928 dubitent.

226 954 264 989 5.
291 951 379 989 Jam
401 951 449 990 de
470 951 577 1003 pacis
609 950 889 998 emendatione,
909 951 1019 1003 cujus
1043 948 1325 988 emendationis
1355 947 1475 998 legati
1507 946 1555 984 ab
1583 958 1630 983 eo

173 1013 277 1051 missi
297 1013 491 1052 licentiam
511 1014 622 1051 nobis
647 1013 852 1059 dederunt,
885 1013 976 1064 quia
1009 1012 1047 1050 id
1077 1011 1366 1050 emendavimus
1395 1009 1499 1060 quod
1528 1008 1631 1059 apud

173 1087 306 1113 omnes
328 1075 509 1113 mortales
525 1075 670 1126 justum
692 1082 885 1120 censetur,
901 1081 944 1112 ut
967 1074 1119 1125 utrique
1140 1086 1211 1111 sua
1229 1079 1402 1117 teneant,
1422 1084 1505 1109 eam
1527 1084 1568 1109 se
1587 1071 1632 1108 li-

173 1135 340 1173 centiam
373 1136 542 1182 dedisse,
572 1143 612 1174 et
639 1136 687 1173 de
717 1149 763 1173 ea
791 1136 941 1186 legatos
969 1135 1019 1173 ad
1040 1148 1108 1173 vos
1141 1134 1285 1172 dixisse
1316 1140 1447 1184 negat,
1476 1138 1634 1184 propter

172 1196 318 1234 nullam
333 1195 446 1234 aliam
468 1209 625 1234 causam
646 1197 717 1234 nisi
733 1196 837 1246 quod
858 1197 906 1234 ab
925 1197 1009 1234 istis
1029 1196 1166 1246 quibus
1183 1195 1316 1232 amicis
1338 1195 1456 1232 utitur
1477 1207 1635 1244 persua-

174 1269 240 1294 sus
273 1263 331 1295 est
363 1270 430 1296 vos
459 1270 504 1295 ea
535 1270 622 1308 quae
652 1257 834 1295 dicuntur
852 1257 890 1295 in
919 1264 1108 1308 suggestu
1136 1270 1214 1294 non
1244 1256 1477 1293 meminisse.
1518 1255 1637 1306 Atqui

173 1317 300 1356 solum
318 1318 391 1357 hoc
411 1318 519 1357 obliti
538 1332 624 1357 esse
655 1332 732 1357 non
750 1319 925 1370 potestis.
973 1319 1074 1356 Nam
1093 1318 1130 1356 in
1156 1317 1292 1356 eadem
1312 1316 1500 1355 concione
1520 1323 1560 1354 et
1578 1316 1635 1354 le-

174 1381 254 1430 gati
275 1380 325 1418 ad
351 1394 418 1418 vos
438 1382 486 1419 ab
512 1394 558 1419 eo
579 1381 682 1419 missi
703 1381 822 1419 verba
839 1381 1026 1426 fecerunt,
1047 1387 1087 1418 et
1116 1380 1302 1431 scriptum
1334 1386 1395 1417 est
1423 1378 1634 1416 decretum.

173 1440 312 1492 Itaque
332 1442 411 1480 fieri
432 1442 579 1493 nequit,
599 1456 717 1494 quum
739 1442 777 1480 in
797 1442 1006 1494 praesentia
1025 1442 1140 1480 verba
1159 1441 1262 1479 facta
1281 1448 1427 1486 essent,
1449 1447 1487 1477 et
1506 1439 1636 1477 statim

175 1501 375 1541 decretum
402 1504 640 1549 recitaretur,
678 1510 720 1541 ut
751 1517 819 1542 vos
846 1504 1046 1542 decretum
1076 1503 1180 1542 istud
1208 1502 1314 1554 quod
1346 1502 1569 1540 mentiretur
1599 1502 1637 1539 in

175 1564 339 1615 legatos,
358 1567 496 1602 vestris
517 1565 707 1617 suffragiis
735 1566 1088 1618 comprobaveritis.
1143 1566 1271 1608 Quare
1290 1565 1364 1602 hoc
1393 1576 1470 1601 non
1502 1570 1639 1602 contra

178 1638 254 1671 me,
269 1625 338 1663 sed
358 1633 493 1664 contra
508 1640 576 1665 vos
597 1628 767 1679 scripsit3
798 1640 868 1666 vos
887 1628 932 1665 iis
953 1627 1001 1665 de
1021 1628 1134 1665 rebus
1164 1626 1212 1665 de
1233 1627 1373 1677 quibus
1396 1625 1489 1663 nihil
1508 1625 1639 1663 audis-

177 1686 268 1724 setis
287 1699 472 1738 responso
492 1687 584 1725 dato
603 1688 801 1726 decretum
822 1688 916 1726 illud
938 1689 986 1727 ad
1007 1702 1048 1727 se
1067 1688 1230 1726 misisse.
1272 1688 1329 1725 Ac
1352 1686 1468 1738 legati
1483 1686 1638 1737 quidem

174 1747 248 1797 ipsi
262 1755 397 1786 contra
411 1761 507 1797 quos
527 1748 722 1799 decretum
742 1750 979 1796 mentiretur,
1000 1763 1119 1801 quum
1134 1750 1189 1788 eis
1205 1749 1253 1787 de
1269 1749 1410 1801 scripto
1427 1747 1639 1799 responde-

176 1808 283 1855 retis,
304 1816 343 1847 et
361 1822 427 1847 eos
447 1809 659 1848 invitaretis
690 1810 740 1848 ad
765 1810 988 1862 hospitium,
1019 1824 1096 1849 non
1123 1811 1205 1850 ausi
1238 1810 1394 1848 fuerunt
1409 1809 1564 1861 prodire
1594 1822 1640 1847 ac

178 1868 331 1907 dicere:
363 1870 509 1908 Contra
539 1884 608 1908 nos
641 1871 868 1918 mentimini,
890 1872 1160 1919 Athenienses,
1188 1878 1228 1910 et
1246 1884 1293 1909 ea
1322 1884 1393 1909 nos
1415 1870 1555 1908 dixisse
1579 1873 1639 1921 ja-

178 1931 292 1969 ctatis
310 1945 396 1982 quae
415 1945 491 1970 non
513 1932 701 1977 diximus3
725 1932 794 1971 sed
809 1933 915 1972 taciti
932 1933 1120 1972 abierunt.
1151 1933 1253 1972 Volo
1269 1940 1400 1972 autem
1419 1946 1503 1979 vos,
1520 1932 1641 1970 Athe-

177 1993 490 2040 nienses,—nam
510 1995 664 2046 Python
687 1995 752 2046 qui
767 2002 849 2034 tum
868 1996 1039 2047 legatum
1062 1997 1215 2047 agebat,
1237 1995 1339 2047 apud
1363 2008 1431 2033 vos
1451 1994 1489 2031 in
1510 1995 1641 2033 conci-

181 2067 256 2093 one
275 2056 454 2094 laudatus
466 2057 605 2104 fuit—‚
620 2070 750 2095 eorum
766 2058 968 2096 verborum
981 2071 1067 2109 quae
1086 2058 1149 2096 ille
1169 2057 1265 2096 dixit
1284 2056 1641 2100 commonefacere;

181 2118 322 2169 quippe
342 2118 422 2156 scio
440 2132 509 2156 vos
538 2132 584 2157 ea
601 2119 833 2158 meminisse.
874 2120 1046 2158 Fuerunt
1073 2126 1202 2157 autem
1231 2132 1413 2171 perquam
1440 2118 1577 2156 similia
1598 2118 1643 2156 iis

180 2192 267 2229 quae
299 2181 450 2232 scripsit
469 2180 680 2233 Philippus.
717 2181 818 2220 Nam
837 2182 930 2219 dum
951 2181 1000 2219 de
1034 2181 1145 2220 nobis
1169 2181 1391 2232 Philippum
1411 2180 1644 2218 criminanti-

179 2242 253 2280 bus
274 2250 509 2293 quereretur,
527 2243 642 2281 etiam
663 2256 729 2281 vos
751 2243 977 2287 incusabat;
1013 2243 1163 2281 scilicet
1182 2256 1262 2289 vos,
1283 2255 1401 2293 quum
1420 2241 1645 2279 incitaretur

178 2316 246 2341 rex
265 2304 316 2342 ad
334 2305 433 2342 bene
449 2304 497 2342 de
511 2305 618 2343 vobis
634 2305 870 2350 merendum,
887 2311 927 2343 ct
944 2317 1011 2342 vos
1032 2304 1176 2342 amicos
1196 2310 1395 2355 expeteret
1412 2316 1491 2354 prae
1506 2303 1646 2340 ceteris

183 2365 471 2413 Graecis„illius
493 2367 694 2406 desideriis
714 2367 916 2414 obsistere,
937 2366 1259 2405 calumniatorum
1287 2366 1393 2403 dicta
1426 2366 1646 2416 approban-

184 2435 244 2466 tes
260 2429 425 2479 quieum
442 2429 733 2468 criminarentur
760 2443 783 2468 a
809 2443 886 2481 quo
910 2429 1115 2480 pecuniam
1135 2435 1322 2481 peterent.
1387 2430 1517 2470 Quum
1546 2429 1647 2466 enim

185 2489 235 2527 ad
253 2489 358 2527 illum
378 2490 589 2528 afferuntur
607 2491 699 2529 talia
718 2491 835 2538 dicta,
858 2491 998 2542 quibus
1026 2499 1070 2528 ut
1094 2490 1175 2542 ipse
1203 2490 1478 2542 proscinditur,
1501 2490 1554 2528 ita
1579 2503 1648 2528 vos

184 2550 444 2598 oblectamini,
481 2553 619 2591 mutari
657 2554 739 2604 ejus
778 2554 962 2599 animum,
995 2553 1100 2603 quod
1133 2552 1197 2591 ²iis
1228 2551 1404 2591 videatur
1428 2551 1571 2589 infidus
1599 2552 1648 2588 de

186 2612 325 2663 quibus
354 2613 454 2650 bene
479 2613 613 2651 mereri
633 2614 780 2652 statuit.
837 2613 1005 2651 Proinde
1031 2615 1203 2659 vetabat,
1236 2628 1285 2652 ne
1314 2613 1447 2664 populi
1478 2619 1648 2650 oratores

182 2686 321 2725 pacem
339 2673 809 2724 reprehenderent‚—nec
827 2676 929 2714 enim
942 2689 1025 2714 eam
1041 2688 1128 2713 esse
1146 2674 1503 2719 dissolvendam—,
1526 2672 1596 2709 scd
1616 2673 1647 2709 si

185 2736 225 2772 in
243 2736 350 2786 pacis
372 2735 656 2775 conditionibus
676 2737 820 2787 aliquid
843 2749 1044 2788 perperam
1062 2737 1247 2788 scriptum
1270 2743 1390 2782 esset,
1421 2734 1459 2771 id
1485 2733 1649 2784 jubebat

184 2797 416 2842 emendare;
447 2798 587 2849 quippe
607 2798 825 2850 Philippum
847 2799 1040 2836 facturum
1059 2812 1145 2837 esse
1168 2797 1297 2836 onmia
1317 2809 1404 2847 quae
1425 2808 1494 2832 vos
1513 2794 1646 2833 decre-

188 2883 328 2955 ἲν’ὃιιῑι
355 2884 403 2914 vel
433 2884 556 2914 tutanda
590 2885 636 2914 vel
669 2885 890 2925 amplificanda.
955 2885 1044 2914 2ΙΙΙίς
1072 2885 1209 2916 insidiari
1231 2887 1364 2924 putetur.
1395 2881 1500 2912 IDEM.

234 2935 308 2957 OLr.

893 2993 919 3017 Κ
