1923 3149
611 195 900 235 ADVERSUS
936 195 1230 234 LEPTINEM.
1518 198 1592 233 ⁶287

136 297 333 348 republica
363 296 486 335 meriti
516 298 683 343 fuerunt,
712 311 824 336 nemo
857 298 1078 348 reperietur.
1136 301 1218 337 Sed
1240 300 1356 339 missa
1375 301 1457 338 haec
1478 301 1593 340 sacia-

138 372 233 405 mus,
254 366 292 397 et
319 359 412 397 illud
435 360 644 405 videamus,
675 362 706 397 si
741 360 904 398 maxime
932 359 997 410 qui
1030 361 1179 397 obirent
1208 375 1369 400 munera
1400 362 1595 409 deessent,

137 430 266 461 utrum
295 430 509 473 praestaret,
528 423 687 460 aedilitia
707 435 866 460 munera
885 422 1169 466 collationibus,
1190 424 1517 471 quemadmodum
1538 425 1597 462 in-

135 485 364 522 structiones
395 485 614 529 triremium,
646 484 739 530 fieri,
772 496 822 526 an
854 483 902 520 de
937 482 1135 532 republica
1154 483 1399 522 benemeritis
1420 485 1484 522 illa
1502 486 1598 537 eripi

135 559 223 596 quae
244 545 516 584 dedissemus?
545 545 726 595 equidem
748 544 843 581 illud
864 556 937 594 ego
958 544 1190 581 censuerim.
1251 544 1450 595 Siquidem
1479 561 1596 593 nunc,

135 621 213 658 quo
233 615 404 659 tempore
424 600 568 644 horum'
581 607 741 656 quisque
770 605 930 643 aedilitia
961 618 1121 643 munera
1150 612 1312 652 curaret,
1333 606 1407 643 illis
1429 609 1597 645 cessatio

136 676 285 707 tantum
305 668 484 719 quaedam
507 667 798 711 concederetur,
817 673 908 717 post
936 673 1112 718 sumptus
1144 680 1212 718 pro
1236 681 1279 706 se
1307 668 1446 718 cuique
1478 669 1599 708 nihilo

137 731 304 768 minores
321 729 502 767 facturis:
534 735 611 766 tum
633 741 736 774 vero,
773 741 891 779 parva
920 728 1111 766 duntaxat
1142 728 1352 767 collatione
1382 742 1405 767 a
1440 730 1600 780 singulis

136 793 184 830 de
205 805 245 829 re
261 804 333 829 sua
347 790 521 829 familiari
542 790 658 837 facta,
679 803 792 828 nemo
812 797 872 828 est
892 792 957 841 qui
972 791 1121 829 onerari
1142 804 1184 829 se
1205 792 1339 830 merito
1359 799 1597 842 quereretur,

134 854 380 905 quantumvis
401 867 441 892 re
461 854 566 891 tenui
585 860 701 892 esset.

189 918 222 953 8.
257 916 478 963 Enimvero,
499 915 772 961 Athenienses,
792 922 902 954 tanta
921 921 982 953 est
1003 916 1244 965 quorundam
1275 917 1539 968 incogitantia,
1555 926 1600 957 ut

134 977 222 1015 baec
251 990 340 1028 quae
370 977 551 1027 diximus,
571 976 695 1015 surdis
717 977 823 1014 velut
847 976 1002 1014 auribus
1031 984 1271 1027 praetereant,
1292 985 1331 1016 et
1363 980 1438 1017 alia
1466 981 1599 1019 nescio

135 1053 223 1091 quae
243 1040 464 1077 inculcent:
493 1039 774 1090 perabsurdum
795 1039 1006 1089 (inquiunt)
1026 1039 1153 1084 fuerit,
1170 1052 1334 1091 magnas
1355 1054 1441 1079 esse
1460 1043 1598 1079 immu-

137 1102 301 1139 nitatum
322 1101 423 1139 male
442 1108 554 1152 parto
573 1101 776 1147 beneficio,
796 1101 1032 1151 privatorum
1049 1113 1141 1151 opes
1159 1107 1199 1139 et
1218 1102 1363 1153 copias,
1379 1104 1513 1141 aerario
1533 1117 1599 1142 ex-

135 1164 277 1202 hausto
297 1170 337 1201 et
355 1175 491 1201 vacuo.
530 1163 678 1201 Verum
705 1169 910 1213 utrumque
929 1163 1004 1200 hoc
1022 1163 1129 1201 nulla
1149 1177 1237 1202 cum
1262 1164 1411 1203 ratione
1432 1173 1499 1204 aut
1512 1167 1600 1217 jure

136 1225 286 1263 dicitur.
332 1225 434 1262 Nam
458 1224 489 1263 si
508 1225 593 1275 quis
615 1238 655 1263 re
675 1225 782 1264 lauta
801 1231 872 1268 est,
895 1226 977 1262 sine
997 1224 1137 1276 injuria
1164 1226 1388 1277 reipublicae
1408 1241 1485 1266 non
1509 1241 1600 1279 pro-

136 1287 238 1325 fecto
258 1292 319 1323 est
336 1285 391 1323 illi
410 1285 678 1331 invidendum,
703 1286 759 1323 sin
780 1286 984 1337 peculatus
1006 1294 1187 1337 arguunt,
1208 1294 1274 1326 aut
1294 1289 1434 1340 alioqui
1455 1289 1602 1328 crimini

136 1349 245 1393 dant,
268 1360 346 1385 non
367 1354 471 1385 recte
492 1354 531 1385 et
539 1347 627 1399 jure
646 1347 848 1398 possidere
869 1360 956 1398 quae
972 1347 1125 1393 habeat,
1146 1348 1254 1399 leges
1281 1357 1382 1397 sunt,
1403 1351 1543 1402 quibus
1563 1352 1602 1390 in

136 1423 224 1448 eum
245 1409 496 1448 animadverti
523 1410 716 1447 convenit.
760 1410 887 1452 Quam
914 1409 977 1447 isti
1003 1409 1192 1448 rationem
1213 1411 1244 1448 si
1264 1411 1499 1464 defugerim,
1527 1415 1602 1452 ista

135 1473 310 1511 oratione
330 1471 385 1508 uti
414 1483 490 1509 non
512 1471 724 1509 debebunt.
755 1471 846 1509 Jam
867 1470 971 1522 quod
992 1470 1041 1509 ad
1060 1471 1157 1509 illud
1181 1472 1318 1511 attinet
1335 1474 1384 1512 de
1406 1475 1600 1515 exhausto

134 1534 281 1580 aerario,
295 1533 467 1583 cogitare
483 1533 644 1578 debetis,
663 1545 732 1572 vos
752 1532 873 1570 nihilo
885 1533 1120 1584 copiosiores
1139 1534 1232 1581 fore,
1248 1536 1442 1587 abrogatis
1463 1538 1601 1578 immu-

136 1595 333 1633 nitatibus.
376 1594 460 1632 Nec
488 1595 587 1633 enirn
611 1595 673 1632 isti
702 1601 878 1646 sumptus
910 1606 1000 1633 cum
1026 1596 1189 1646 publicis
1208 1598 1462 1650 vectigalibus
1496 1613 1601 1640 com-

136 1668 254 1695 mune
284 1655 492 1708 quicquam
520 1656 678 1695 habent.
721 1656 918 1695 Praeterea
946 1670 1036 1696 cum
1069 1670 1174 1696 nunc
1205 1661 1424 1712 respublica
1450 1663 1601 1703 duobus

136 1718 330 1771 praecipue
350 1718 463 1756 bonis
483 1718 630 1762 floreat,
652 1718 790 1770 opibus
811 1725 852 1757 et
869 1718 946 1757 fide
965 1719 1069 1770 apud
1089 1733 1236 1767 omnes,
1257 1723 1382 1774 majus
1402 1724 1498 1763 illud
1528 1733 1602 1773 est,

137 1780 243 1833 quod
259 1779 308 1819 de
328 1780 404 1818 fide
423 1787 559 1818 nostra
572 1792 686 1818 nemo
704 1780 870 1819 dubitat.
907 1780 947 1818 Si
959 1781 1043 1832 quis
1060 1788 1190 1820 autem
1204 1783 1242 1820 in
1263 1797 1309 1822 ea
1328 1792 1389 1823 est
1407 1787 1603 1838 opinione,

136 1848 181 1880 ut
199 1841 404 1887 existimet,
426 1841 517 1893 quia
535 1842 700 1893 pecunia
718 1843 829 1881 nobis
856 1842 968 1890 desit,
988 1843 1104 1881 etiam
1131 1844 1335 1884 honestam
1353 1847 1495 1886 famam
1515 1862 1603 1887 esse

135 1903 426 1956 negligendam,
446 1903 480 1941 is
499 1903 616 1955 longe
629 1904 786 1943 fallitur.
817 1904 920 1942 Nam
935 1917 1009 1956 ego
1024 1906 1180 1957 quidem
1196 1919 1219 1944 a
1235 1907 1306 1946 diis
1322 1909 1604 1950 immortalibus

135 1976 288 2018 precor,
307 1972 352 2004 ut
368 1965 485 2004 etiam
504 1966 680 2004 aerarium
697 1965 910 2004 habeamus
931 1966 1131 2017 locuples:
1162 1968 1269 2019 quod
1293 1969 1325 2007 si
1351 1969 1432 2008 fieri
1454 1972 1603 2022 nequit,

136 2027 234 2065 illud
253 2025 390 2066 saltem
408 2026 642 2065 retineamus
657 2032 702 2065 ut
717 2027 836 2066 fidem
851 2028 1186 2080 constantiamque
1201 2037 1375 2069 nostram
1390 2033 1608 2083 praedicent

136 2088 318 2127 universi.
364 2089 450 2139 Age
477 2101 569 2126 vero
588 2089 694 2139 quod
724 2089 787 2128 isti
815 2089 963 2137 dicunt,
992 2103 1154 2142 magnas
1181 2105 1267 2131 esse
1298 2093 1428 2145 copias
1457 2108 1604 2145 eorum,

138 2150 206 2202 qui
224 2151 412 2188 immunes
433 2149 523 2196 sint,
550 2150 622 2188 has
652 2151 758 2202 ipsas
786 2151 1096 2190 demonstremus
1125 2153 1163 2190 in
1189 2155 1439 2193 commodum
1468 2157 1606 2197 cedere

136 2211 373 2263 reipublicae;
403 2209 491 2249 Nec
520 2211 624 2249 enim
650 2211 728 2250 hoc
746 2213 855 2250 vobis
886 2214 1065 2264 ignotum
1092 2221 1165 2261 est,
1191 2217 1312 2253 teneri
1330 2229 1465 2255 omnes
1492 2226 1531 2256 et
1552 2219 1604 2258 ad

136 2273 308 2312 triremes
326 2272 590 2320 instruendas,
610 2279 652 2310 et
670 2274 720 2311 ad
739 2274 885 2311 tributa
901 2274 992 2312 belli
1010 2276 1248 2326 temporibus
1266 2278 1516 2326 conferenda,
1530 2294 1604 2321 nec

136 2334 258 2373 ullam
273 2334 354 2386 ejus
375 2346 462 2372 esse
481 2334 536 2372 rei
556 2334 850 2372 immunitatem.
872 2335 1003 2378 Quare
1021 2335 1094 2374 iste
1111 2338 1249 2388 opibus
1265 2339 1484 2388 abundans,
1498 2343 1605 2393 quis—
1663 2352 1669 2357 '

137 2395 225 2447 quis
239 2395 302 2443 sit,
321 2395 403 2433 fieri
422 2396 580 2433 omnino
599 2395 710 2433 aliter
728 2407 807 2434 non
827 2403 967 2447 potest,
987 2398 1080 2448 quin
1095 2399 1259 2438 multum
1274 2401 1324 2439 ad
1345 2414 1410 2440 eas
1428 2416 1489 2441 res
1509 2416 1603 2443 con-

137 2457 248 2495 ferat.
279 2455 380 2495 Esse
400 2462 529 2495 autem
547 2455 770 2508 reipublicae
790 2458 958 2497 maxima
974 2459 1112 2497 harum
1130 2473 1257 2499 reru-m
1278 2463 1452 2502 subsidia
1471 2476 1604 2505 neees-

138 2518 253 2565 saria,
272 2517 558 2557 confitebuntur
577 2529 723 2559 omnes.
773 2519 890 2566 Nam,
914 2533 1002 2571 quae
1021 2534 1070 2559 ex
1089 2523 1340 2574 apparatione
1359 2527 1604 2578 popularium

138 2591 347 2619 munerum
358 2579 530 2618 delinitio
549 2588 812 2632 spectatorum
826 2583 960 2634 oritur,
981 2584 1031 2622 ad
1044 2585 1160 2623 breve
1174 2586 1436 2639 exiguumque
1450 2595 1602 2642 tempus

140 2643 274 2681 durat:
304 2641 428 2693 copiae
445 2652 537 2680 vero
562 2643 715 2682 bellicae
733 2652 922 2697 perpetuo
942 2645 1012 2684 toti
1031 2646 1255 2699 reipublicae
1282 2658 1374 2688 sunt
1400 2651 1603 2690 salutares.

138 2704 271 2748 Quare
290 2702 477 2755 quicquid
495 2703 558 2742 hic
577 2700 797 2745 detrahenti
816 2707 969 2760 capitis,
990 2707 1031 2746 id
1054 2709 1133 2748 illic
1160 2709 1270 2749 lucro
1288 2710 1408 2763 longe
1427 2713 1603 2753 uberiore

138 2773 344 2818 pensatur:
375 2771 414 2803 et
440 2775 509 2816 per
532 2765 691 2806 honoris
717 2769 891 2821 speciem
914 2781 963 2809 ea
984 2770 1160 2819 tribuitis,
1188 2784 1276 2824 quae
1304 2772 1406 2811 ultro
1435 2774 1507 2812 sibi
1536 2789 1601 2814 su·

139 2839 244 2866 mere
264 2839 309 2866 ac
328 2839 514 2878 usurpare
531 2836 697 2879 possunt
713 2830 768 2879 hi,
798 2844 965 2884 quorum
987 2839 1107 2872 tantae
1126 2833 1334 2873 facultates
1355 2841 1446 2874 sunt
1463 2842 1507 2875 ut
1537 2837 1603 2877 tri—

140 2889 308 2929 remibus
337 2890 582 2929 instruendis
605 2904 717 2942 pares
741 2893 830 2932 sint.
879 2894 935 2934 Ut
951 2901 1079 2935 autem
1097 2896 1164 2934 illo
1183 2909 1341 2935 munere
1364 2905 1525 2937 constet
1536 2913 1603 2940 va-

142 2964 229 2990 care
246 2953 453 3000 neminem,
473 2952 544 2991 etsi
563 2952 770 3006 plerosque
796 2962 969 2997 vestrum
992 2957 1033 2997 id
1050 2964 1164 2997 antea
1184 2957 1273 2997 satis
1296 2958 1393 2998 scire
1416 2961 1600 3008 arbitron
