<?xml version="1.0" encoding="UTF-8"?>
<!DOCTYPE html PUBLIC "-//W3C//DTD XHTML 1.0 Transitional//EN"
    "http://www.w3.org/TR/xhtml1/DTD/xhtml1-transitional.dtd">
<html xmlns="http://www.w3.org/1999/xhtml" xml:lang="en" lang="en">
 <head>
  <title>
</title>
<meta http-equiv="Content-Type" content="text/html;charset=utf-8" />
  <meta name='ocr-system' content='tesseract 3.04.00' />
  <meta name='ocr-capabilities' content='ocr_page ocr_carea ocr_par ocr_line ocrx_word'/>
</head>
<body>
  <div class='ocr_page' id='page_1' title='image "./oratoresatticie15dobs_0271.png"; bbox 0 0 1923 3149; ppageno 0'>
   <div class='ocr_carea' id='block_1_1' title="bbox 427 205 1611 246">
    <p class='ocr_par' dir='ltr' id='par_1_1' title="bbox 427 205 1611 246">
     <span class='ocr_line' id='line_1_1' title="bbox 427 205 1611 246; baseline 0.003 -3"><span class='ocrx_word' id='word_1_1' title='bbox 427 205 501 243; x_wconf 89' lang='lat' dir='ltr'><strong>DE</strong></span> <span class='ocrx_word' id='word_1_2' title='bbox 542 206 696 245; x_wconf 93' lang='lat' dir='ltr'><strong>MALE</strong></span> <span class='ocrx_word' id='word_1_3' title='bbox 725 207 905 246; x_wconf 90' lang='lat' dir='ltr'><strong>GESTA</strong></span> <span class='ocrx_word' id='word_1_4' title='bbox 939 207 1270 246; x_wconf 85' lang='lat' dir='ltr'><strong>LEGATIONE.</strong></span> <span class='ocrx_word' id='word_1_5' title='bbox 1532 209 1611 246; x_wconf 83' lang='lat'><strong>255</strong></span> 
     </span>
    </p>
   </div>
   <div class='ocr_carea' id='block_1_2' title="bbox 136 308 1634 2699">
    <p class='ocr_par' dir='ltr' id='par_1_2' title="bbox 141 308 1604 548">
     <span class='ocr_line' id='line_1_2' title="bbox 142 308 1602 361; baseline 0.001 -15"><span class='ocrx_word' id='word_1_6' title='bbox 142 308 259 351; x_wconf 83' lang='lat' dir='ltr'><strong>Quod</strong></span> <span class='ocrx_word' id='word_1_7' title='bbox 289 315 334 346; x_wconf 92' lang='lat' dir='ltr'><strong>ut</strong></span> <span class='ocrx_word' id='word_1_8' title='bbox 365 311 536 348; x_wconf 87' lang='lat' dir='ltr'><strong>convivae</strong></span> <span class='ocrx_word' id='word_1_9' title='bbox 564 311 806 357; x_wconf 89' lang='lat' dir='ltr'><strong>audiverunt,</strong></span> <span class='ocrx_word' id='word_1_10' title='bbox 833 316 966 349; x_wconf 87' lang='lat' dir='ltr'><strong>tantus</strong></span> <span class='ocrx_word' id='word_1_11' title='bbox 1003 311 1175 361; x_wconf 88' lang='lat' dir='ltr'><strong>plausus,</strong></span> <span class='ocrx_word' id='word_1_12' title='bbox 1208 317 1317 349; x_wconf 88' lang='lat' dir='ltr'><strong>tanta</strong></span> <span class='ocrx_word' id='word_1_13' title='bbox 1353 309 1602 355; x_wconf 85' lang='lat' dir='ltr'>collaudatio,</span> 
     </span>
     <span class='ocr_line' id='line_1_3' title="bbox 141 372 1604 424; baseline 0.001 -17"><span class='ocrx_word' id='word_1_14' title='bbox 141 376 270 408; x_wconf 90' lang='lat' dir='ltr'><strong>tantus</strong></span> <span class='ocrx_word' id='word_1_15' title='bbox 290 373 477 410; x_wconf 88' lang='lat' dir='ltr'><strong>tumultus</strong></span> <span class='ocrx_word' id='word_1_16' title='bbox 494 374 683 411; x_wconf 88' lang='lat' dir='ltr'><strong>excitatus</strong></span> <span class='ocrx_word' id='word_1_17' title='bbox 702 380 762 411; x_wconf 89' lang='lat' dir='ltr'><strong>est</strong></span> <span class='ocrx_word' id='word_1_18' title='bbox 781 373 828 412; x_wconf 89' lang='lat' dir='ltr'><strong>ab</strong></span> <span class='ocrx_word' id='word_1_19' title='bbox 849 372 1040 419; x_wconf 87' lang='lat' dir='ltr'><strong>omnibus,</strong></span> <span class='ocrx_word' id='word_1_20' title='bbox 1060 379 1104 410; x_wconf 90' lang='lat' dir='ltr'><strong>ut</strong></span> <span class='ocrx_word' id='word_1_21' title='bbox 1132 372 1336 424; x_wconf 85' lang='lat' dir='ltr'><strong>Philippus</strong></span> <span class='ocrx_word' id='word_1_22' title='bbox 1364 372 1604 409; x_wconf 83' lang='lat' dir='ltr'><strong>humanitate</strong></span> 
     </span>
     <span class='ocr_line' id='line_1_4' title="bbox 141 433 1604 486; baseline 0.001 -16"><span class='ocrx_word' id='word_1_23' title='bbox 141 440 268 471; x_wconf 85' lang='lat' dir='ltr'><strong>motus</strong></span> <span class='ocrx_word' id='word_1_24' title='bbox 290 436 532 473; x_wconf 78' lang='lat' dir='ltr'>concederet.</span> <span class='ocrx_word' id='word_1_25' title='bbox 564 436 797 486; x_wconf 84' lang='lat' dir='ltr'><strong>Quanquam</strong></span> <span class='ocrx_word' id='word_1_26' title='bbox 824 447 871 473; x_wconf 87' lang='lat' dir='ltr'><strong>ex</strong></span> <span class='ocrx_word' id='word_1_27' title='bbox 888 434 1199 472; x_wconf 87' lang='lat' dir='ltr'><strong>interfectoribus</strong></span> <span class='ocrx_word' id='word_1_28' title='bbox 1226 433 1454 477; x_wconf 86' lang='lat' dir='ltr'><strong>Alexandri,</strong></span> <span class='ocrx_word' id='word_1_29' title='bbox 1478 433 1604 471; x_wconf 83' lang='lat' dir='ltr'><strong>fratris</strong></span> 
     </span>
     <span class='ocr_line' id='line_1_5' title="bbox 142 493 851 548; baseline 0.003 -18"><span class='ocrx_word' id='word_1_30' title='bbox 142 493 324 546; x_wconf 88' lang='lat' dir='ltr'><strong>Philippi,</strong></span> <span class='ocrx_word' id='word_1_31' title='bbox 346 497 519 534; x_wconf 87' lang='lat' dir='ltr'><strong>fueratis</strong></span> <span class='ocrx_word' id='word_1_32' title='bbox 543 497 851 548; x_wconf 86' lang='lat' dir='ltr'><strong>Apollophanes.</strong></span> 
     </span>
    </p>

    <p class='ocr_par' dir='ltr' id='par_1_3' title="bbox 136 553 1634 2699">
     <span class='ocr_line' id='line_1_6' title="bbox 198 553 1606 608; baseline -0.001 -15"><span class='ocrx_word' id='word_1_33' title='bbox 198 558 262 594; x_wconf 82' lang='lat'><strong>59.</strong></span> <span class='ocrx_word' id='word_1_34' title='bbox 293 558 422 608; x_wconf 85' lang='lat' dir='ltr'><strong>Agite,</strong></span> <span class='ocrx_word' id='word_1_35' title='bbox 442 557 684 596; x_wconf 86' lang='lat' dir='ltr'><strong>conferamus</strong></span> <span class='ocrx_word' id='word_1_36' title='bbox 706 571 794 596; x_wconf 91' lang='lat' dir='ltr'><strong>cum</strong></span> <span class='ocrx_word' id='word_1_37' title='bbox 812 557 887 595; x_wconf 89' lang='lat' dir='ltr'><strong>hoc</strong></span> <span class='ocrx_word' id='word_1_38' title='bbox 909 557 1036 608; x_wconf 89' lang='lat' dir='ltr'><strong>Satyri</strong></span> <span class='ocrx_word' id='word_1_39' title='bbox 1055 555 1245 605; x_wconf 84' lang='lat' dir='ltr'><strong>convivio,</strong></span> <span class='ocrx_word' id='word_1_40' title='bbox 1267 553 1370 593; x_wconf 91' lang='lat' dir='ltr'><strong>aliud</strong></span> <span class='ocrx_word' id='word_1_41' title='bbox 1388 554 1606 592; x_wconf 88' lang='lat' dir='ltr'><strong>convivium</strong></span> 
     </span>
     <span class='ocr_line' id='line_1_7' title="bbox 140 616 1610 670; baseline 0.001 -17"><span class='ocrx_word' id='word_1_42' title='bbox 140 616 303 655; x_wconf 87' lang='lat' dir='ltr'><strong>istorum</strong></span> <span class='ocrx_word' id='word_1_43' title='bbox 319 620 357 657; x_wconf 92' lang='lat' dir='ltr'><strong>in</strong></span> <span class='ocrx_word' id='word_1_44' title='bbox 380 619 615 657; x_wconf 86' lang='lat' dir='ltr'><strong>Macedonia</strong></span> <span class='ocrx_word' id='word_1_45' title='bbox 636 620 896 657; x_wconf 88' lang='lat' dir='ltr'><strong>celebratum:</strong></span> <span class='ocrx_word' id='word_1_46' title='bbox 926 625 971 655; x_wconf 88' lang='lat' dir='ltr'><strong>ut</strong></span> <span class='ocrx_word' id='word_1_47' title='bbox 998 618 1196 670; x_wconf 83' lang='lat' dir='ltr'><strong>spectetis,</strong></span> <span class='ocrx_word' id='word_1_48' title='bbox 1219 630 1266 655; x_wconf 89' lang='lat' dir='ltr'><strong>an</strong></span> <span class='ocrx_word' id='word_1_49' title='bbox 1289 616 1439 667; x_wconf 88' lang='lat' dir='ltr'><strong>aequale</strong></span> <span class='ocrx_word' id='word_1_50' title='bbox 1459 616 1549 654; x_wconf 89' lang='lat' dir='ltr'><strong>huic</strong></span> <span class='ocrx_word' id='word_1_51' title='bbox 1568 623 1610 654; x_wconf 87' lang='lat' dir='ltr'><strong>et</strong></span> 
     </span>
     <span class='ocr_line' id='line_1_8' title="bbox 143 676 1608 731; baseline -0.001 -15"><span class='ocrx_word' id='word_1_52' title='bbox 143 679 265 718; x_wconf 86' lang='lat' dir='ltr'><strong>simile</strong></span> <span class='ocrx_word' id='word_1_53' title='bbox 278 680 464 718; x_wconf 88' lang='lat' dir='ltr'><strong>videatur.</strong></span> <span class='ocrx_word' id='word_1_54' title='bbox 497 680 649 717; x_wconf 90' lang='lat' dir='ltr'><strong>Invitati</strong></span> <span class='ocrx_word' id='word_1_55' title='bbox 663 681 724 717; x_wconf 92' lang='lat' dir='ltr'><strong>isti</strong></span> <span class='ocrx_word' id='word_1_56' title='bbox 739 680 788 717; x_wconf 92' lang='lat' dir='ltr'><strong>ad</strong></span> <span class='ocrx_word' id='word_1_57' title='bbox 809 680 1122 731; x_wconf 84' lang='lat' dir='ltr'><strong>Xenophronem‚</strong></span> <span class='ocrx_word' id='word_1_58' title='bbox 1139 677 1329 716; x_wconf 83' lang='lat' dir='ltr'><strong>Phaedimi</strong></span> <span class='ocrx_word' id='word_1_59' title='bbox 1342 677 1476 724; x_wconf 87' lang='lat' dir='ltr'><strong>filium,</strong></span> <span class='ocrx_word' id='word_1_60' title='bbox 1494 676 1608 715; x_wconf 92' lang='lat' dir='ltr'><strong>unius</strong></span> 
     </span>
     <span class='ocr_line' id='line_1_9' title="bbox 140 737 1609 792; baseline -0.001 -14"><span class='ocrx_word' id='word_1_61' title='bbox 140 753 161 778; x_wconf 86' lang='lat' dir='ltr'><strong>e</strong></span> <span class='ocrx_word' id='word_1_62' title='bbox 179 742 335 791; x_wconf 86' lang='lat' dir='ltr'><strong>triginta</strong></span> <span class='ocrx_word' id='word_1_63' title='bbox 349 741 535 792; x_wconf 85' lang='lat' dir='ltr'><strong>tyrannis,</strong></span> <span class='ocrx_word' id='word_1_64' title='bbox 551 753 712 792; x_wconf 88' lang='lat' dir='ltr'><strong>propere</strong></span> <span class='ocrx_word' id='word_1_65' title='bbox 728 741 918 785; x_wconf 88' lang='lat' dir='ltr'><strong>abierunt,</strong></span> <span class='ocrx_word' id='word_1_66' title='bbox 941 754 1014 791; x_wconf 83' lang='lat' dir='ltr'><strong>ego</strong></span> <span class='ocrx_word' id='word_1_67' title='bbox 1027 754 1116 778; x_wconf 88' lang='lat' dir='ltr'><strong>vero</strong></span> <span class='ocrx_word' id='word_1_68' title='bbox 1132 753 1209 777; x_wconf 90' lang='lat' dir='ltr'><strong>non</strong></span> <span class='ocrx_word' id='word_1_69' title='bbox 1222 738 1310 777; x_wconf 90' lang='lat' dir='ltr'><strong>abii.</strong></span> <span class='ocrx_word' id='word_1_70' title='bbox 1342 739 1396 776; x_wconf 92' lang='lat' dir='ltr'><strong>Ut</strong></span> <span class='ocrx_word' id='word_1_71' title='bbox 1414 745 1544 777; x_wconf 86' lang='lat' dir='ltr'><strong>autem</strong></span> <span class='ocrx_word' id='word_1_72' title='bbox 1558 737 1609 776; x_wconf 89' lang='lat' dir='ltr'><strong>ad</strong></span> 
     </span>
     <span class='ocr_line' id='line_1_10' title="bbox 140 799 1610 852; baseline -0.001 -13"><span class='ocrx_word' id='word_1_73' title='bbox 140 802 282 852; x_wconf 89' lang='lat' dir='ltr'><strong>pocula</strong></span> <span class='ocrx_word' id='word_1_74' title='bbox 299 808 454 839; x_wconf 86' lang='lat' dir='ltr'><strong>ventum</strong></span> <span class='ocrx_word' id='word_1_75' title='bbox 475 809 549 848; x_wconf 89' lang='lat' dir='ltr'><strong>est,</strong></span> <span class='ocrx_word' id='word_1_76' title='bbox 562 802 771 840; x_wconf 85' lang='lat' dir='ltr'><strong>introducit</strong></span> <span class='ocrx_word' id='word_1_77' title='bbox 790 802 823 840; x_wconf 90' lang='lat' dir='ltr'><strong>is</strong></span> <span class='ocrx_word' id='word_1_78' title='bbox 836 802 1033 840; x_wconf 87' lang='lat' dir='ltr'><strong>mulierem</strong></span> <span class='ocrx_word' id='word_1_79' title='bbox 1054 801 1250 851; x_wconf 88' lang='lat' dir='ltr'><strong>quandam</strong></span> <span class='ocrx_word' id='word_1_80' title='bbox 1271 799 1511 850; x_wconf 89' lang='lat' dir='ltr'><strong>Olynthiam,</strong></span> <span class='ocrx_word' id='word_1_81' title='bbox 1531 800 1610 837; x_wconf 88' lang='lat' dir='ltr'><strong>for-</strong></span> 
     </span>
     <span class='ocr_line' id='line_1_11' title="bbox 141 860 1610 914; baseline -0.001 -15"><span class='ocrx_word' id='word_1_82' title='bbox 141 875 288 901; x_wconf 85' lang='lat' dir='ltr'><strong>mosam</strong></span> <span class='ocrx_word' id='word_1_83' title='bbox 309 863 462 913; x_wconf 92' lang='lat' dir='ltr'><strong>quidem</strong></span> <span class='ocrx_word' id='word_1_84' title='bbox 486 863 606 908; x_wconf 91' lang='lat' dir='ltr'><strong>illam,</strong></span> <span class='ocrx_word' id='word_1_85' title='bbox 628 863 698 901; x_wconf 88' lang='lat' dir='ltr'><strong>sed</strong></span> <span class='ocrx_word' id='word_1_86' title='bbox 721 863 932 914; x_wconf 84' lang='lat' dir='ltr'><strong>ingenuam</strong></span> <span class='ocrx_word' id='word_1_87' title='bbox 951 869 989 901; x_wconf 88' lang='lat' dir='ltr'><strong>et</strong></span> <span class='ocrx_word' id='word_1_88' title='bbox 1015 862 1245 906; x_wconf 73' lang='lat' dir='ltr'><strong>modestam,</strong></span> <span class='ocrx_word' id='word_1_89' title='bbox 1267 867 1310 897; x_wconf 89' lang='lat' dir='ltr'><strong>ut</strong></span> <span class='ocrx_word' id='word_1_90' title='bbox 1328 860 1453 898; x_wconf 83' lang='lat' dir='ltr'><strong>exitus</strong></span> <span class='ocrx_word' id='word_1_91' title='bbox 1480 860 1610 898; x_wconf 86' lang='lat' dir='ltr'><strong>decla-</strong></span> 
     </span>
     <span class='ocr_line' id='line_1_12' title="bbox 140 922 1611 975; baseline -0.001 -15"><span class='ocrx_word' id='word_1_92' title='bbox 140 923 251 961; x_wconf 85' lang='lat' dir='ltr'><strong>ravit.</strong></span> <span class='ocrx_word' id='word_1_93' title='bbox 274 924 369 961; x_wconf 91' lang='lat' dir='ltr'><strong>Eam</strong></span> <span class='ocrx_word' id='word_1_94' title='bbox 385 925 548 975; x_wconf 91' lang='lat' dir='ltr'><strong>primum</strong></span> <span class='ocrx_word' id='word_1_95' title='bbox 562 925 693 962; x_wconf 87' lang='lat' dir='ltr'><strong>bibere</strong></span> <span class='ocrx_word' id='word_1_96' title='bbox 707 924 893 975; x_wconf 91' lang='lat' dir='ltr'><strong>paulatim</strong></span> <span class='ocrx_word' id='word_1_97' title='bbox 909 925 1115 974; x_wconf 85' lang='lat' dir='ltr'><strong>cogebant,</strong></span> <span class='ocrx_word' id='word_1_98' title='bbox 1129 929 1245 973; x_wconf 90' lang='lat' dir='ltr'><strong>atque</strong></span> <span class='ocrx_word' id='word_1_99' title='bbox 1255 922 1368 960; x_wconf 89' lang='lat' dir='ltr'><strong>edere</strong></span> <span class='ocrx_word' id='word_1_100' title='bbox 1381 922 1467 970; x_wconf 90' lang='lat' dir='ltr'><strong>(nisi</strong></span> <span class='ocrx_word' id='word_1_101' title='bbox 1484 922 1611 969; x_wconf 88' lang='lat' dir='ltr'><strong>fallor)</strong></span> 
     </span>
     <span class='ocr_line' id='line_1_13' title="bbox 140 984 1609 1036; baseline -0.001 -14"><span class='ocrx_word' id='word_1_102' title='bbox 140 984 216 1030; x_wconf 90' lang='lat' dir='ltr'><strong>isti,</strong></span> <span class='ocrx_word' id='word_1_103' title='bbox 237 992 280 1022; x_wconf 90' lang='lat' dir='ltr'><strong>ut</strong></span> <span class='ocrx_word' id='word_1_104' title='bbox 307 984 399 1022; x_wconf 87' lang='lat' dir='ltr'><strong>mihi</strong></span> <span class='ocrx_word' id='word_1_105' title='bbox 418 985 604 1036; x_wconf 89' lang='lat' dir='ltr'><strong>postridie</strong></span> <span class='ocrx_word' id='word_1_106' title='bbox 631 985 818 1023; x_wconf 84' lang='lat' dir='ltr'><strong>Iatrocles</strong></span> <span class='ocrx_word' id='word_1_107' title='bbox 838 985 1029 1023; x_wconf 86' lang='lat' dir='ltr'><strong>narravit:</strong></span> <span class='ocrx_word' id='word_1_108' title='bbox 1063 991 1107 1021; x_wconf 91' lang='lat' dir='ltr'><strong>ut</strong></span> <span class='ocrx_word' id='word_1_109' title='bbox 1126 991 1256 1022; x_wconf 90' lang='lat' dir='ltr'><strong>autem</strong></span> <span class='ocrx_word' id='word_1_110' title='bbox 1275 996 1337 1021; x_wconf 90' lang='lat' dir='ltr'><strong>res</strong></span> <span class='ocrx_word' id='word_1_111' title='bbox 1356 984 1609 1034; x_wconf 89' lang='lat' dir='ltr'><strong>procedebat,</strong></span> 
     </span>
     <span class='ocr_line' id='line_1_14' title="bbox 141 1044 1610 1097; baseline -0.001 -14"><span class='ocrx_word' id='word_1_112' title='bbox 141 1052 181 1083; x_wconf 88' lang='lat' dir='ltr'><strong>et</strong></span> <span class='ocrx_word' id='word_1_113' title='bbox 200 1059 306 1084; x_wconf 89' lang='lat' dir='ltr'><strong>mero</strong></span> <span class='ocrx_word' id='word_1_114' title='bbox 335 1047 624 1085; x_wconf 87' lang='lat' dir='ltr'><strong>incalescebant</strong></span> <span class='ocrx_word' id='word_1_115' title='bbox 647 1047 777 1092; x_wconf 88' lang='lat' dir='ltr'><strong>animi,</strong></span> <span class='ocrx_word' id='word_1_116' title='bbox 803 1047 988 1091; x_wconf 88' lang='lat' dir='ltr'><strong>assidere,</strong></span> <span class='ocrx_word' id='word_1_117' title='bbox 1016 1052 1131 1097; x_wconf 84' lang='lat' dir='ltr'><strong>atque</strong></span> <span class='ocrx_word' id='word_1_118' title='bbox 1158 1046 1274 1083; x_wconf 91' lang='lat' dir='ltr'><strong>etiam</strong></span> <span class='ocrx_word' id='word_1_119' title='bbox 1299 1044 1445 1095; x_wconf 91' lang='lat' dir='ltr'><strong>aliquid</strong></span> <span class='ocrx_word' id='word_1_120' title='bbox 1473 1058 1610 1083; x_wconf 86' lang='lat' dir='ltr'><strong>canere</strong></span> 
     </span>
     <span class='ocr_line' id='line_1_15' title="bbox 136 1105 1634 1159; baseline -0.001 -15"><span class='ocrx_word' id='word_1_121' title='bbox 136 1107 341 1155; x_wconf 88' lang='lat' dir='ltr'><strong>jubebant.</strong></span> <span class='ocrx_word' id='word_1_122' title='bbox 390 1108 593 1146; x_wconf 89' lang='lat' dir='ltr'><strong>AEstuante</strong></span> <span class='ocrx_word' id='word_1_123' title='bbox 621 1108 794 1154; x_wconf 87' lang='lat' dir='ltr'><strong>muliere,</strong></span> <span class='ocrx_word' id='word_1_124' title='bbox 823 1115 868 1146; x_wconf 92' lang='lat' dir='ltr'><strong>ut</strong></span> <span class='ocrx_word' id='word_1_125' title='bbox 900 1121 987 1159; x_wconf 86' lang='lat' dir='ltr'><strong>quae</strong></span> <span class='ocrx_word' id='word_1_126' title='bbox 1016 1120 1143 1158; x_wconf 84' lang='lat' dir='ltr'><strong>neque</strong></span> <span class='ocrx_word' id='word_1_127' title='bbox 1175 1106 1306 1153; x_wconf 88' lang='lat' dir='ltr'><strong>vellet,</strong></span> <span class='ocrx_word' id='word_1_128' title='bbox 1333 1119 1460 1156; x_wconf 89' lang='lat' dir='ltr'><strong>neque</strong></span> <span class='ocrx_word' id='word_1_129' title='bbox 1481 1105 1634 1150; x_wconf 67' lang='lat' dir='ltr'><strong>sciret,-</strong></span> 
     </span>
     <span class='ocr_line' id='line_1_16' title="bbox 142 1167 1610 1221; baseline -0.001 -15"><span class='ocrx_word' id='word_1_130' title='bbox 142 1169 411 1207; x_wconf 80' lang='lat' dir='ltr'><strong>contumeliam</strong></span> <span class='ocrx_word' id='word_1_131' title='bbox 433 1170 468 1207; x_wconf 88' lang='lat' dir='ltr'><strong>id</strong></span> <span class='ocrx_word' id='word_1_132' title='bbox 492 1170 639 1207; x_wconf 86' lang='lat' dir='ltr'><strong>factum</strong></span> <span class='ocrx_word' id='word_1_133' title='bbox 659 1170 959 1221; x_wconf 88' lang='lat' dir='ltr'><strong>interpretantur</strong></span> <span class='ocrx_word' id='word_1_134' title='bbox 977 1170 1049 1207; x_wconf 88' lang='lat' dir='ltr'><strong>iste</strong></span> <span class='ocrx_word' id='word_1_135' title='bbox 1075 1176 1114 1207; x_wconf 88' lang='lat' dir='ltr'><strong>et</strong></span> <span class='ocrx_word' id='word_1_136' title='bbox 1133 1168 1303 1220; x_wconf 85' lang='lat' dir='ltr'><strong>Phryno,</strong></span> <span class='ocrx_word' id='word_1_137' title='bbox 1325 1174 1365 1206; x_wconf 87' lang='lat' dir='ltr'><strong>et</strong></span> <span class='ocrx_word' id='word_1_138' title='bbox 1380 1181 1458 1206; x_wconf 88' lang='lat' dir='ltr'><strong>non</strong></span> <span class='ocrx_word' id='word_1_139' title='bbox 1483 1167 1610 1206; x_wconf 88' lang='lat' dir='ltr'><strong>feren-</strong></span> 
     </span>
     <span class='ocr_line' id='line_1_17' title="bbox 143 1228 1610 1281; baseline 0 -15"><span class='ocrx_word' id='word_1_140' title='bbox 143 1230 235 1267; x_wconf 90' lang='lat' dir='ltr'><strong>dum</strong></span> <span class='ocrx_word' id='word_1_141' title='bbox 263 1243 351 1267; x_wconf 90' lang='lat' dir='ltr'><strong>esse</strong></span> <span class='ocrx_word' id='word_1_142' title='bbox 378 1230 570 1275; x_wconf 85' lang='lat' dir='ltr'><strong>dictitant,</strong></span> <span class='ocrx_word' id='word_1_143' title='bbox 602 1237 646 1268; x_wconf 91' lang='lat' dir='ltr'><strong>ut</strong></span> <span class='ocrx_word' id='word_1_144' title='bbox 664 1232 817 1281; x_wconf 88' lang='lat' dir='ltr'><strong>captiva</strong></span> <span class='ocrx_word' id='word_1_145' title='bbox 835 1244 882 1268; x_wconf 88' lang='lat' dir='ltr'><strong>ex</strong></span> <span class='ocrx_word' id='word_1_146' title='bbox 907 1231 978 1268; x_wconf 91' lang='lat' dir='ltr'><strong>diis</strong></span> <span class='ocrx_word' id='word_1_147' title='bbox 998 1230 1129 1268; x_wconf 90' lang='lat' dir='ltr'><strong>invisis</strong></span> <span class='ocrx_word' id='word_1_148' title='bbox 1158 1237 1197 1268; x_wconf 89' lang='lat' dir='ltr'><strong>et</strong></span> <span class='ocrx_word' id='word_1_149' title='bbox 1222 1229 1377 1267; x_wconf 87' lang='lat' dir='ltr'><strong>nefariis</strong></span> <span class='ocrx_word' id='word_1_150' title='bbox 1399 1228 1610 1280; x_wconf 90' lang='lat' dir='ltr'><strong>Olynthiis,</strong></span> 
     </span>
     <span class='ocr_line' id='line_1_18' title="bbox 142 1289 1611 1342; baseline 0 -14"><span class='ocrx_word' id='word_1_151' title='bbox 142 1290 300 1329; x_wconf 90' lang='lat' dir='ltr'><strong>delicias</strong></span> <span class='ocrx_word' id='word_1_152' title='bbox 322 1292 478 1329; x_wconf 79' lang='lat' dir='ltr'><strong>faceret.</strong></span> <span class='ocrx_word' id='word_1_153' title='bbox 513 1292 612 1342; x_wconf 86' lang='lat' dir='ltr'><strong>Age,</strong></span> <span class='ocrx_word' id='word_1_154' title='bbox 631 1304 731 1330; x_wconf 88' lang='lat' dir='ltr'><strong>voca</strong></span> <span class='ocrx_word' id='word_1_155' title='bbox 749 1305 916 1337; x_wconf 87' lang='lat' dir='ltr'><strong>servum,</strong></span> <span class='ocrx_word' id='word_1_156' title='bbox 936 1292 1073 1342; x_wconf 88' lang='lat' dir='ltr'><strong>inquit,</strong></span> <span class='ocrx_word' id='word_1_157' title='bbox 1095 1299 1133 1330; x_wconf 90' lang='lat' dir='ltr'><strong>et</strong></span> <span class='ocrx_word' id='word_1_158' title='bbox 1159 1292 1284 1329; x_wconf 87' lang='lat' dir='ltr'><strong>lorum</strong></span> <span class='ocrx_word' id='word_1_159' title='bbox 1306 1291 1442 1341; x_wconf 90' lang='lat' dir='ltr'><strong>aliquis</strong></span> <span class='ocrx_word' id='word_1_160' title='bbox 1463 1289 1611 1328; x_wconf 83' lang='lat' dir='ltr'><strong>afferat.</strong></span> 
     </span>
     <span class='ocr_line' id='line_1_19' title="bbox 142 1351 1613 1403; baseline 0.001 -14"><span class='ocrx_word' id='word_1_161' title='bbox 142 1352 261 1390; x_wconf 88' lang='lat' dir='ltr'><strong>Venit</strong></span> <span class='ocrx_word' id='word_1_162' title='bbox 279 1364 412 1390; x_wconf 88' lang='lat' dir='ltr'><strong>servus</strong></span> <span class='ocrx_word' id='word_1_163' title='bbox 434 1352 623 1390; x_wconf 86' lang='lat' dir='ltr'><strong>scuticam</strong></span> <span class='ocrx_word' id='word_1_164' title='bbox 655 1359 826 1403; x_wconf 85' lang='lat' dir='ltr'><strong>gestans.</strong></span> <span class='ocrx_word' id='word_1_165' title='bbox 877 1353 977 1389; x_wconf 89' lang='lat' dir='ltr'><strong>Cum</strong></span> <span class='ocrx_word' id='word_1_166' title='bbox 1003 1359 1132 1390; x_wconf 89' lang='lat' dir='ltr'><strong>autem</strong></span> <span class='ocrx_word' id='word_1_167' title='bbox 1150 1358 1354 1403; x_wconf 89' lang='lat' dir='ltr'><strong>potassent</strong></span> <span class='ocrx_word' id='word_1_168' title='bbox 1383 1351 1542 1397; x_wconf 88' lang='lat' dir='ltr'><strong>scilicet,</strong></span> <span class='ocrx_word' id='word_1_169' title='bbox 1574 1360 1613 1390; x_wconf 82' lang='lat' dir='ltr'><strong>et</strong></span> 
     </span>
     <span class='ocr_line' id='line_1_20' title="bbox 141 1412 1611 1464; baseline -0.001 -13"><span class='ocrx_word' id='word_1_170' title='bbox 141 1414 216 1451; x_wconf 82' lang='lat' dir='ltr'><strong>levi</strong></span> <span class='ocrx_word' id='word_1_171' title='bbox 235 1414 285 1452; x_wconf 87' lang='lat' dir='ltr'><strong>de</strong></span> <span class='ocrx_word' id='word_1_172' title='bbox 301 1426 422 1451; x_wconf 88' lang='lat' dir='ltr'><strong>causa</strong></span> <span class='ocrx_word' id='word_1_173' title='bbox 439 1414 525 1452; x_wconf 89' lang='lat' dir='ltr'><strong>bilis</strong></span> <span class='ocrx_word' id='word_1_174' title='bbox 546 1420 780 1459; x_wconf 89' lang='lat' dir='ltr'><strong>moveretur,</strong></span> <span class='ocrx_word' id='word_1_175' title='bbox 801 1421 843 1451; x_wconf 90' lang='lat' dir='ltr'><strong>ut</strong></span> <span class='ocrx_word' id='word_1_176' title='bbox 864 1414 1011 1464; x_wconf 89' lang='lat' dir='ltr'><strong>aliquid</strong></span> <span class='ocrx_word' id='word_1_177' title='bbox 1026 1413 1091 1451; x_wconf 90' lang='lat' dir='ltr'><strong>illa</strong></span> <span class='ocrx_word' id='word_1_178' title='bbox 1105 1413 1266 1460; x_wconf 82' lang='lat' dir='ltr'><strong>dixerat,</strong></span> <span class='ocrx_word' id='word_1_179' title='bbox 1283 1420 1322 1451; x_wconf 88' lang='lat' dir='ltr'><strong>et</strong></span> <span class='ocrx_word' id='word_1_180' title='bbox 1336 1412 1611 1464; x_wconf 86' lang='lat' dir='ltr'><strong>illacrymarat,</strong></span> 
     </span>
     <span class='ocr_line' id='line_1_21' title="bbox 142 1475 1611 1527; baseline 0 -15"><span class='ocrx_word' id='word_1_181' title='bbox 142 1475 313 1513; x_wconf 88' lang='lat' dir='ltr'><strong>lacerata</strong></span> <span class='ocrx_word' id='word_1_182' title='bbox 331 1483 371 1513; x_wconf 86' lang='lat' dir='ltr'><strong>et</strong></span> <span class='ocrx_word' id='word_1_183' title='bbox 389 1476 541 1527; x_wconf 87' lang='lat' dir='ltr'><strong>direpta</strong></span> <span class='ocrx_word' id='word_1_184' title='bbox 555 1476 698 1525; x_wconf 87' lang='lat' dir='ltr'><strong>tunica,</strong></span> <span class='ocrx_word' id='word_1_185' title='bbox 720 1490 854 1514; x_wconf 90' lang='lat' dir='ltr'><strong>servus</strong></span> <span class='ocrx_word' id='word_1_186' title='bbox 873 1476 1026 1513; x_wconf 89' lang='lat' dir='ltr'><strong>crebras</strong></span> <span class='ocrx_word' id='word_1_187' title='bbox 1046 1476 1184 1527; x_wconf 83' lang='lat' dir='ltr'><strong>plagas</strong></span> <span class='ocrx_word' id='word_1_188' title='bbox 1198 1483 1309 1527; x_wconf 83' lang='lat' dir='ltr'><strong>tergo</strong></span> <span class='ocrx_word' id='word_1_189' title='bbox 1329 1475 1482 1526; x_wconf 88' lang='lat' dir='ltr'><strong>ingerit.</strong></span> <span class='ocrx_word' id='word_1_190' title='bbox 1511 1475 1611 1512; x_wconf 91' lang='lat' dir='ltr'><strong>Tum</strong></span> 
     </span>
     <span class='ocr_line' id='line_1_22' title="bbox 143 1537 1610 1588; baseline -0.001 -14"><span class='ocrx_word' id='word_1_191' title='bbox 143 1549 276 1575; x_wconf 90' lang='lat' dir='ltr'><strong>amens</strong></span> <span class='ocrx_word' id='word_1_192' title='bbox 296 1537 412 1574; x_wconf 90' lang='lat' dir='ltr'><strong>animi</strong></span> <span class='ocrx_word' id='word_1_193' title='bbox 431 1551 510 1588; x_wconf 87' lang='lat' dir='ltr'><strong>prae</strong></span> <span class='ocrx_word' id='word_1_194' title='bbox 531 1538 660 1575; x_wconf 91' lang='lat' dir='ltr'><strong>dolore</strong></span> <span class='ocrx_word' id='word_1_195' title='bbox 685 1549 723 1575; x_wconf 86' lang='lat' dir='ltr'><strong>et</strong></span> <span class='ocrx_word' id='word_1_196' title='bbox 741 1544 885 1575; x_wconf 87' lang='lat' dir='ltr'><strong>terrore</strong></span> <span class='ocrx_word' id='word_1_197' title='bbox 904 1537 1053 1584; x_wconf 89' lang='lat' dir='ltr'><strong>mulier,</strong></span> <span class='ocrx_word' id='word_1_198' title='bbox 1084 1537 1291 1576; x_wconf 90' lang='lat' dir='ltr'><strong>subsiliens</strong></span> <span class='ocrx_word' id='word_1_199' title='bbox 1318 1538 1368 1576; x_wconf 93' lang='lat' dir='ltr'><strong>ad</strong></span> <span class='ocrx_word' id='word_1_200' title='bbox 1399 1545 1528 1587; x_wconf 79' lang='lat' dir='ltr'><strong>genua</strong></span> <span class='ocrx_word' id='word_1_201' title='bbox 1550 1537 1610 1574; x_wconf 92' lang='lat' dir='ltr'><strong>Ia-</strong></span> 
     </span>
     <span class='ocr_line' id='line_1_23' title="bbox 143 1598 1610 1650; baseline -0.001 -13"><span class='ocrx_word' id='word_1_202' title='bbox 143 1600 254 1637; x_wconf 85' lang='lat' dir='ltr'><strong>trocli</strong></span> <span class='ocrx_word' id='word_1_203' title='bbox 274 1600 426 1646; x_wconf 91' lang='lat' dir='ltr'><strong>accidit,</strong></span> <span class='ocrx_word' id='word_1_204' title='bbox 448 1608 488 1637; x_wconf 90' lang='lat' dir='ltr'><strong>et</strong></span> <span class='ocrx_word' id='word_1_205' title='bbox 508 1613 679 1638; x_wconf 85' lang='lat' dir='ltr'><strong>mensam</strong></span> <span class='ocrx_word' id='word_1_206' title='bbox 700 1601 909 1643; x_wconf 88' lang='lat' dir='ltr'><strong>subve1·tit;</strong></span> <span class='ocrx_word' id='word_1_207' title='bbox 940 1599 1045 1650; x_wconf 92' lang='lat' dir='ltr'><strong>quod</strong></span> <span class='ocrx_word' id='word_1_208' title='bbox 1065 1600 1138 1637; x_wconf 89' lang='lat' dir='ltr'><strong>nisi</strong></span> <span class='ocrx_word' id='word_1_209' title='bbox 1158 1600 1189 1636; x_wconf 89' lang='lat' dir='ltr'><strong>is</strong></span> <span class='ocrx_word' id='word_1_210' title='bbox 1211 1613 1294 1637; x_wconf 78' lang='lat' dir='ltr'><strong>eam</strong></span> <span class='ocrx_word' id='word_1_211' title='bbox 1317 1598 1531 1648; x_wconf 86' lang='lat' dir='ltr'><strong>eripuisset,</strong></span> <span class='ocrx_word' id='word_1_212' title='bbox 1552 1598 1610 1635; x_wconf 87' lang='lat' dir='ltr'><strong>in-</strong></span> 
     </span>
     <span class='ocr_line' id='line_1_24' title="bbox 141 1658 1608 1699; baseline -0.001 0"><span class='ocrx_word' id='word_1_213' title='bbox 141 1661 303 1699; x_wconf 85' lang='lat' dir='ltr'><strong>terfecta</strong></span> <span class='ocrx_word' id='word_1_214' title='bbox 322 1668 425 1699; x_wconf 88' lang='lat' dir='ltr'><strong>esset</strong></span> <span class='ocrx_word' id='word_1_215' title='bbox 443 1661 481 1698; x_wconf 91' lang='lat' dir='ltr'><strong>in</strong></span> <span class='ocrx_word' id='word_1_216' title='bbox 502 1661 566 1699; x_wconf 87' lang='lat' dir='ltr'><strong>illa</strong></span> <span class='ocrx_word' id='word_1_217' title='bbox 588 1661 784 1699; x_wconf 88' lang='lat' dir='ltr'><strong>ebrietatis</strong></span> <span class='ocrx_word' id='word_1_218' title='bbox 804 1661 969 1698; x_wconf 87' lang='lat' dir='ltr'><strong>insania.</strong></span> <span class='ocrx_word' id='word_1_219' title='bbox 1000 1658 1248 1698; x_wconf 81' lang='lat' dir='ltr'><strong>Temulentia</strong></span> <span class='ocrx_word' id='word_1_220' title='bbox 1275 1658 1377 1696; x_wconf 89' lang='lat' dir='ltr'><strong>enim</strong></span> <span class='ocrx_word' id='word_1_221' title='bbox 1407 1658 1518 1697; x_wconf 90' lang='lat' dir='ltr'><strong>istius</strong></span> <span class='ocrx_word' id='word_1_222' title='bbox 1537 1660 1608 1697; x_wconf 90' lang='lat' dir='ltr'><strong>im-</strong></span> 
     </span>
     <span class='ocr_line' id='line_1_25' title="bbox 142 1720 1610 1774; baseline -0.001 -15"><span class='ocrx_word' id='word_1_223' title='bbox 142 1723 241 1774; x_wconf 91' lang='lat' dir='ltr'><strong>puri,</strong></span> <span class='ocrx_word' id='word_1_224' title='bbox 257 1723 423 1761; x_wconf 88' lang='lat' dir='ltr'><strong>crudelis</strong></span> <span class='ocrx_word' id='word_1_225' title='bbox 444 1729 515 1760; x_wconf 90' lang='lat' dir='ltr'><strong>est.</strong></span> <span class='ocrx_word' id='word_1_226' title='bbox 558 1723 617 1761; x_wconf 90' lang='lat' dir='ltr'><strong>Ac</strong></span> <span class='ocrx_word' id='word_1_227' title='bbox 639 1723 687 1760; x_wconf 88' lang='lat' dir='ltr'><strong>de</strong></span> <span class='ocrx_word' id='word_1_228' title='bbox 707 1723 779 1760; x_wconf 88' lang='lat' dir='ltr'><strong>hac</strong></span> <span class='ocrx_word' id='word_1_229' title='bbox 798 1723 959 1759; x_wconf 87' lang='lat' dir='ltr'><strong>muliere</strong></span> <span class='ocrx_word' id='word_1_230' title='bbox 979 1727 1019 1758; x_wconf 88' lang='lat' dir='ltr'><strong>et</strong></span> <span class='ocrx_word' id='word_1_231' title='bbox 1038 1720 1077 1757; x_wconf 88' lang='lat' dir='ltr'><strong>in</strong></span> <span class='ocrx_word' id='word_1_232' title='bbox 1093 1720 1263 1758; x_wconf 90' lang='lat' dir='ltr'><strong>Arcadia</strong></span> <span class='ocrx_word' id='word_1_233' title='bbox 1282 1733 1406 1758; x_wconf 90' lang='lat' dir='ltr'><strong>sermo</strong></span> <span class='ocrx_word' id='word_1_234' title='bbox 1432 1720 1506 1758; x_wconf 89' lang='lat' dir='ltr'><strong>fuit</strong></span> <span class='ocrx_word' id='word_1_235' title='bbox 1523 1733 1610 1772; x_wconf 87' lang='lat' dir='ltr'><strong>per-</strong></span> 
     </span>
     <span class='ocr_line' id='line_1_26' title="bbox 141 1782 1609 1834; baseline -0.001 -11"><span class='ocrx_word' id='word_1_236' title='bbox 141 1784 319 1831; x_wconf 88' lang='lat' dir='ltr'><strong>celebris,</strong></span> <span class='ocrx_word' id='word_1_237' title='bbox 335 1785 431 1822; x_wconf 90' lang='lat' dir='ltr'><strong>inter</strong></span> <span class='ocrx_word' id='word_1_238' title='bbox 446 1785 581 1823; x_wconf 88' lang='lat' dir='ltr'><strong>decem</strong></span> <span class='ocrx_word' id='word_1_239' title='bbox 594 1784 661 1822; x_wconf 91' lang='lat' dir='ltr'><strong>illa</strong></span> <span class='ocrx_word' id='word_1_240' title='bbox 678 1785 845 1822; x_wconf 86' lang='lat' dir='ltr'><strong>virorum</strong></span> <span class='ocrx_word' id='word_1_241' title='bbox 864 1783 993 1829; x_wconf 89' lang='lat' dir='ltr'><strong>millia,</strong></span> <span class='ocrx_word' id='word_1_242' title='bbox 1014 1789 1052 1820; x_wconf 92' lang='lat' dir='ltr'><strong>et</strong></span> <span class='ocrx_word' id='word_1_243' title='bbox 1069 1783 1315 1834; x_wconf 89' lang='lat' dir='ltr'><strong>Diophantus</strong></span> <span class='ocrx_word' id='word_1_244' title='bbox 1337 1782 1441 1833; x_wconf 90' lang='lat' dir='ltr'><strong>apud</strong></span> <span class='ocrx_word' id='word_1_245' title='bbox 1459 1795 1529 1821; x_wconf 88' lang='lat' dir='ltr'><strong>vos</strong></span> <span class='ocrx_word' id='word_1_246' title='bbox 1549 1796 1609 1822; x_wconf 90' lang='lat' dir='ltr'><strong>re-</strong></span> 
     </span>
     <span class='ocr_line' id='line_1_27' title="bbox 140 1843 1610 1897; baseline 0 -14"><span class='ocrx_word' id='word_1_247' title='bbox 140 1845 349 1891; x_wconf 87' lang='lat' dir='ltr'><strong>nunciavit,</strong></span> <span class='ocrx_word' id='word_1_248' title='bbox 369 1859 484 1897; x_wconf 90' lang='lat' dir='ltr'><strong>quem</strong></span> <span class='ocrx_word' id='word_1_249' title='bbox 499 1859 589 1882; x_wconf 89' lang='lat' dir='ltr'><strong>mox</strong></span> <span class='ocrx_word' id='word_1_250' title='bbox 609 1846 736 1882; x_wconf 89' lang='lat' dir='ltr'><strong>dicere</strong></span> <span class='ocrx_word' id='word_1_251' title='bbox 757 1857 896 1895; x_wconf 85' lang='lat' dir='ltr'><strong>cogam</strong></span> <span class='ocrx_word' id='word_1_252' title='bbox 915 1843 1191 1891; x_wconf 88' lang='lat' dir='ltr'><strong>testimonium,</strong></span> <span class='ocrx_word' id='word_1_253' title='bbox 1211 1844 1460 1895; x_wconf 84' lang='lat' dir='ltr'><strong>pervulgatus</strong></span> <span class='ocrx_word' id='word_1_254' title='bbox 1479 1858 1610 1883; x_wconf 90' lang='lat' dir='ltr'><strong>rumor</strong></span> 
     </span>
     <span class='ocr_line' id='line_1_28' title="bbox 141 1905 1609 1957; baseline -0.001 -13"><span class='ocrx_word' id='word_1_255' title='bbox 141 1907 214 1945; x_wconf 87' lang='lat' dir='ltr'><strong>fuit</strong></span> <span class='ocrx_word' id='word_1_256' title='bbox 233 1913 272 1944; x_wconf 85' lang='lat' dir='ltr'><strong>et</strong></span> <span class='ocrx_word' id='word_1_257' title='bbox 289 1907 326 1944; x_wconf 91' lang='lat' dir='ltr'><strong>in</strong></span> <span class='ocrx_word' id='word_1_258' title='bbox 345 1907 564 1953; x_wconf 86' lang='lat' dir='ltr'><strong>Thessalia,</strong></span> <span class='ocrx_word' id='word_1_259' title='bbox 584 1912 624 1944; x_wconf 85' lang='lat' dir='ltr'><strong>et</strong></span> <span class='ocrx_word' id='word_1_260' title='bbox 641 1906 785 1957; x_wconf 91' lang='lat' dir='ltr'><strong>ubique</strong></span> <span class='ocrx_word' id='word_1_261' title='bbox 804 1907 992 1957; x_wconf 83' lang='lat' dir='ltr'><strong>gentium.</strong></span> <span class='ocrx_word' id='word_1_262' title='bbox 1023 1906 1074 1944; x_wconf 90' lang='lat' dir='ltr'><strong>Et</strong></span> <span class='ocrx_word' id='word_1_263' title='bbox 1091 1913 1223 1955; x_wconf 82' lang='lat' dir='ltr'><strong>tamen</strong></span> <span class='ocrx_word' id='word_1_264' title='bbox 1250 1906 1383 1944; x_wconf 90' lang='lat' dir='ltr'><strong>talium</strong></span> <span class='ocrx_word' id='word_1_265' title='bbox 1413 1905 1485 1943; x_wconf 89' lang='lat' dir='ltr'><strong>sibi</strong></span> <span class='ocrx_word' id='word_1_266' title='bbox 1515 1919 1609 1944; x_wconf 91' lang='lat' dir='ltr'><strong>con-</strong></span> 
     </span>
     <span class='ocr_line' id='line_1_29' title="bbox 142 1967 1610 2019; baseline 0 -13"><span class='ocrx_word' id='word_1_267' title='bbox 142 1969 244 2007; x_wconf 89' lang='lat' dir='ltr'><strong>scius</strong></span> <span class='ocrx_word' id='word_1_268' title='bbox 269 1968 480 2006; x_wconf 86' lang='lat' dir='ltr'><strong>facinorum</strong></span> <span class='ocrx_word' id='word_1_269' title='bbox 507 1969 680 2019; x_wconf 88' lang='lat' dir='ltr'><strong>impurus</strong></span> <span class='ocrx_word' id='word_1_270' title='bbox 710 1969 784 2006; x_wconf 86' lang='lat' dir='ltr'><strong>iste</strong></span> <span class='ocrx_word' id='word_1_271' title='bbox 811 1981 879 2006; x_wconf 90' lang='lat' dir='ltr'><strong>vos</strong></span> <span class='ocrx_word' id='word_1_272' title='bbox 914 1967 1072 2005; x_wconf 90' lang='lat' dir='ltr'><strong>audebit</strong></span> <span class='ocrx_word' id='word_1_273' title='bbox 1102 1967 1268 2005; x_wconf 75' lang='lat' dir='ltr'><strong>intueri?</strong></span> <span class='ocrx_word' id='word_1_274' title='bbox 1297 1975 1336 2005; x_wconf 89' lang='lat' dir='ltr'><strong>et</strong></span> <span class='ocrx_word' id='word_1_275' title='bbox 1366 1974 1493 2005; x_wconf 87' lang='lat' dir='ltr'><strong>actam</strong></span> <span class='ocrx_word' id='word_1_276' title='bbox 1522 1981 1545 2005; x_wconf 87' lang='lat' dir='ltr'><strong>a</strong></span> <span class='ocrx_word' id='word_1_277' title='bbox 1567 1982 1610 2007; x_wconf 87' lang='lat' dir='ltr'><strong>se</strong></span> 
     </span>
     <span class='ocr_line' id='line_1_30' title="bbox 141 2029 1611 2082; baseline -0.002 -13"><span class='ocrx_word' id='word_1_278' title='bbox 141 2031 258 2069; x_wconf 92' lang='lat' dir='ltr'><strong>vitam</strong></span> <span class='ocrx_word' id='word_1_279' title='bbox 283 2032 390 2069; x_wconf 90' lang='lat' dir='ltr'><strong>clara</strong></span> <span class='ocrx_word' id='word_1_280' title='bbox 406 2031 534 2069; x_wconf 86' lang='lat' dir='ltr'><strong>statim</strong></span> <span class='ocrx_word' id='word_1_281' title='bbox 553 2044 648 2069; x_wconf 90' lang='lat' dir='ltr'><strong>voce</strong></span> <span class='ocrx_word' id='word_1_282' title='bbox 682 2030 931 2082; x_wconf 76' lang='lat' dir='ltr'><strong>praedicabit?</strong></span> <span class='ocrx_word' id='word_1_283' title='bbox 960 2044 1050 2081; x_wconf 84' lang='lat' dir='ltr'><strong>quae</strong></span> <span class='ocrx_word' id='word_1_284' title='bbox 1075 2043 1136 2068; x_wconf 86' lang='lat' dir='ltr'><strong>res</strong></span> <span class='ocrx_word' id='word_1_285' title='bbox 1167 2030 1259 2067; x_wconf 91' lang='lat' dir='ltr'><strong>mihi</strong></span> <span class='ocrx_word' id='word_1_286' title='bbox 1289 2029 1465 2080; x_wconf 87' lang='lat' dir='ltr'><strong>spiritum</strong></span> <span class='ocrx_word' id='word_1_287' title='bbox 1495 2030 1611 2067; x_wconf 86' lang='lat' dir='ltr'><strong>inter-</strong></span> 
     </span>
     <span class='ocr_line' id='line_1_31' title="bbox 142 2091 1610 2143; baseline 0 -13"><span class='ocrx_word' id='word_1_288' title='bbox 142 2092 277 2131; x_wconf 91' lang='lat' dir='ltr'><strong>cludit.</strong></span> <span class='ocrx_word' id='word_1_289' title='bbox 321 2093 428 2129; x_wconf 89' lang='lat' dir='ltr'><strong>Num</strong></span> <span class='ocrx_word' id='word_1_290' title='bbox 459 2092 499 2129; x_wconf 89' lang='lat' dir='ltr'><strong>hi</strong></span> <span class='ocrx_word' id='word_1_291' title='bbox 528 2093 718 2138; x_wconf 88' lang='lat' dir='ltr'><strong>nesciunt,</strong></span> <span class='ocrx_word' id='word_1_292' title='bbox 745 2100 784 2130; x_wconf 89' lang='lat' dir='ltr'><strong>te</strong></span> <span class='ocrx_word' id='word_1_293' title='bbox 816 2105 839 2130; x_wconf 86' lang='lat' dir='ltr'><strong>a</strong></span> <span class='ocrx_word' id='word_1_294' title='bbox 869 2092 1078 2143; x_wconf 85' lang='lat' dir='ltr'><strong>primordio</strong></span> <span class='ocrx_word' id='word_1_295' title='bbox 1109 2091 1236 2130; x_wconf 81' lang='lat' dir='ltr'><strong>aetatis</strong></span> <span class='ocrx_word' id='word_1_296' title='bbox 1263 2091 1460 2129; x_wconf 88' lang='lat' dir='ltr'><strong>lectitasse</strong></span> <span class='ocrx_word' id='word_1_297' title='bbox 1491 2091 1610 2130; x_wconf 90' lang='lat' dir='ltr'><strong>libros</strong></span> 
     </span>
     <span class='ocr_line' id='line_1_32' title="bbox 141 2153 1611 2204; baseline 0 -12"><span class='ocrx_word' id='word_1_298' title='bbox 141 2153 255 2192; x_wconf 89' lang='lat' dir='ltr'><strong>matri</strong></span> <span class='ocrx_word' id='word_1_299' title='bbox 274 2153 470 2192; x_wconf 73' lang='lat' dir='ltr'><strong>initianti?</strong></span> <span class='ocrx_word' id='word_1_300' title='bbox 499 2161 538 2191; x_wconf 88' lang='lat' dir='ltr'><strong>et</strong></span> <span class='ocrx_word' id='word_1_301' title='bbox 566 2167 728 2204; x_wconf 85' lang='lat' dir='ltr'><strong>puerum</strong></span> <span class='ocrx_word' id='word_1_302' title='bbox 747 2154 956 2192; x_wconf 89' lang='lat' dir='ltr'><strong>etiamnum</strong></span> <span class='ocrx_word' id='word_1_303' title='bbox 984 2154 1024 2191; x_wconf 92' lang='lat' dir='ltr'><strong>in</strong></span> <span class='ocrx_word' id='word_1_304' title='bbox 1054 2154 1217 2192; x_wconf 90' lang='lat' dir='ltr'><strong>coetibus</strong></span> <span class='ocrx_word' id='word_1_305' title='bbox 1249 2153 1373 2191; x_wconf 90' lang='lat' dir='ltr'><strong>Liberi</strong></span> <span class='ocrx_word' id='word_1_306' title='bbox 1405 2154 1538 2204; x_wconf 90' lang='lat' dir='ltr'><strong>patris,</strong></span> <span class='ocrx_word' id='word_1_307' title='bbox 1571 2161 1611 2192; x_wconf 88' lang='lat' dir='ltr'><strong>et</strong></span> 
     </span>
     <span class='ocr_line' id='line_1_33' title="bbox 142 2213 1610 2266; baseline 0 -13"><span class='ocrx_word' id='word_1_308' title='bbox 142 2216 242 2253; x_wconf 89' lang='lat' dir='ltr'><strong>inter</strong></span> <span class='ocrx_word' id='word_1_309' title='bbox 259 2215 433 2253; x_wconf 88' lang='lat' dir='ltr'><strong>ebriosos</strong></span> <span class='ocrx_word' id='word_1_310' title='bbox 451 2215 625 2253; x_wconf 90' lang='lat' dir='ltr'><strong>homines</strong></span> <span class='ocrx_word' id='word_1_311' title='bbox 650 2228 737 2253; x_wconf 88' lang='lat' dir='ltr'><strong>esse</strong></span> <span class='ocrx_word' id='word_1_312' title='bbox 757 2214 1001 2254; x_wconf 73' lang='lat' dir='ltr'><strong>volutatum?</strong></span> <span class='ocrx_word' id='word_1_313' title='bbox 1030 2222 1121 2266; x_wconf 90' lang='lat' dir='ltr'><strong>post</strong></span> <span class='ocrx_word' id='word_1_314' title='bbox 1139 2221 1268 2253; x_wconf 90' lang='lat' dir='ltr'><strong>autem</strong></span> <span class='ocrx_word' id='word_1_315' title='bbox 1289 2213 1487 2265; x_wconf 84' lang='lat' dir='ltr'><strong>scriptioni</strong></span> <span class='ocrx_word' id='word_1_316' title='bbox 1506 2215 1610 2266; x_wconf 85' lang='lat' dir='ltr'><strong>apud</strong></span> 
     </span>
     <span class='ocr_line' id='line_1_34' title="bbox 140 2276 1611 2329; baseline 0 -14"><span class='ocrx_word' id='word_1_317' title='bbox 140 2277 393 2328; x_wconf 86' lang='lat' dir='ltr'><strong>magistratus</strong></span> <span class='ocrx_word' id='word_1_318' title='bbox 415 2277 571 2315; x_wconf 84' lang='lat' dir='ltr'><strong>dedisse</strong></span> <span class='ocrx_word' id='word_1_319' title='bbox 592 2290 760 2329; x_wconf 89' lang='lat' dir='ltr'><strong>operam,</strong></span> <span class='ocrx_word' id='word_1_320' title='bbox 785 2284 825 2315; x_wconf 87' lang='lat' dir='ltr'><strong>et</strong></span> <span class='ocrx_word' id='word_1_321' title='bbox 850 2284 1007 2328; x_wconf 85' lang='lat' dir='ltr'><strong>propter</strong></span> <span class='ocrx_word' id='word_1_322' title='bbox 1024 2276 1138 2315; x_wconf 86' lang='lat' dir='ltr'><strong>binas</strong></span> <span class='ocrx_word' id='word_1_323' title='bbox 1168 2283 1237 2315; x_wconf 90' lang='lat' dir='ltr'><strong>aut</strong></span> <span class='ocrx_word' id='word_1_324' title='bbox 1253 2283 1383 2314; x_wconf 87' lang='lat' dir='ltr'><strong>ternas</strong></span> <span class='ocrx_word' id='word_1_325' title='bbox 1403 2276 1611 2315; x_wconf 86' lang='lat' dir='ltr'><strong>drachmas</strong></span> 
     </span>
     <span class='ocr_line' id='line_1_35' title="bbox 140 2337 1610 2390; baseline 0.001 -14"><span class='ocrx_word' id='word_1_326' title='bbox 140 2338 260 2377; x_wconf 87' lang='lat' dir='ltr'><strong>fuisse</strong></span> <span class='ocrx_word' id='word_1_327' title='bbox 281 2338 539 2377; x_wconf 75' lang='lat' dir='ltr'><strong>sceleratum?</strong></span> <span class='ocrx_word' id='word_1_328' title='bbox 568 2346 777 2390; x_wconf 88' lang='lat' dir='ltr'><strong>postremo,</strong></span> <span class='ocrx_word' id='word_1_329' title='bbox 798 2338 946 2376; x_wconf 89' lang='lat' dir='ltr'><strong>nonita</strong></span> <span class='ocrx_word' id='word_1_330' title='bbox 959 2337 1051 2376; x_wconf 91' lang='lat' dir='ltr'><strong>olim</strong></span> <span class='ocrx_word' id='word_1_331' title='bbox 1067 2338 1202 2377; x_wconf 87' lang='lat' dir='ltr'><strong>alienis</strong></span> <span class='ocrx_word' id='word_1_332' title='bbox 1223 2338 1441 2389; x_wconf 87' lang='lat' dir='ltr'><strong>sumptibus</strong></span> <span class='ocrx_word' id='word_1_333' title='bbox 1462 2339 1512 2377; x_wconf 91' lang='lat' dir='ltr'><strong>ad</strong></span> <span class='ocrx_word' id='word_1_334' title='bbox 1531 2345 1610 2377; x_wconf 90' lang='lat' dir='ltr'><strong>ter-</strong></span> 
     </span>
     <span class='ocr_line' id='line_1_36' title="bbox 142 2399 1613 2451; baseline -0.001 -14"><span class='ocrx_word' id='word_1_335' title='bbox 142 2400 216 2437; x_wconf 88' lang='lat' dir='ltr'><strong>tias</strong></span> <span class='ocrx_word' id='word_1_336' title='bbox 249 2407 378 2451; x_wconf 88' lang='lat' dir='ltr'><strong>partes</strong></span> <span class='ocrx_word' id='word_1_337' title='bbox 410 2400 644 2447; x_wconf 88' lang='lat' dir='ltr'><strong>actitandas,</strong></span> <span class='ocrx_word' id='word_1_338' title='bbox 677 2413 764 2439; x_wconf 92' lang='lat' dir='ltr'><strong>cum</strong></span> <span class='ocrx_word' id='word_1_339' title='bbox 795 2401 895 2438; x_wconf 88' lang='lat' dir='ltr'><strong>bene</strong></span> <span class='ocrx_word' id='word_1_340' title='bbox 925 2407 1057 2438; x_wconf 84' lang='lat' dir='ltr'><strong>tecum</strong></span> <span class='ocrx_word' id='word_1_341' title='bbox 1094 2400 1157 2450; x_wconf 86' lang='lat' dir='ltr'><strong>agi</strong></span> <span class='ocrx_word' id='word_1_342' title='bbox 1186 2406 1356 2451; x_wconf 90' lang='lat' dir='ltr'><strong>putares,</strong></span> <span class='ocrx_word' id='word_1_343' title='bbox 1385 2399 1613 2438; x_wconf 72' lang='lat' dir='ltr'><strong>victitasse?</strong></span> 
     </span>
     <span class='ocr_line' id='line_1_37' title="bbox 145 2460 1610 2513; baseline 0.001 -15"><span class='ocrx_word' id='word_1_344' title='bbox 145 2461 272 2505; x_wconf 87' lang='lat' dir='ltr'><strong>Quam</strong></span> <span class='ocrx_word' id='word_1_345' title='bbox 304 2462 420 2513; x_wconf 85' lang='lat' dir='ltr'><strong>igitur</strong></span> <span class='ocrx_word' id='word_1_346' title='bbox 445 2463 564 2500; x_wconf 89' lang='lat' dir='ltr'><strong>vitam</strong></span> <span class='ocrx_word' id='word_1_347' title='bbox 595 2461 768 2500; x_wconf 81' lang='lat' dir='ltr'><strong>referes?</strong></span> <span class='ocrx_word' id='word_1_348' title='bbox 800 2475 915 2513; x_wconf 91' lang='lat' dir='ltr'><strong>quam</strong></span> <span class='ocrx_word' id='word_1_349' title='bbox 936 2474 1014 2499; x_wconf 89' lang='lat' dir='ltr'><strong>non</strong></span> <span class='ocrx_word' id='word_1_350' title='bbox 1033 2460 1190 2499; x_wconf 75' lang='lat' dir='ltr'><strong>vixisti?</strong></span> <span class='ocrx_word' id='word_1_351' title='bbox 1221 2461 1322 2499; x_wconf 88' lang='lat' dir='ltr'><strong>Nam</strong></span> <span class='ocrx_word' id='word_1_352' title='bbox 1344 2474 1429 2499; x_wconf 89' lang='lat' dir='ltr'><strong>eam</strong></span> <span class='ocrx_word' id='word_1_353' title='bbox 1454 2462 1610 2512; x_wconf 86' lang='lat' dir='ltr'><strong>quidem</strong></span> 
     </span>
     <span class='ocr_line' id='line_1_38' title="bbox 143 2522 1611 2574; baseline 0.001 -15"><span class='ocrx_word' id='word_1_354' title='bbox 143 2535 260 2573; x_wconf 88' lang='lat' dir='ltr'><strong>quam</strong></span> <span class='ocrx_word' id='word_1_355' title='bbox 278 2522 419 2570; x_wconf 84' lang='lat' dir='ltr'><strong>vixisti,</strong></span> <span class='ocrx_word' id='word_1_356' title='bbox 438 2524 555 2562; x_wconf 89' lang='lat' dir='ltr'><strong>talem</strong></span> <span class='ocrx_word' id='word_1_357' title='bbox 586 2537 670 2562; x_wconf 90' lang='lat' dir='ltr'><strong>esse</strong></span> <span class='ocrx_word' id='word_1_358' title='bbox 696 2530 860 2563; x_wconf 75' lang='lat' dir='ltr'><strong>constat.</strong></span> <span class='ocrx_word' id='word_1_359' title='bbox 905 2522 986 2562; x_wconf 90' lang='lat' dir='ltr'><strong>Sed</strong></span> <span class='ocrx_word' id='word_1_360' title='bbox 1009 2535 1033 2561; x_wconf 91' lang='lat' dir='ltr'><strong>o</strong></span> <span class='ocrx_word' id='word_1_361' title='bbox 1069 2523 1287 2561; x_wconf 89' lang='lat' dir='ltr'><strong>licentiam!</strong></span> <span class='ocrx_word' id='word_1_362' title='bbox 1316 2523 1387 2561; x_wconf 84' lang='lat' dir='ltr'><strong>iste</strong></span> <span class='ocrx_word' id='word_1_363' title='bbox 1409 2523 1515 2574; x_wconf 92' lang='lat' dir='ltr'><strong>apud</strong></span> <span class='ocrx_word' id='word_1_364' title='bbox 1542 2535 1611 2560; x_wconf 88' lang='lat' dir='ltr'><strong>vos</strong></span> 
     </span>
     <span class='ocr_line' id='line_1_39' title="bbox 143 2584 1610 2638; baseline -0.001 -15"><span class='ocrx_word' id='word_1_365' title='bbox 143 2584 260 2623; x_wconf 90' lang='lat' dir='ltr'><strong>alium</strong></span> <span class='ocrx_word' id='word_1_366' title='bbox 278 2585 524 2636; x_wconf 77' lang='lat' dir='ltr'><strong>impudicitiae</strong></span> <span class='ocrx_word' id='word_1_367' title='bbox 551 2599 660 2625; x_wconf 87' lang='lat' dir='ltr'><strong>reum</strong></span> <span class='ocrx_word' id='word_1_368' title='bbox 679 2587 770 2638; x_wconf 84' lang='lat' dir='ltr'><strong>egit.</strong></span> <span class='ocrx_word' id='word_1_369' title='bbox 815 2586 960 2624; x_wconf 87' lang='lat' dir='ltr'><strong>Verum</strong></span> <span class='ocrx_word' id='word_1_370' title='bbox 979 2585 1155 2624; x_wconf 86' lang='lat' dir='ltr'><strong>nondum</strong></span> <span class='ocrx_word' id='word_1_371' title='bbox 1180 2585 1280 2631; x_wconf 89' lang='lat' dir='ltr'><strong>haec‚</strong></span> <span class='ocrx_word' id='word_1_372' title='bbox 1302 2585 1372 2624; x_wconf 91' lang='lat' dir='ltr'><strong>sed</strong></span> <span class='ocrx_word' id='word_1_373' title='bbox 1391 2584 1610 2624; x_wconf 84' lang='lat' dir='ltr'><strong>testimonia</strong></span> 
     </span>
     <span class='ocr_line' id='line_1_40' title="bbox 143 2647 604 2699; baseline 0.007 -15"><span class='ocrx_word' id='word_1_374' title='bbox 143 2647 236 2684; x_wconf 89' lang='lat' dir='ltr'><strong>mihi</strong></span> <span class='ocrx_word' id='word_1_375' title='bbox 257 2648 360 2699; x_wconf 87' lang='lat' dir='ltr'><strong>prius</strong></span> <span class='ocrx_word' id='word_1_376' title='bbox 380 2648 454 2686; x_wconf 87' lang='lat' dir='ltr'><strong>ista</strong></span> <span class='ocrx_word' id='word_1_377' title='bbox 472 2648 604 2687; x_wconf 90' lang='lat' dir='ltr'><strong>recita.</strong></span> 
     </span>
    </p>
   </div>
   <div class='ocr_carea' id='block_1_3' title="bbox 691 2791 1049 2830">
    <p class='ocr_par' dir='ltr' id='par_1_4' title="bbox 691 2791 1049 2830">
     <span class='ocr_line' id='line_1_41' title="bbox 691 2791 1049 2830; baseline -0.003 -1"><span class='ocrx_word' id='word_1_378' title='bbox 691 2791 1049 2830; x_wconf 89' lang='lat' dir='ltr'><strong>TESTIMONIA.</strong></span> 
     </span>
    </p>
   </div>
   <div class='ocr_carea' id='block_1_4' title="bbox 145 2884 1611 3001">
    <p class='ocr_par' dir='ltr' id='par_1_5' title="bbox 145 2884 1611 3001">
     <span class='ocr_line' id='line_1_42' title="bbox 200 2884 1610 2936; baseline -0.001 -13"><span class='ocrx_word' id='word_1_379' title='bbox 200 2886 264 2923; x_wconf 90' lang='lat'><strong>60.</strong></span> <span class='ocrx_word' id='word_1_380' title='bbox 296 2886 397 2924; x_wconf 90' lang='lat' dir='ltr'><strong>Cum</strong></span> <span class='ocrx_word' id='word_1_381' title='bbox 425 2885 542 2936; x_wconf 87' lang='lat' dir='ltr'><strong>igitur</strong></span> <span class='ocrx_word' id='word_1_382' title='bbox 561 2896 609 2922; x_wconf 89' lang='lat' dir='ltr'><strong>ea</strong></span> <span class='ocrx_word' id='word_1_383' title='bbox 627 2898 715 2936; x_wconf 87' lang='lat' dir='ltr'><strong>quae</strong></span> <span class='ocrx_word' id='word_1_384' title='bbox 735 2886 774 2924; x_wconf 93' lang='lat' dir='ltr'><strong>in</strong></span> <span class='ocrx_word' id='word_1_385' title='bbox 795 2900 864 2925; x_wconf 89' lang='lat' dir='ltr'><strong>vos</strong></span> <span class='ocrx_word' id='word_1_386' title='bbox 885 2885 1128 2926; x_wconf 88' lang='lat' dir='ltr'><strong>commisisse</strong></span> <span class='ocrx_word' id='word_1_387' title='bbox 1161 2884 1363 2922; x_wconf 85' lang='lat' dir='ltr'><strong>convictus</strong></span> <span class='ocrx_word' id='word_1_388' title='bbox 1389 2889 1462 2931; x_wconf 88' lang='lat' dir='ltr'><strong>est,</strong></span> <span class='ocrx_word' id='word_1_389' title='bbox 1488 2890 1548 2922; x_wconf 90' lang='lat' dir='ltr'><strong>tot</strong></span> <span class='ocrx_word' id='word_1_390' title='bbox 1571 2890 1610 2922; x_wconf 89' lang='lat' dir='ltr'><strong>et</strong></span> 
     </span>
     <span class='ocr_line' id='line_1_43' title="bbox 145 2946 1611 3001; baseline 0.001 -17"><span class='ocrx_word' id='word_1_391' title='bbox 145 2953 253 2986; x_wconf 87' lang='lat' dir='ltr'><strong>tanta</strong></span> <span class='ocrx_word' id='word_1_392' title='bbox 267 2947 356 2995; x_wconf 89' lang='lat' dir='ltr'><strong>sint,</strong></span> <span class='ocrx_word' id='word_1_393' title='bbox 370 2947 539 2999; x_wconf 87' lang='lat' dir='ltr'><strong>judices,</strong></span> <span class='ocrx_word' id='word_1_394' title='bbox 558 2946 596 2984; x_wconf 90' lang='lat' dir='ltr'><strong>in</strong></span> <span class='ocrx_word' id='word_1_395' title='bbox 610 2947 747 2998; x_wconf 90' lang='lat' dir='ltr'><strong>quibus</strong></span> <span class='ocrx_word' id='word_1_396' title='bbox 762 2949 857 3001; x_wconf 90' lang='lat' dir='ltr'><strong>quid</strong></span> <span class='ocrx_word' id='word_1_397' title='bbox 875 2949 966 2988; x_wconf 86' lang='lat' dir='ltr'><strong>mali</strong></span> <span class='ocrx_word' id='word_1_398' title='bbox 981 2961 1059 2986; x_wconf 88' lang='lat' dir='ltr'><strong>non</strong></span> <span class='ocrx_word' id='word_1_399' title='bbox 1080 2946 1207 2985; x_wconf 70' lang='lat' dir='ltr'><strong>inest?</strong></span> <span class='ocrx_word' id='word_1_400' title='bbox 1238 2946 1464 2998; x_wconf 85' lang='lat' dir='ltr'><strong>Corruptus,</strong></span> <span class='ocrx_word' id='word_1_401' title='bbox 1481 2958 1611 2987; x_wconf 65' lang='grc' dir='ltr'><strong>ειεεεῐιε-</strong></span> 
     </span>
    </p>
   </div>
  </div>
 </body>
</html>
