1923 3149
690 162 1004 202 PHILIPPICA
1039 163 1090 199 II.
1570 159 1617 194 57

150 269 287 320 Neque
314 268 415 308 enim
445 269 618 307 triremes
655 268 709 306 eis
740 268 870 319 plures
903 280 992 305 esse
1035 266 1140 304 videt
1170 277 1285 316 quam
1319 265 1448 304 vobis:
1481 277 1607 316 neque

149 343 236 368 cum
254 331 291 368 in
318 329 608 368 mediterraneis
629 329 826 380 quoddam
852 329 1037 367 invenerit
1056 327 1270 378 imperium,
1292 327 1519 364 maritimam
1541 340 1609 378 po-

150 397 329 430 testatem
349 398 388 430 et
406 391 576 443 emporia
591 390 824 429 contemnit:
854 402 980 441 neque
998 389 1140 428 oblitus
1160 395 1221 427 est
1241 400 1460 426 sermonum
1476 396 1514 425 et
1528 389 1612 440 pol-

150 453 403 492 licitationum
422 453 562 505 quibus
582 465 718 504 pacem
736 458 796 490 est
817 451 996 503 adeptus.

207 517 244 554 3.
274 517 328 554 At
344 515 560 554 mehercule
575 515 678 553 dicat
697 513 844 565 aliquis,
861 526 950 552 eum
970 513 1067 552 scire
1085 512 1171 550 haec
1183 512 1322 558 omnia,
1339 524 1463 562 neque
1476 520 1613 562 poten-

153 577 217 615 tiae
238 577 448 628 cupiditate
475 577 596 627 iisque
627 575 675 613 de
707 574 835 613 causis
854 586 952 626 quas
971 587 1044 625 ego
1069 573 1245 611 criminer
1265 580 1345 612 tum
1364 572 1454 611 haec
1474 575 1615 624 egisse,

155 638 224 676 sed
243 638 344 688 quod
361 637 532 689 aequiora
549 649 666 688 quam
687 649 759 674 nos
779 636 954 675 Thebani
967 634 1211 687 postularint.
1268 635 1412 672 Verum
1434 634 1535 672 hanc
1557 635 1618 673 vel

156 699 310 737 minime
339 699 508 738 omnium
529 698 564 737 ei
584 711 690 737 nunc
721 705 933 749 praetexere
961 697 1052 735 licet
1084 708 1268 735 causam:
1299 696 1364 747 qui
1384 697 1486 736 enim
1508 697 1618 735 Mes-

155 773 286 798 senam
308 759 624 798 Lacedaemonios
653 760 765 811 jubet
797 759 1002 804 dimittere,
1032 771 1109 810 quo
1140 764 1269 810 pacto,
1303 758 1549 797 Orchomeno
1581 765 1622 797 et

159 823 336 861 Coronea
355 829 436 860 tum
457 821 656 860 Thebanis
675 821 831 867 tradita,
852 833 893 859 se
918 820 985 858 illa
1002 820 1155 866 fecisse,
1176 819 1282 870 quod
1309 832 1423 870 aequa
1443 833 1530 858 esse
1550 833 1620 871 pu-

156 890 268 930 taret,
291 884 469 922 simulare
483 882 644 935 posset?
675 882 755 921 Sed
770 888 927 921 coaetus
941 887 1002 920 est
1021 880 1308 920 scilicet—haec
1328 883 1430 920 enim
1444 895 1523 920 una
1537 881 1625 920 reli-

158 959 234 997 qua
246 953 306 984 est
320 945 591 984 defensio—et
603 950 742 996 praeter
756 944 873 982 animi
889 943 947 981 sui
965 942 1210 988 sententiam,
1228 943 1501 981 Thessalorum
1515 944 1624 994 equi-

158 1013 242 1046 tatu
261 1007 512 1058 peditatuque
544 1006 819 1044 Thebanorum
840 1005 1142 1050 circumventus,
1163 1004 1237 1043 ista
1255 1005 1462 1043 concessit.
1519 1004 1624 1043 Prae-

160 1069 276 1107 clare.
334 1068 502 1107 Proinde
534 1068 669 1107 dicunt
686 1067 894 1106 Thebanos
923 1067 958 1105 ei
988 1072 1191 1119 suspectos
1211 1067 1306 1114 fore,
1335 1074 1374 1105 et
1401 1066 1627 1105 fabulantur

161 1130 317 1181 quidam
331 1130 476 1181 passim
499 1143 586 1169 eum
601 1129 776 1168 Elateam
788 1129 1050 1167 muniturum:
1080 1129 1112 1166 is
1127 1141 1215 1167 vero
1240 1128 1323 1166 haec
1350 1128 1478 1167 adhuc
1502 1129 1628 1167 factu-

160 1204 226 1229 rus
259 1197 320 1229 est
351 1197 405 1236 et,
434 1198 478 1229 ut
517 1204 591 1243 ego
614 1190 763 1242 judico,
805 1202 954 1242 semper
983 1189 1154 1228 facturus
1184 1190 1267 1236 erit,
1298 1203 1386 1228 curn
1420 1190 1630 1229 Messeniis

162 1260 292 1292 autem
321 1259 361 1292 et
379 1253 531 1305 Argivis
560 1252 881 1292 Lacedaemonios
914 1265 993 1291 non
1022 1253 1105 1290 olim
1135 1265 1387 1304 aggressurus
1407 1262 1479 1298 est,
1503 1253 1572 1291 sed
1591 1260 1630 1291 et

160 1316 383 1367 peregrinos
404 1315 543 1354 milites
570 1318 654 1364 ,iam
680 1327 786 1353 nunc
818 1327 864 1353 eo
895 1315 1012 1353 mittit
1040 1320 1078 1352 et
1106 1314 1310 1366 pecuniam
1343 1314 1566 1366 suppeditat
1595 1321 1635 1353 et

163 1377 246 1428 ipse
265 1390 353 1416 cum
373 1391 517 1429 magno
536 1377 711 1416 exercitu
731 1384 990 1429 exspectatur.
1048 1378 1162 1415 Anne
1182 1391 1250 1416 eos
1269 1378 1335 1429 qui
1354 1378 1631 1416 Thebanorum

163 1438 296 1477 hostes
317 1446 408 1477 sunt
429 1439 753 1478 Lacedaemonios
773 1439 923 1486 evertit,
951 1452 1049 1490 quos
1064 1452 1155 1478 vero
1180 1439 1329 1494 pridem
1357 1439 1440 1491 ipse
1464 1438 1635 1490 perdidit

165 1499 387 1540 Phocenses
417 1501 456 1540 in
485 1503 676 1553 integrum
696 1514 801 1541 nunc
824 1501 1018 1541 restituit?
1075 1501 1219 1554 Ecquis
1239 1501 1315 1541 ista
1332 1501 1494 1541 credat?
1551 1502 1636 1554 Ego

166 1575 256 1600 vero
275 1575 354 1601 non
373 1575 534 1614 possum
554 1563 772 1602 existimare
790 1563 1024 1616 Philippum,
1045 1565 1077 1603 si
1098 1571 1163 1603 aut
1183 1565 1382 1617 superiora
1401 1564 1467 1603 illa
1479 1572 1639 1603 coactus

170 1623 327 1662 fecisset
357 1630 425 1662 aut
453 1637 558 1662 nunc
594 1624 788 1663 Thebanis
821 1625 1136 1673 renuntiavisset‚
1157 1639 1244 1665 cum
1273 1626 1429 1665 illorum
1461 1627 1640 1665 hostibus

174 1691 403 1736 perpetuum
435 1686 580 1724 bellum
605 1699 690 1724 esse
723 1692 933 1737 gesturum,
964 1687 1034 1726 sed
1063 1701 1110 1726 ex
1138 1688 1198 1726 his
1218 1701 1306 1739 quae
1329 1701 1432 1727 nunc
1450 1689 1556 1735 facit,
1576 1688 1644 1726 illa

172 1746 287 1784 etiam
310 1746 473 1784 consilio
503 1758 545 1783 se
573 1745 715 1799 fecisse
742 1747 930 1786 declarat.
978 1748 1122 1786 Omnia
1148 1756 1278 1787 autem
1304 1750 1476 1795 omnino,
1501 1749 1532 1787 si
1556 1749 1643 1801 quis

170 1813 274 1846 recte
290 1807 466 1854 aestimet,
485 1807 642 1845 instruit
663 1814 704 1845 et
719 1807 875 1845 molitur
890 1815 1026 1846 contra
1041 1817 1215 1848 nostram
1230 1810 1523 1859 rempublicam.
1581 1810 1644 1848 Id-

171 1882 246 1920 que
267 1881 371 1908 nunc
402 1869 625 1908 necessario
650 1870 939 1920 quodammodo
973 1871 1008 1909 ei
1037 1883 1112 1908 usu
1137 1871 1255 1909 venit.
1313 1871 1511 1923 Reputate
1530 1873 1646 1911 enim.

173 1931 366 1982 Imperare
398 1930 494 1977 vult,
535 1930 651 1983 hujus
694 1938 823 1970 autem
851 1933 906 1970 rei
938 1932 1179 1971 adversarios
1214 1932 1318 1971 solos
1350 1947 1435 1972 esse
1474 1948 1542 1973 vos
1581 1948 1648 1972 ex-

172 1991 330 2030 istimat.
383 1991 550 2043 Injurius
571 1999 630 2031 est
646 1992 765 2044 longo
793 1994 875 2044 jam
893 1999 1080 2044 tempore,
1110 1997 1224 2044 cujus
1239 2000 1278 2032 et
1297 1994 1382 2046 ipse
1400 1994 1555 2046 quidem
1576 1992 1650 2034 sibi

175 2059 237 2091 est
252 2053 396 2104 optime
417 2053 623 2092 conscius:
653 2054 699 2091 iis
720 2054 822 2091 enim
839 2067 928 2105 quae
956 2055 1069 2093 nobis
1090 2062 1222 2106 erepta
1236 2062 1356 2103 tenet,
1373 2057 1495 2095 utitur
1509 2058 1558 2095 ad
1574 2071 1650 2096 cae-

175 2122 258 2153 tera
277 2115 406 2154 omnia
425 2115 465 2153 in
496 2121 581 2154 tuto
610 2115 868 2161 collocanda;
898 2129 989 2155 nam
1019 2117 1050 2155 si
1080 2117 1344 2170 Amphipolim
1370 2125 1410 2157 et
1429 2119 1649 2158 Potidaeam

176 2177 382 2225 amitteret,
402 2189 476 2215 nec
495 2176 600 2215 domi
619 2189 661 2215 se
680 2183 765 2215 tuto
787 2190 907 2228 posse
926 2191 1084 2217 manere
1104 2179 1278 2218 duceret.
1339 2180 1554 2233 Utrumque
1577 2181 1652 2233 igi-

177 2244 239 2276 tur
271 2238 389 2285 novit,
410 2245 450 2277 et
480 2251 523 2277 se
541 2238 650 2278 vobis
670 2238 842 2277 insidiari
862 2247 901 2278 et
920 2252 989 2279 vos
1009 2240 1050 2279 id
1070 2241 1390 2281 animadvertere.
1448 2243 1550 2281 Cum
1582 2256 1651 2282 au-

178 2306 257 2338 tem
270 2312 339 2338 vos
361 2299 541 2339 cordatos
562 2313 648 2339 esse
664 2307 787 2352 putet,
808 2313 848 2339 se
855 2301 941 2353 jure
953 2302 1060 2341 vobis
1076 2315 1161 2341 esse
1179 2303 1269 2342 odio
1285 2304 1482 2344 existimat
1501 2313 1540 2344 et
1559 2318 1654 2344 con-

179 2361 320 2400 citatus
351 2368 425 2409 est,
448 2362 594 2400 malum
612 2375 655 2401 se
681 2369 931 2415 accepturum
957 2364 1112 2411 timens,
1133 2363 1164 2403 si
1185 2366 1431 2404 occasionem
1452 2367 1654 2406 nancisca-

181 2423 371 2470 mini‚nisi
385 2424 603 2463 antevertit.
643 2424 856 2477 Propterea
877 2426 1022 2477 vigilat,
1043 2427 1230 2474 imminet,
1243 2441 1320 2478 quo
1339 2428 1488 2480 reipub.
1510 2436 1652 2467 nostrae

183 2491 360 2533 noceant,
378 2485 471 2524 colit
481 2486 756 2526 Thebanorum
769 2487 959 2538 quosdam
982 2494 1021 2525 et
1032 2488 1387 2540 Peloponnensium
1409 2490 1476 2542 qui
1496 2504 1583 2528 curn
1597 2490 1656 2528 his

185 2547 445 2594 consentiunt,
462 2561 558 2599 quos
572 2556 616 2587 ut
629 2555 784 2601 propter
810 2549 1007 2588 avaritiam
1025 2550 1063 2587 in
1084 2550 1159 2589 hoc
1179 2565 1304 2589 rerum
1329 2558 1432 2591 statu
1456 2552 1658 2603 acquietu-

186 2621 248 2646 ros
268 2614 392 2659 putat,
416 2609 468 2648 sic
490 2618 645 2662 propter
673 2611 817 2662 ingenii
843 2618 1039 2662 stuporem
1065 2612 1160 2651 nihil
1183 2625 1315 2652 eorum
1338 2627 1425 2665 quae
1452 2620 1661 2665 sequentur

186 2676 476 2720 prospecturos.
531 2673 585 2710 At
603 2674 636 2711 si
653 2674 719 2724 qui
737 2673 799 2711 vel
824 2673 1009 2711 mediocri
1030 2675 1237 2725 prudentia
1257 2682 1362 2722 sunt,
1382 2676 1588 2714 manifesta
1606 2676 1653 2714 iis

188 2731 363 2782 exempla
399 2738 460 2770 est
486 2745 654 2781 cernere,
683 2748 770 2785 quae
797 2747 885 2773 cum
906 2748 968 2773 res
1003 2735 1058 2774 ita
1090 2736 1207 2775 ferret
1236 2744 1275 2775 et
1302 2737 1407 2788 apud
1437 2736 1657 2775 Messenios

190 2799 228 2831 et
259 2793 363 2844 apud
395 2794 562 2844 Argivos
595 2797 794 2835 recensui:
835 2804 995 2848 praestat
1025 2805 1153 2836 autem
1190 2799 1357 2837 fortasse
1390 2798 1501 2837 vobis
1538 2798 1654 2839 etiam

194 2854 336 2905 exponi
356 2854 506 2893 eadem.

246 2918 286 2954 4.
317 2916 444 2960 Quam
463 2929 580 2968 aegre,
600 2917 770 2969 inquam,
793 2919 997 2967 Messenii,
1017 2920 1220 2959 audituros
1237 2921 1356 2959 fuisse
1373 2920 1520 2972 putatis
1538 2919 1661 2972 Olyn==

916 2995 925 3019 1
