1923 3149
643 160 958 202 PHILIPPICA
992 159 1063 198 IV.
1509 160 1584 198 103

123 267 197 306 tis:
226 273 265 306 et
290 266 480 313 fortassis,
501 265 767 312 Athenienses,
795 263 984 310 fortassis,
1012 270 1057 301 ut
1088 274 1156 303 vos
1182 275 1284 301 nunc
1319 262 1583 310 sciscitamini,

125 328 218 380 quid
241 328 321 380 agit
354 328 568 379 Philippus,
598 335 637 366 et
663 340 740 378 quo
759 325 1037 378 proficiscitur3
1067 324 1121 362 sic
1153 330 1194 361 et
1222 324 1287 361 ille
1307 325 1478 363 solicitus
1499 324 1587 372 erit,

122 403 198 441 quo
214 399 356 429 nostrae
377 391 480 428 urbis
507 390 628 440 copiae
657 403 698 427 se
717 388 961 434 contulerint,
986 399 1063 437 quo
1080 393 1273 437 erupturae
1289 387 1377 424 sint.

182 454 219 490 7.
250 453 364 494 Quod
382 453 412 490 si
430 452 492 490 cui
512 450 783 490 videnturhaec
795 456 834 487 et
848 448 978 499 magni
991 454 1180 499 sumptus,
1195 454 1235 485 et
1248 447 1389 485 laboris
1404 448 1588 499 ingentis,

129 520 168 551 et
187 513 450 564 occupationis
466 525 563 558 esse,
582 511 737 550 omnino
756 517 859 548 recte
875 509 1076 548 videntur:
1107 509 1174 547 sed
1195 508 1225 547 si
1245 508 1345 546 idem
1373 521 1507 546 secum
1526 521 1587 546 re-

128 581 252 626 putet,
268 588 353 625 quae
374 575 518 625 reipub.
534 581 623 624 post
642 579 825 610 eventura
844 571 935 618 sint,
951 571 1020 609 nisi
1039 571 1123 609 haec
1143 571 1268 609 facere
1286 570 1460 617 voluerit,
1480 571 1586 608 inve-

128 638 207 675 niet
223 638 402 688 expedire
416 645 460 674 ut
479 636 644 674 officium
665 636 765 673 ultro
778 635 976 673 faciamus.
1032 634 1134 672 Nam
1150 634 1181 672 si
1196 633 1281 684 quis
1292 633 1451 671 deorum
1469 646 1587 684 spon-

128 711 191 736 sor
210 699 320 736 nobis
341 698 583 748 sit,—-neque
599 698 697 735 enim
720 695 935 734 mortalium
952 696 1018 733 ulli
1037 703 1146 734 tanta
1158 695 1205 733 de
1219 709 1259 733 re
1271 695 1365 733 fides
1380 694 1512 733 haberi
1525 702 1587 732 tu-

128 768 168 798 to
188 766 385 811 posset—‚
405 773 506 806 eum,
527 760 558 797 si
575 772 642 797 vos
659 759 778 796 otium
798 757 939 808 agatis,
954 765 993 795 et
1010 758 1213 809 negligatis
1233 757 1375 804 omnia,
1401 769 1480 794 non
1499 763 1587 794 tan-

130 822 218 859 dem
240 822 277 859 in
299 835 365 860 vos
387 822 488 873 ipsos
515 821 752 866 invasurum,
777 826 888 870 turpe
909 819 1079 869 quidem,
1099 819 1251 870 Jupiter
1271 819 1400 870 diique
1429 822 1588 857 omnes!

126 883 254 930 fuerit,
275 890 388 934 atque
418 884 617 934 indignum
648 882 770 927 vobis,
789 889 829 921 et
861 881 1042 934 praesenti
1064 880 1252 931 dignitate
1277 881 1372 931 reip.
1403 887 1442 918 et
1468 881 1585 918 rebus

130 945 250 994 gestis
271 945 469 996 majorum,
489 946 537 982 ob
557 945 747 996 privatum
767 950 937 982 vestrum
958 943 1079 981 otium
1098 942 1262 993 reliquos
1276 941 1435 980 Graecos
1450 954 1589 980 omnes

131 1006 294 1054 objicere
325 1006 509 1045 servituti.
565 1007 624 1044 Ac
657 1019 729 1057 ego
754 1005 910 1056 quidem
936 1005 1017 1055 ipse
1050 1011 1213 1042 mortem
1244 1011 1423 1055 oppetere
1442 1004 1590 1051 malim,

132 1080 247 1118 quam
268 1067 361 1105 talia
380 1067 556 1108 suadere.
612 1067 753 1105 Verum
775 1067 806 1105 si
826 1066 911 1117 quis
932 1065 1027 1103 alius
1042 1065 1081 1102 id
1101 1064 1206 1111 dicit,
1225 1065 1407 1117 vobisque
1427 1078 1589 1117 persua-

132 1128 213 1172 det,
228 1136 309 1166 esto
326 1145 335 1172 ;
364 1141 413 1166 ne
434 1128 628 1166 defendite
648 1141 731 1174 vos,
751 1128 903 1178 abjicite
925 1128 1075 1165 omnia:
1105 1127 1164 1165 sin
1185 1127 1259 1165 hoc
1275 1127 1414 1164 nemini
1434 1127 1590 1165 eonsul-

129 1196 210 1226 tum
233 1189 395 1236 videtur,
415 1196 624 1239 contraque
644 1190 869 1240 praescimus
890 1203 1036 1235 omneS,
1066 1202 1142 1239 quo
1167 1190 1341 1240 pluribus
1367 1203 1454 1227 eum
1474 1190 1590 1240 potiri

130 1251 315 1296 sinamus,
334 1264 380 1288 eo
410 1264 482 1288 nos
511 1251 694 1288 acriorem
724 1251 832 1288 illum
860 1258 899 1287 et
927 1250 1184 1300 potentiorem
1211 1251 1358 1288 hostem
1379 1251 1593 1290 habituros.

129 1312 234 1354 Quid
256 1312 571 1362 subterfugimus,
593 1319 661 1349 aut
680 1312 773 1362 quid
788 1319 1028 1359 cunctamur,
1048 1319 1115 1350 aut
1129 1312 1300 1363 quando,
1316 1313 1593 1362 Athenienses,

129 1375 255 1412 officio
274 1374 384 1425 fungi
405 1373 603 1411 volemus?
634 1374 733 1410 Cum
754 1387 822 1424 per
834 1374 971 1412 Jovem
991 1373 1205 1412 necessitas
1225 1374 1353 1424 aliqua
1372 1375 1506 1412 fuerit?
1538 1377 1593 1414 At

129 1450 217 1487 quae
236 1436 439 1474 liberorum
460 1435 657 1473 hominum
679 1435 891 1473 necessitas
911 1435 986 1474 dici
1002 1443 1130 1487 queat,
1147 1449 1226 1473 non
1240 1436 1354 1474 modo
1367 1439 1449 1485 jam
1465 1437 1592 1485 adest,

129 1498 199 1536 sed
213 1498 445 1549 jampridem
460 1498 574 1535 etiam
594 1510 634 1535 se
651 1498 810 1536 obtulit:
833 1498 976 1536 servilis
993 1506 1121 1536 autem
1134 1498 1201 1536 illa
1215 1512 1263 1536 ne
1277 1498 1443 1549 ingruat,
1459 1500 1592 1550 utique

129 1566 188 1598 est
206 1559 430 1610 optandum.
487 1559 591 1603 Quid
611 1572 702 1597 vero
715 1559 897 1597 interest?
927 1560 1044 1602 Quod
1059 1560 1204 1597 homini
1220 1560 1340 1598 libero
1356 1562 1521 1599 maxima
1535 1569 1595 1599 est

130 1621 355 1667 necessitas,
381 1634 506 1658 rerum
540 1628 734 1672 gestarum
767 1621 966 1665 dedecus;
997 1635 1121 1671 eaque
1151 1623 1273 1671 major
1299 1622 1404 1660 haud
1433 1623 1513 1661 scio
1541 1636 1592 1661 an

131 1682 210 1720 ulla
229 1683 300 1720 sit:
331 1695 441 1720 servo
472 1689 615 1729 autem,
636 1682 762 1734 plagae
795 1689 835 1721 et
866 1682 1039 1734 corporis
1061 1683 1278 1728 cruciatus;
1309 1683 1412 1734 quod
1432 1684 1533 1723 absit
1550 1692 1596 1723 ut

132 1744 211 1790 fiat,
226 1750 266 1781 et
286 1744 389 1781 dictu
405 1744 604 1794 indignum
627 1751 698 1794 est.

186 1808 222 1844 8.
251 1806 310 1843 Ac
334 1805 431 1843 illud
452 1806 622 1857 quidem,
646 1806 917 1853 Athenienses,
946 1807 995 1844 ad
1028 1820 1075 1845 ea
1102 1820 1185 1844 esse
1217 1820 1357 1858 segnes
1390 1815 1428 1845 et
1446 1809 1593 1855 tardos,

132 1882 220 1919 quae
246 1868 470 1919 corporibus
489 1875 528 1905 et
545 1868 793 1906 facultatibus
814 1868 1034 1919 praestanda
1052 1868 1274 1919 reipublice„¹
1295 1876 1385 1906 sunt
1403 1870 1450 1906 ab
1472 1871 1600 1908 omni-

131 1932 220 1976 bus,
239 1943 316 1967 non
332 1936 391 1966 cst
405 1929 736 1980 comprobandum
759 1943 866 1974 sane,
887 1930 979 1980 quin
998 1930 1158 1967 multum
1180 1931 1312 1968 abest:
1341 1939 1594 1970 veruntamen

135 1991 392 2029 excusationis
413 1990 555 2041 aliquid
577 1991 706 2029 habet.
763 1992 838 2029 Sed
860 2005 932 2029 nec
953 2005 1013 2037 ea,
1033 2005 1120 2042 quae
1146 1991 1342 2029 audienda
1363 2000 1466 2039 sunt,
1487 2007 1595 2045 quee-

135 2066 208 2104 que
240 2053 279 2090 in
299 2052 614 2090 deliberationem
633 2052 760 2090 venire
786 2053 942 2100 debent,
963 2054 1096 2091 audire
1116 2053 1229 2099 velle,
1250 2053 1288 2091 id
1318 2067 1408 2093 vero
1429 2064 1596 2094 meretur

134 2127 284 2152 omnem
300 2112 647 2164 reprehensionem.
703 2114 783 2152 Vos
803 2115 920 2166 igitur
937 2128 1008 2152 nec
1028 2115 1159 2153 audire
1178 2115 1402 2166 priusquam
1424 2130 1483 2154 res
1498 2118 1595 2169 ipsae

135 2176 265 2215 adsint
283 2183 323 2213 ut
339 2189 456 2220 nunc,
472 2188 542 2213 nec
561 2175 639 2213 ulla
658 2175 705 2213 de
725 2190 765 2214 re
787 2177 996 2215 deliberare
1018 2177 1149 2215 soletis
1169 2191 1237 2228 per
1251 2178 1389 2216 otium:
1421 2179 1488 2216 sed
1505 2193 1595 2217 curn

138 2238 202 2276 ille
223 2243 357 2276 contra
376 2250 443 2274 vos
464 2250 569 2274 arma
589 2237 757 2287 expedit,
778 2237 879 2275 idem
908 2251 1022 2288 agere
1042 2246 1079 2275 et
1104 2246 1239 2276 contra
1258 2239 1395 2276 instrui
1416 2240 1597 2278 omitten-

133 2306 208 2345 tes,
228 2298 438 2341 desidetis3
468 2306 505 2336 et
526 2298 554 2335 si
575 2299 660 2348 quis
681 2298 824 2349 aliquid
843 2298 920 2336 tale
941 2298 1086 2345 dixerit,
1104 2299 1250 2347 ejicitis.
1293 2300 1504 2351 Postquam
1525 2315 1594 2340 au-

136 2368 212 2398 tem
226 2361 384 2411 periisse
403 2367 470 2398 aut
486 2360 653 2397 obsideri
679 2360 821 2410 aliquid
842 2360 1099 2408 intellexistis,
1118 2368 1198 2398 turn
1218 2361 1374 2399 demum
1398 2363 1539 2401 auditis
1555 2372 1596 2403 et

136 2423 378 2461 instruimini.
437 2423 526 2460 Fuit
555 2429 682 2460 autem
712 2422 894 2460 audiendi
919 2430 1075 2473 tempus
1100 2431 1138 2461 et
1158 2423 1385 2462 consulendi
1405 2431 1483 2462 tum
1506 2439 1594 2463 cum

137 2498 206 2522 vos
226 2484 401 2522 noluistis
419 2499 427 2523 :
458 2485 510 2522 rei
531 2491 660 2522 autem
677 2485 856 2535 gerendae
878 2493 915 2522 et
939 2492 1153 2535 apparatus,
1167 2486 1376 2524 adhibendi
1390 2500 1493 2525 nunc
1507 2501 1595 2526 cum

137 2546 290 2584 auditis.
348 2546 481 2596 Itaque
501 2560 547 2584 ex
562 2547 634 2584 ista
649 2547 942 2592 consuetudine,
955 2547 1026 2584 soli
1042 2548 1256 2586 mortalium
1278 2548 1448 2587 omnium
1465 2558 1600 2587 contra

139 2620 254 2659 quam
275 2607 338 2645 alii
357 2607 481 2645 solent
494 2607 678 2646 factitatis
694 2622 702 2646 :
733 2622 822 2646 nam
835 2622 970 2646 omnes
987 2608 1050 2646 alii
1065 2608 1240 2647 homines
1254 2617 1343 2648 ante
1357 2610 1513 2660 negotia
1526 2611 1595 2648 de-

137 2670 298 2707 liberare
313 2668 458 2711 solent;
479 2681 562 2714 vos,
574 2676 662 2719 post
677 2671 844 2720 negotia.
903 2670 1019 2713 Quod
1034 2670 1148 2721 igitur
1162 2677 1222 2708 est
1233 2671 1437 2721 reliquum,
1453 2678 1491 2708 et
1504 2671 1594 2710 olim

136 2733 282 2770 factum
302 2730 483 2780 opOrtuit,
505 2731 574 2767 sed
593 2743 720 2782 neque
739 2745 842 2769 nunc
862 2745 987 2769 serum
1006 2740 1077 2777 est,
1100 2732 1138 2769 id
1158 2732 1300 2770 dicam.

191 2795 230 2831 9.
261 2792 366 2829 Nihil
379 2791 546 2828 omnium
561 2805 686 2830 rerum
706 2793 756 2830 ad
768 2806 813 2830 ea
828 2794 984 2844 negotia
1002 2807 1089 2844 quae
1105 2794 1253 2832 instant
1271 2793 1492 2844 reipublicae
1506 2807 1593 2846 per-

139 2854 230 2892 inde
250 2860 310 2891 est
326 2866 434 2904 opus,
456 2860 497 2890 ut
519 2853 695 2902 pecunia.
755 2854 864 2892 Ultro
886 2863 1012 2892 autem
1028 2855 1192 2892 felicitas
1209 2854 1385 2905 quaedam
1406 2856 1517 2893 nobis
1538 2857 1596 2894 of-

138 2916 269 2963 fertur,
284 2928 361 2966 qua
373 2914 403 2953 si
419 2921 523 2953 recte
540 2922 702 2961 utamur,
722 2915 896 2955 fortassis
917 2917 1030 2954 etiam
1047 2929 1150 2955 nunc
1171 2915 1315 2966 aliquid
1345 2915 1437 2954 utile
1456 2918 1595 2962 confici
