<?xml version="1.0" encoding="UTF-8"?>
<!DOCTYPE html PUBLIC "-//W3C//DTD XHTML 1.0 Transitional//EN"
    "http://www.w3.org/TR/xhtml1/DTD/xhtml1-transitional.dtd">
<html xmlns="http://www.w3.org/1999/xhtml" xml:lang="en" lang="en">
 <head>
  <title>
</title>
<meta http-equiv="Content-Type" content="text/html;charset=utf-8" />
  <meta name='ocr-system' content='tesseract 3.04.00' />
  <meta name='ocr-capabilities' content='ocr_page ocr_carea ocr_par ocr_line ocrx_word'/>
</head>
<body>
  <div class='ocr_page' id='page_1' title='image "./oratoresatticie15dobs_0480.png"; bbox 0 0 1923 3149; ppageno 0'>
   <div class='ocr_carea' id='block_1_1' title="bbox 265 133 1388 173">
    <p class='ocr_par' dir='ltr' id='par_1_1' title="bbox 265 133 1388 173">
     <span class='ocr_line' id='line_1_1' title="bbox 265 133 1388 173; baseline -0.001 0"><span class='ocrx_word' id='word_1_1' title='bbox 265 135 344 173; x_wconf 77' lang='lat'>464</span> <span class='ocrx_word' id='word_1_2' title='bbox 575 133 823 172; x_wconf 72' lang='lat' dir='ltr'><strong>CONTRA</strong></span> <span class='ocrx_word' id='word_1_3' title='bbox 854 133 1322 173; x_wconf 90' lang='lat' dir='ltr'>ARISTOGITONEM</span> <span class='ocrx_word' id='word_1_4' title='bbox 1356 136 1388 173; x_wconf 91' lang='grc' dir='ltr'>Ι.</span> 
     </span>
    </p>
   </div>
   <div class='ocr_carea' id='block_1_2' title="bbox 261 234 1728 2895">
    <p class='ocr_par' dir='ltr' id='par_1_2' title="bbox 261 234 1714 1198">
     <span class='ocr_line' id='line_1_2' title="bbox 261 234 1706 287; baseline -0.001 -14"><span class='ocrx_word' id='word_1_5' title='bbox 261 236 404 281; x_wconf 80' lang='lat' dir='ltr'>vident,</span> <span class='ocrx_word' id='word_1_6' title='bbox 425 241 467 272; x_wconf 90' lang='lat' dir='ltr'>ut</span> <span class='ocrx_word' id='word_1_7' title='bbox 485 246 562 272; x_wconf 89' lang='lat' dir='ltr'>non</span> <span class='ocrx_word' id='word_1_8' title='bbox 581 234 723 272; x_wconf 84' lang='lat' dir='ltr'>vidisse</span> <span class='ocrx_word' id='word_1_9' title='bbox 742 235 957 273; x_wconf 86' lang='lat' dir='ltr'>videantur.</span> <span class='ocrx_word' id='word_1_10' title='bbox 987 235 1046 272; x_wconf 85' lang='lat' dir='ltr'>Ita</span> <span class='ocrx_word' id='word_1_11' title='bbox 1060 236 1114 280; x_wconf 76' lang='lat' dir='ltr'>fit,</span> <span class='ocrx_word' id='word_1_12' title='bbox 1132 243 1172 273; x_wconf 86' lang='lat' dir='ltr'>ut</span> <span class='ocrx_word' id='word_1_13' title='bbox 1193 236 1322 274; x_wconf 89' lang='lat' dir='ltr'>omnia</span> <span class='ocrx_word' id='word_1_14' title='bbox 1340 237 1433 275; x_wconf 86' lang='lat' dir='ltr'>fiant</span> <span class='ocrx_word' id='word_1_15' title='bbox 1448 250 1534 287; x_wconf 82' lang='lat' dir='ltr'>quae</span> <span class='ocrx_word' id='word_1_16' title='bbox 1551 237 1706 286; x_wconf 82' lang='lat' dir='ltr'>ingenia</span> 
     </span>
     <span class='ocr_line' id='line_1_3' title="bbox 262 295 1703 345; baseline 0 -12"><span class='ocrx_word' id='word_1_17' title='bbox 262 298 403 341; x_wconf 84' lang='lat' dir='ltr'>ferunt,</span> <span class='ocrx_word' id='word_1_18' title='bbox 423 302 462 334; x_wconf 90' lang='lat' dir='ltr'>et</span> <span class='ocrx_word' id='word_1_19' title='bbox 480 302 582 333; x_wconf 90' lang='lat' dir='ltr'>recte</span> <span class='ocrx_word' id='word_1_20' title='bbox 602 295 708 332; x_wconf 87' lang='lat' dir='ltr'>fiant.</span> <span class='ocrx_word' id='word_1_21' title='bbox 738 296 799 333; x_wconf 90' lang='lat' dir='ltr'>Ad</span> <span class='ocrx_word' id='word_1_22' title='bbox 819 296 981 334; x_wconf 89' lang='lat' dir='ltr'>eundem</span> <span class='ocrx_word' id='word_1_23' title='bbox 1001 296 1115 345; x_wconf 86' lang='lat' dir='ltr'>igitur</span> <span class='ocrx_word' id='word_1_24' title='bbox 1130 296 1231 334; x_wconf 89' lang='lat' dir='ltr'>hunc</span> <span class='ocrx_word' id='word_1_25' title='bbox 1251 298 1407 334; x_wconf 89' lang='lat' dir='ltr'>modum</span> <span class='ocrx_word' id='word_1_26' title='bbox 1427 305 1467 334; x_wconf 87' lang='lat' dir='ltr'>et</span> <span class='ocrx_word' id='word_1_27' title='bbox 1487 311 1566 341; x_wconf 86' lang='lat' dir='ltr'>vos,</span> <span class='ocrx_word' id='word_1_28' title='bbox 1581 298 1703 334; x_wconf 80' lang='lat' dir='ltr'>Athe-</span> 
     </span>
     <span class='ocr_line' id='line_1_4' title="bbox 261 356 1706 407; baseline -0.001 -13"><span class='ocrx_word' id='word_1_29' title='bbox 261 358 424 400; x_wconf 89' lang='lat' dir='ltr'>nienses,</span> <span class='ocrx_word' id='word_1_30' title='bbox 446 356 484 392; x_wconf 93' lang='lat' dir='ltr'>in</span> <span class='ocrx_word' id='word_1_31' title='bbox 505 357 597 394; x_wconf 91' lang='lat' dir='ltr'>urbe</span> <span class='ocrx_word' id='word_1_32' title='bbox 611 356 805 402; x_wconf 84' lang='lat' dir='ltr'>habitatis,</span> <span class='ocrx_word' id='word_1_33' title='bbox 825 363 1077 406; x_wconf 84' lang='lat' dir='ltr'>cognatorum</span> <span class='ocrx_word' id='word_1_34' title='bbox 1097 356 1230 404; x_wconf 87' lang='lat' dir='ltr'>instar,</span> <span class='ocrx_word' id='word_1_35' title='bbox 1247 365 1362 407; x_wconf 86' lang='lat' dir='ltr'>atque</span> <span class='ocrx_word' id='word_1_36' title='bbox 1381 358 1613 395; x_wconf 79' lang='lat' dir='ltr'>humaniter:</span> <span class='ocrx_word' id='word_1_37' title='bbox 1644 356 1706 393; x_wconf 87' lang='lat' dir='ltr'>alii</span> 
     </span>
     <span class='ocr_line' id='line_1_5' title="bbox 264 416 1707 469; baseline -0.001 -15"><span class='ocrx_word' id='word_1_38' title='bbox 264 418 318 454; x_wconf 89' lang='lat' dir='ltr'>sie</span> <span class='ocrx_word' id='word_1_39' title='bbox 338 417 597 468; x_wconf 82' lang='lat' dir='ltr'>adspicientes</span> <span class='ocrx_word' id='word_1_40' title='bbox 617 417 927 455; x_wconf 84' lang='lat' dir='ltr'>calamitosorum</span> <span class='ocrx_word' id='word_1_41' title='bbox 948 416 1062 462; x_wconf 85' lang='lat' dir='ltr'>mala,</span> <span class='ocrx_word' id='word_1_42' title='bbox 1082 423 1138 462; x_wconf 90' lang='lat' dir='ltr'>ut,</span> <span class='ocrx_word' id='word_1_43' title='bbox 1149 418 1252 467; x_wconf 91' lang='lat' dir='ltr'>quod</span> <span class='ocrx_word' id='word_1_44' title='bbox 1271 416 1469 469; x_wconf 79' lang='lat' dir='ltr'>proverbio</span> <span class='ocrx_word' id='word_1_45' title='bbox 1487 416 1637 461; x_wconf 85' lang='lat' dir='ltr'>dicitur,</span> <span class='ocrx_word' id='word_1_46' title='bbox 1653 417 1707 453; x_wconf 91' lang='lat' dir='ltr'>vi-</span> 
     </span>
     <span class='ocr_line' id='line_1_6' title="bbox 263 477 1708 526; baseline -0.001 -12"><span class='ocrx_word' id='word_1_47' title='bbox 263 478 402 515; x_wconf 84' lang='lat' dir='ltr'>dentes</span> <span class='ocrx_word' id='word_1_48' title='bbox 417 490 492 515; x_wconf 88' lang='lat' dir='ltr'>non</span> <span class='ocrx_word' id='word_1_49' title='bbox 513 477 690 522; x_wconf 87' lang='lat' dir='ltr'>videatis,</span> <span class='ocrx_word' id='word_1_50' title='bbox 713 484 752 515; x_wconf 89' lang='lat' dir='ltr'>et</span> <span class='ocrx_word' id='word_1_51' title='bbox 772 478 971 515; x_wconf 82' lang='lat' dir='ltr'>audientes</span> <span class='ocrx_word' id='word_1_52' title='bbox 988 490 1064 514; x_wconf 87' lang='lat' dir='ltr'>non</span> <span class='ocrx_word' id='word_1_53' title='bbox 1084 477 1264 524; x_wconf 88' lang='lat' dir='ltr'>audiatis,</span> <span class='ocrx_word' id='word_1_54' title='bbox 1278 478 1333 515; x_wconf 93' lang='lat' dir='ltr'>illi</span> <span class='ocrx_word' id='word_1_55' title='bbox 1351 477 1405 513; x_wconf 86' lang='lat' dir='ltr'>ita</span> <span class='ocrx_word' id='word_1_56' title='bbox 1424 489 1469 514; x_wconf 89' lang='lat' dir='ltr'>ea</span> <span class='ocrx_word' id='word_1_57' title='bbox 1488 483 1608 526; x_wconf 81' lang='lat' dir='ltr'>agant</span> <span class='ocrx_word' id='word_1_58' title='bbox 1621 489 1708 526; x_wconf 81' lang='lat' dir='ltr'>quoe</span> 
     </span>
     <span class='ocr_line' id='line_1_7' title="bbox 263 536 1710 588; baseline -0.002 -13"><span class='ocrx_word' id='word_1_59' title='bbox 263 538 423 584; x_wconf 85' lang='lat' dir='ltr'>faciunt,</span> <span class='ocrx_word' id='word_1_60' title='bbox 439 544 482 575; x_wconf 86' lang='lat' dir='ltr'>ut</span> <span class='ocrx_word' id='word_1_61' title='bbox 495 551 562 576; x_wconf 89' lang='lat' dir='ltr'>eos</span> <span class='ocrx_word' id='word_1_62' title='bbox 582 544 766 588; x_wconf 85' lang='lat' dir='ltr'>appareat</span> <span class='ocrx_word' id='word_1_63' title='bbox 783 550 916 576; x_wconf 85' lang='lat' dir='ltr'>cavere</span> <span class='ocrx_word' id='word_1_64' title='bbox 936 544 976 575; x_wconf 90' lang='lat' dir='ltr'>et</span> <span class='ocrx_word' id='word_1_65' title='bbox 993 538 1256 576; x_wconf 89' lang='lat' dir='ltr'>verecundari.</span> <span class='ocrx_word' id='word_1_66' title='bbox 1290 537 1392 575; x_wconf 90' lang='lat' dir='ltr'>Hinc</span> <span class='ocrx_word' id='word_1_67' title='bbox 1411 537 1624 575; x_wconf 87' lang='lat' dir='ltr'>communis</span> <span class='ocrx_word' id='word_1_68' title='bbox 1644 536 1710 573; x_wconf 84' lang='lat' dir='ltr'>illa</span> 
     </span>
     <span class='ocr_line' id='line_1_8' title="bbox 263 597 1710 649; baseline 0 -13"><span class='ocrx_word' id='word_1_69' title='bbox 263 606 302 636; x_wconf 89' lang='lat' dir='ltr'>et</span> <span class='ocrx_word' id='word_1_70' title='bbox 320 600 487 637; x_wconf 90' lang='lat' dir='ltr'>omnium</span> <span class='ocrx_word' id='word_1_71' title='bbox 506 601 695 636; x_wconf 86' lang='lat' dir='ltr'>bonorum</span> <span class='ocrx_word' id='word_1_72' title='bbox 721 611 838 636; x_wconf 85' lang='lat' dir='ltr'>eausa</span> <span class='ocrx_word' id='word_1_73' title='bbox 859 599 1078 649; x_wconf 81' lang='lat' dir='ltr'>reipublicae</span> <span class='ocrx_word' id='word_1_74' title='bbox 1101 606 1232 637; x_wconf 88' lang='lat' dir='ltr'>manet</span> <span class='ocrx_word' id='word_1_75' title='bbox 1251 606 1290 637; x_wconf 87' lang='lat' dir='ltr'>et</span> <span class='ocrx_word' id='word_1_76' title='bbox 1311 605 1463 636; x_wconf 87' lang='lat' dir='ltr'>constat</span> <span class='ocrx_word' id='word_1_77' title='bbox 1490 597 1710 636; x_wconf 85' lang='lat' dir='ltr'>eoncordia.</span> 
     </span>
     <span class='ocr_line' id='line_1_9' title="bbox 265 659 1710 710; baseline -0.001 -13"><span class='ocrx_word' id='word_1_78' title='bbox 265 660 362 697; x_wconf 88' lang='lat' dir='ltr'>Haec</span> <span class='ocrx_word' id='word_1_79' title='bbox 383 660 592 710; x_wconf 83' lang='lat' dir='ltr'>Aristogito</span> <span class='ocrx_word' id='word_1_80' title='bbox 613 659 711 696; x_wconf 87' lang='lat' dir='ltr'>adeo</span> <span class='ocrx_word' id='word_1_81' title='bbox 730 659 914 709; x_wconf 80' lang='lat' dir='ltr'>praeclare</span> <span class='ocrx_word' id='word_1_82' title='bbox 933 661 1009 697; x_wconf 80' lang='lat' dir='ltr'>fixa</span> <span class='ocrx_word' id='word_1_83' title='bbox 1028 667 1178 706; x_wconf 89' lang='lat' dir='ltr'>natura,</span> <span class='ocrx_word' id='word_1_84' title='bbox 1193 667 1232 698; x_wconf 84' lang='lat' dir='ltr'>et</span> <span class='ocrx_word' id='word_1_85' title='bbox 1247 659 1430 697; x_wconf 88' lang='lat' dir='ltr'>institutis</span> <span class='ocrx_word' id='word_1_86' title='bbox 1449 659 1599 704; x_wconf 85' lang='lat' dir='ltr'>vestris,</span> <span class='ocrx_word' id='word_1_87' title='bbox 1618 671 1710 696; x_wconf 90' lang='lat' dir='ltr'>con-</span> 
     </span>
     <span class='ocr_line' id='line_1_10' title="bbox 263 719 1710 770; baseline 0 -13"><span class='ocrx_word' id='word_1_88' title='bbox 263 720 382 766; x_wconf 85' lang='lat' dir='ltr'>vellit,</span> <span class='ocrx_word' id='word_1_89' title='bbox 403 719 513 765; x_wconf 77' lang='lat' dir='ltr'>eruit,</span> <span class='ocrx_word' id='word_1_90' title='bbox 534 719 694 757; x_wconf 85' lang='lat' dir='ltr'>evertit:</span> <span class='ocrx_word' id='word_1_91' title='bbox 725 727 763 756; x_wconf 89' lang='lat' dir='ltr'>et</span> <span class='ocrx_word' id='word_1_92' title='bbox 791 733 877 769; x_wconf 86' lang='lat' dir='ltr'>quae</span> <span class='ocrx_word' id='word_1_93' title='bbox 905 732 1038 758; x_wconf 86' lang='lat' dir='ltr'>omnes</span> <span class='ocrx_word' id='word_1_94' title='bbox 1058 720 1120 757; x_wconf 90' lang='lat' dir='ltr'>alii</span> <span class='ocrx_word' id='word_1_95' title='bbox 1142 721 1356 758; x_wconf 85' lang='lat' dir='ltr'>calamitosi</span> <span class='ocrx_word' id='word_1_96' title='bbox 1378 721 1524 770; x_wconf 83' lang='lat' dir='ltr'>absque</span> <span class='ocrx_word' id='word_1_97' title='bbox 1550 720 1710 770; x_wconf 87' lang='lat' dir='ltr'>strepitu</span> 
     </span>
     <span class='ocr_line' id='line_1_11' title="bbox 264 780 1711 832; baseline 0 -14"><span class='ocrx_word' id='word_1_98' title='bbox 264 781 422 826; x_wconf 83' lang='lat' dir='ltr'>faciunt,</span> <span class='ocrx_word' id='word_1_99' title='bbox 436 794 481 818; x_wconf 90' lang='lat' dir='ltr'>ea</span> <span class='ocrx_word' id='word_1_100' title='bbox 500 781 531 818; x_wconf 90' lang='lat' dir='ltr'>is</span> <span class='ocrx_word' id='word_1_101' title='bbox 552 787 702 818; x_wconf 87' lang='lat' dir='ltr'>tantum</span> <span class='ocrx_word' id='word_1_102' title='bbox 722 793 797 817; x_wconf 89' lang='lat' dir='ltr'>non</span> <span class='ocrx_word' id='word_1_103' title='bbox 816 780 914 818; x_wconf 88' lang='lat' dir='ltr'>nolis</span> <span class='ocrx_word' id='word_1_104' title='bbox 931 780 1129 832; x_wconf 87' lang='lat' dir='ltr'>suspensis</span> <span class='ocrx_word' id='word_1_105' title='bbox 1148 782 1309 831; x_wconf 85' lang='lat' dir='ltr'>peragit.</span> <span class='ocrx_word' id='word_1_106' title='bbox 1344 781 1433 818; x_wconf 90' lang='lat' dir='ltr'>Non</span> <span class='ocrx_word' id='word_1_107' title='bbox 1453 788 1619 827; x_wconf 86' lang='lat' dir='ltr'>senator,</span> <span class='ocrx_word' id='word_1_108' title='bbox 1634 793 1711 818; x_wconf 91' lang='lat' dir='ltr'>non</span> 
     </span>
     <span class='ocr_line' id='line_1_12' title="bbox 263 842 1712 894; baseline 0.001 -15"><span class='ocrx_word' id='word_1_109' title='bbox 263 856 407 894; x_wconf 80' lang='lat' dir='ltr'>praeco,</span> <span class='ocrx_word' id='word_1_110' title='bbox 426 856 503 881; x_wconf 90' lang='lat' dir='ltr'>non</span> <span class='ocrx_word' id='word_1_111' title='bbox 523 855 683 894; x_wconf 80' lang='lat' dir='ltr'>praeses,</span> <span class='ocrx_word' id='word_1_112' title='bbox 702 855 780 879; x_wconf 88' lang='lat' dir='ltr'>non</span> <span class='ocrx_word' id='word_1_113' title='bbox 805 842 1018 893; x_wconf 78' lang='lat' dir='ltr'>praesidens</span> <span class='ocrx_word' id='word_1_114' title='bbox 1048 843 1168 880; x_wconf 90' lang='lat' dir='ltr'>tribus</span> <span class='ocrx_word' id='word_1_115' title='bbox 1188 856 1275 880; x_wconf 88' lang='lat' dir='ltr'>eum</span> <span class='ocrx_word' id='word_1_116' title='bbox 1295 855 1469 880; x_wconf 89' lang='lat' dir='ltr'>coercere</span> <span class='ocrx_word' id='word_1_117' title='bbox 1488 850 1625 893; x_wconf 84' lang='lat' dir='ltr'>potest.</span> <span class='ocrx_word' id='word_1_118' title='bbox 1671 843 1712 880; x_wconf 85' lang='lat' dir='ltr'>Si</span> 
     </span>
     <span class='ocr_line' id='line_1_13' title="bbox 264 902 1714 954; baseline 0 -14"><span class='ocrx_word' id='word_1_119' title='bbox 264 904 351 954; x_wconf 86' lang='lat' dir='ltr'>quis</span> <span class='ocrx_word' id='word_1_120' title='bbox 373 904 485 954; x_wconf 87' lang='lat' dir='ltr'>igitur</span> <span class='ocrx_word' id='word_1_121' title='bbox 498 911 667 941; x_wconf 90' lang='lat' dir='ltr'>vestrum</span> <span class='ocrx_word' id='word_1_122' title='bbox 683 903 766 954; x_wconf 88' lang='lat' dir='ltr'>ejus</span> <span class='ocrx_word' id='word_1_123' title='bbox 788 902 998 953; x_wconf 80' lang='lat' dir='ltr'>petulantia</span> <span class='ocrx_word' id='word_1_124' title='bbox 1017 903 1199 949; x_wconf 86' lang='lat' dir='ltr'>offensus,</span> <span class='ocrx_word' id='word_1_125' title='bbox 1220 916 1307 941; x_wconf 88' lang='lat' dir='ltr'>eum</span> <span class='ocrx_word' id='word_1_126' title='bbox 1329 903 1421 940; x_wconf 88' lang='lat' dir='ltr'>talia</span> <span class='ocrx_word' id='word_1_127' title='bbox 1441 910 1480 941; x_wconf 90' lang='lat' dir='ltr'>et</span> <span class='ocrx_word' id='word_1_128' title='bbox 1498 903 1588 941; x_wconf 86' lang='lat' dir='ltr'>talia</span> <span class='ocrx_word' id='word_1_129' title='bbox 1609 903 1714 940; x_wconf 87' lang='lat' dir='ltr'>dieat</span> 
     </span>
     <span class='ocr_line' id='line_1_14' title="bbox 266 963 1713 1014; baseline -0.001 -12"><span class='ocrx_word' id='word_1_130' title='bbox 266 977 395 1014; x_wconf 84' lang='lat' dir='ltr'>agere,</span> <span class='ocrx_word' id='word_1_131' title='bbox 421 978 506 1002; x_wconf 88' lang='lat' dir='ltr'>eum</span> <span class='ocrx_word' id='word_1_132' title='bbox 527 965 667 1002; x_wconf 86' lang='lat' dir='ltr'>debeat</span> <span class='ocrx_word' id='word_1_133' title='bbox 685 965 831 1009; x_wconf 85' lang='lat' dir='ltr'>aerario,</span> <span class='ocrx_word' id='word_1_134' title='bbox 861 963 953 1014; x_wconf 89' lang='lat' dir='ltr'>quid</span> <span class='ocrx_word' id='word_1_135' title='bbox 977 977 1080 1009; x_wconf 87' lang='lat' dir='ltr'>vero,</span> <span class='ocrx_word' id='word_1_136' title='bbox 1110 977 1237 1001; x_wconf 89' lang='lat' dir='ltr'>nonne</span> <span class='ocrx_word' id='word_1_137' title='bbox 1257 971 1296 1001; x_wconf 89' lang='lat' dir='ltr'>et</span> <span class='ocrx_word' id='word_1_138' title='bbox 1322 964 1400 1009; x_wconf 90' lang='lat' dir='ltr'>ille,</span> <span class='ocrx_word' id='word_1_139' title='bbox 1420 964 1553 1014; x_wconf 90' lang='lat' dir='ltr'>inquit,</span> <span class='ocrx_word' id='word_1_140' title='bbox 1579 964 1713 1001; x_wconf 79' lang='lat' dir='ltr'>oerario</span> 
     </span>
     <span class='ocr_line' id='line_1_15' title="bbox 267 1025 1712 1076; baseline -0.003 -11"><span class='ocrx_word' id='word_1_141' title='bbox 267 1027 412 1065; x_wconf 72' lang='lat' dir='ltr'>debet?</span> <span class='ocrx_word' id='word_1_142' title='bbox 443 1027 495 1065; x_wconf 83' lang='lat' dir='ltr'>Et</span> <span class='ocrx_word' id='word_1_143' title='bbox 512 1027 662 1065; x_wconf 85' lang='lat' dir='ltr'>hostem</span> <span class='ocrx_word' id='word_1_144' title='bbox 682 1026 843 1076; x_wconf 89' lang='lat' dir='ltr'>quisque</span> <span class='ocrx_word' id='word_1_145' title='bbox 864 1039 973 1063; x_wconf 90' lang='lat' dir='ltr'>suum</span> <span class='ocrx_word' id='word_1_146' title='bbox 996 1026 1180 1063; x_wconf 86' lang='lat' dir='ltr'>nominat.</span> <span class='ocrx_word' id='word_1_147' title='bbox 1211 1027 1340 1067; x_wconf 84' lang='lat' dir='ltr'>Quare</span> <span class='ocrx_word' id='word_1_148' title='bbox 1359 1025 1580 1075; x_wconf 86' lang='lat' dir='ltr'>improbitas</span> <span class='ocrx_word' id='word_1_149' title='bbox 1602 1025 1712 1062; x_wconf 80' lang='lat' dir='ltr'>istius</span> 
     </span>
     <span class='ocr_line' id='line_1_16' title="bbox 267 1086 1712 1138; baseline -0.002 -12"><span class='ocrx_word' id='word_1_150' title='bbox 267 1101 389 1126; x_wconf 83' lang='lat' dir='ltr'>causa</span> <span class='ocrx_word' id='word_1_151' title='bbox 406 1095 467 1125; x_wconf 85' lang='lat' dir='ltr'>est</span> <span class='ocrx_word' id='word_1_152' title='bbox 485 1088 789 1135; x_wconf 87' lang='lat' dir='ltr'>maledictorum,</span> <span class='ocrx_word' id='word_1_153' title='bbox 812 1100 897 1138; x_wconf 82' lang='lat' dir='ltr'>quae</span> <span class='ocrx_word' id='word_1_154' title='bbox 917 1093 1071 1138; x_wconf 86' lang='lat' dir='ltr'>propter</span> <span class='ocrx_word' id='word_1_155' title='bbox 1090 1087 1206 1124; x_wconf 86' lang='lat' dir='ltr'>istum</span> <span class='ocrx_word' id='word_1_156' title='bbox 1231 1086 1277 1124; x_wconf 88' lang='lat' dir='ltr'>iis</span> <span class='ocrx_word' id='word_1_157' title='bbox 1296 1086 1408 1133; x_wconf 85' lang='lat' dir='ltr'>fiunt,</span> <span class='ocrx_word' id='word_1_158' title='bbox 1428 1086 1493 1136; x_wconf 88' lang='lat' dir='ltr'>qui</span> <span class='ocrx_word' id='word_1_159' title='bbox 1513 1093 1605 1123; x_wconf 83' lang='lat' dir='ltr'>sunt</span> <span class='ocrx_word' id='word_1_160' title='bbox 1630 1086 1712 1136; x_wconf 82' lang='lat' dir='ltr'>ejus</span> 
     </span>
     <span class='ocr_line' id='line_1_17' title="bbox 265 1150 801 1198; baseline 0.006 -11"><span class='ocrx_word' id='word_1_161' title='bbox 265 1150 486 1188; x_wconf 85' lang='lat' dir='ltr'>dissimiles.</span> <span class='ocrx_word' id='word_1_162' title='bbox 783 1184 801 1198; x_wconf 57' lang='lat'>,2</span> 
     </span>
    </p>

    <p class='ocr_par' dir='ltr' id='par_1_3' title="bbox 264 1210 1728 2895">
     <span class='ocr_line' id='line_1_18' title="bbox 320 1210 1713 1262; baseline -0.001 -14"><span class='ocrx_word' id='word_1_163' title='bbox 320 1214 384 1250; x_wconf 77' lang='lat'>21.</span> <span class='ocrx_word' id='word_1_164' title='bbox 415 1212 622 1262; x_wconf 86' lang='lat' dir='ltr'>Reliquum</span> <span class='ocrx_word' id='word_1_165' title='bbox 637 1211 753 1261; x_wconf 84' lang='lat' dir='ltr'>igitur</span> <span class='ocrx_word' id='word_1_166' title='bbox 767 1217 838 1257; x_wconf 84' lang='lat' dir='ltr'>est,</span> <span class='ocrx_word' id='word_1_167' title='bbox 858 1210 1128 1256; x_wconf 80' lang='lat' dir='ltr'>Athenienses,</span> <span class='ocrx_word' id='word_1_168' title='bbox 1143 1211 1189 1249; x_wconf 87' lang='lat' dir='ltr'>iis</span> <span class='ocrx_word' id='word_1_169' title='bbox 1206 1211 1269 1262; x_wconf 90' lang='lat' dir='ltr'>qui</span> <span class='ocrx_word' id='word_1_170' title='bbox 1285 1211 1358 1249; x_wconf 90' lang='lat' dir='ltr'>isto</span> <span class='ocrx_word' id='word_1_171' title='bbox 1373 1210 1524 1249; x_wconf 87' lang='lat' dir='ltr'>liberari</span> <span class='ocrx_word' id='word_1_172' title='bbox 1543 1210 1713 1261; x_wconf 89' lang='lat' dir='ltr'>eupiunt,</span> 
     </span>
     <span class='ocr_line' id='line_1_19' title="bbox 265 1271 1712 1322; baseline -0.002 -12"><span class='ocrx_word' id='word_1_173' title='bbox 265 1280 310 1312; x_wconf 85' lang='lat' dir='ltr'>ut</span> <span class='ocrx_word' id='word_1_174' title='bbox 329 1273 415 1311; x_wconf 84' lang='lat' dir='ltr'>freti</span> <span class='ocrx_word' id='word_1_175' title='bbox 442 1273 573 1322; x_wconf 85' lang='lat' dir='ltr'>legum</span> <span class='ocrx_word' id='word_1_176' title='bbox 602 1272 781 1322; x_wconf 83' lang='lat' dir='ltr'>exemplo</span> <span class='ocrx_word' id='word_1_177' title='bbox 807 1272 1011 1322; x_wconf 90' lang='lat' dir='ltr'>perspicuo</span> <span class='ocrx_word' id='word_1_178' title='bbox 1038 1280 1076 1309; x_wconf 89' lang='lat' dir='ltr'>et</span> <span class='ocrx_word' id='word_1_179' title='bbox 1102 1272 1237 1309; x_wconf 88' lang='lat' dir='ltr'>illustri</span> <span class='ocrx_word' id='word_1_180' title='bbox 1264 1272 1439 1317; x_wconf 86' lang='lat' dir='ltr'>maxime,</span> <span class='ocrx_word' id='word_1_181' title='bbox 1466 1271 1599 1322; x_wconf 88' lang='lat' dir='ltr'>capitis</span> <span class='ocrx_word' id='word_1_182' title='bbox 1625 1283 1712 1308; x_wconf 89' lang='lat' dir='ltr'>eum</span> 
     </span>
     <span class='ocr_line' id='line_1_20' title="bbox 265 1332 1713 1384; baseline -0.002 -13"><span class='ocrx_word' id='word_1_183' title='bbox 265 1334 535 1376; x_wconf 83' lang='lat' dir='ltr'>condemnent,</span> <span class='ocrx_word' id='word_1_184' title='bbox 556 1340 621 1370; x_wconf 87' lang='lat' dir='ltr'>aut</span> <span class='ocrx_word' id='word_1_185' title='bbox 639 1340 745 1370; x_wconf 85' lang='lat' dir='ltr'>tanta</span> <span class='ocrx_word' id='word_1_186' title='bbox 772 1333 936 1383; x_wconf 82' lang='lat' dir='ltr'>pecunia</span> <span class='ocrx_word' id='word_1_187' title='bbox 956 1332 1157 1377; x_wconf 81' lang='lat' dir='ltr'>mule&#39;tent,</span> <span class='ocrx_word' id='word_1_188' title='bbox 1179 1337 1360 1384; x_wconf 83' lang='lat' dir='ltr'>quantam</span> <span class='ocrx_word' id='word_1_189' title='bbox 1383 1332 1529 1369; x_wconf 80' lang='lat' dir='ltr'>solvere</span> <span class='ocrx_word' id='word_1_190' title='bbox 1549 1344 1624 1368; x_wconf 85' lang='lat' dir='ltr'>non</span> <span class='ocrx_word' id='word_1_191' title='bbox 1644 1344 1713 1382; x_wconf 91' lang='lat' dir='ltr'>po-</span> 
     </span>
     <span class='ocr_line' id='line_1_21' title="bbox 266 1392 1714 1443; baseline -0.002 -11"><span class='ocrx_word' id='word_1_192' title='bbox 266 1395 367 1432; x_wconf 89' lang='lat' dir='ltr'>terit.</span> <span class='ocrx_word' id='word_1_193' title='bbox 398 1394 518 1431; x_wconf 83' lang='lat' dir='ltr'>Aliter</span> <span class='ocrx_word' id='word_1_194' title='bbox 535 1394 633 1431; x_wconf 85' lang='lat' dir='ltr'>euim</span> <span class='ocrx_word' id='word_1_195' title='bbox 655 1393 773 1442; x_wconf 89' lang='lat' dir='ltr'>quieti</span> <span class='ocrx_word' id='word_1_196' title='bbox 790 1406 856 1443; x_wconf 88' lang='lat' dir='ltr'>per</span> <span class='ocrx_word' id='word_1_197' title='bbox 876 1406 963 1430; x_wconf 89' lang='lat' dir='ltr'>eum</span> <span class='ocrx_word' id='word_1_198' title='bbox 984 1406 1069 1430; x_wconf 89' lang='lat' dir='ltr'>esse</span> <span class='ocrx_word' id='word_1_199' title='bbox 1091 1406 1168 1430; x_wconf 90' lang='lat' dir='ltr'>non</span> <span class='ocrx_word' id='word_1_200' title='bbox 1182 1393 1370 1443; x_wconf 86' lang='lat' dir='ltr'>poteritis,</span> <span class='ocrx_word' id='word_1_201' title='bbox 1384 1392 1423 1429; x_wconf 88' lang='lat' dir='ltr'>id</span> <span class='ocrx_word' id='word_1_202' title='bbox 1443 1399 1547 1430; x_wconf 87' lang='lat' dir='ltr'>certo</span> <span class='ocrx_word' id='word_1_203' title='bbox 1565 1393 1714 1430; x_wconf 88' lang='lat' dir='ltr'>scitote.</span> 
     </span>
     <span class='ocr_line' id='line_1_22' title="bbox 267 1453 1714 1504; baseline -0.002 -11"><span class='ocrx_word' id='word_1_204' title='bbox 267 1455 434 1500; x_wconf 86' lang='lat' dir='ltr'>Etenim,</span> <span class='ocrx_word' id='word_1_205' title='bbox 457 1454 724 1498; x_wconf 87' lang='lat' dir='ltr'>Athenienses,</span> <span class='ocrx_word' id='word_1_206' title='bbox 745 1455 976 1504; x_wconf 91' lang='lat' dir='ltr'>reliquorum</span> <span class='ocrx_word' id='word_1_207' title='bbox 991 1453 1188 1491; x_wconf 89' lang='lat' dir='ltr'>hominum</span> <span class='ocrx_word' id='word_1_208' title='bbox 1208 1453 1368 1490; x_wconf 84' lang='lat' dir='ltr'>videatis</span> <span class='ocrx_word' id='word_1_209' title='bbox 1390 1453 1553 1503; x_wconf 89' lang='lat' dir='ltr'>optimos</span> <span class='ocrx_word' id='word_1_210' title='bbox 1577 1460 1615 1490; x_wconf 87' lang='lat' dir='ltr'>et</span> <span class='ocrx_word' id='word_1_211' title='bbox 1634 1466 1714 1490; x_wconf 90' lang='lat' dir='ltr'>mo-</span> 
     </span>
     <span class='ocr_line' id='line_1_23' title="bbox 268 1513 1717 1563; baseline -0.001 -10"><span class='ocrx_word' id='word_1_212' title='bbox 268 1516 507 1553; x_wconf 84' lang='lat' dir='ltr'>destissimos</span> <span class='ocrx_word' id='word_1_213' title='bbox 524 1522 667 1552; x_wconf 84' lang='lat' dir='ltr'>naturae</span> <span class='ocrx_word' id='word_1_214' title='bbox 686 1514 883 1559; x_wconf 85' lang='lat' dir='ltr'>instinctu,</span> <span class='ocrx_word' id='word_1_215' title='bbox 905 1515 1007 1552; x_wconf 87' lang='lat' dir='ltr'>omni</span> <span class='ocrx_word' id='word_1_216' title='bbox 1023 1514 1123 1551; x_wconf 86' lang='lat' dir='ltr'>ultro</span> <span class='ocrx_word' id='word_1_217' title='bbox 1144 1514 1252 1563; x_wconf 84' lang='lat' dir='ltr'>fungi</span> <span class='ocrx_word' id='word_1_218' title='bbox 1273 1513 1422 1551; x_wconf 86' lang='lat' dir='ltr'>officio:</span> <span class='ocrx_word' id='word_1_219' title='bbox 1452 1513 1548 1550; x_wconf 87' lang='lat' dir='ltr'>alios</span> <span class='ocrx_word' id='word_1_220' title='bbox 1568 1513 1626 1551; x_wconf 87' lang='lat' dir='ltr'>his</span> <span class='ocrx_word' id='word_1_221' title='bbox 1647 1513 1717 1551; x_wconf 87' lang='lat' dir='ltr'>de-</span> 
     </span>
     <span class='ocr_line' id='line_1_24' title="bbox 265 1574 1714 1624; baseline -0.002 -10"><span class='ocrx_word' id='word_1_222' title='bbox 265 1577 423 1615; x_wconf 85' lang='lat' dir='ltr'>teriores</span> <span class='ocrx_word' id='word_1_223' title='bbox 443 1588 520 1614; x_wconf 91' lang='lat' dir='ltr'>non</span> <span class='ocrx_word' id='word_1_224' title='bbox 548 1575 647 1613; x_wconf 89' lang='lat' dir='ltr'>adeo</span> <span class='ocrx_word' id='word_1_225' title='bbox 669 1582 811 1621; x_wconf 87' lang='lat' dir='ltr'>tamen,</span> <span class='ocrx_word' id='word_1_226' title='bbox 832 1582 876 1612; x_wconf 88' lang='lat' dir='ltr'>ut</span> <span class='ocrx_word' id='word_1_227' title='bbox 895 1575 1054 1612; x_wconf 89' lang='lat' dir='ltr'>nimium</span> <span class='ocrx_word' id='word_1_228' title='bbox 1073 1581 1260 1612; x_wconf 88' lang='lat' dir='ltr'>vocentur</span> <span class='ocrx_word' id='word_1_229' title='bbox 1279 1574 1452 1624; x_wconf 88' lang='lat' dir='ltr'>improbi,</span> <span class='ocrx_word' id='word_1_230' title='bbox 1472 1581 1575 1611; x_wconf 91' lang='lat' dir='ltr'>metu</span> <span class='ocrx_word' id='word_1_231' title='bbox 1598 1574 1714 1612; x_wconf 86' lang='lat' dir='ltr'>vestri</span> 
     </span>
     <span class='ocr_line' id='line_1_25' title="bbox 264 1634 1713 1689; baseline -0.001 -14"><span class='ocrx_word' id='word_1_232' title='bbox 264 1638 507 1689; x_wconf 86' lang='lat' dir='ltr'>turpiumque</span> <span class='ocrx_word' id='word_1_233' title='bbox 524 1644 562 1674; x_wconf 85' lang='lat' dir='ltr'>et</span> <span class='ocrx_word' id='word_1_234' title='bbox 576 1638 778 1674; x_wconf 84' lang='lat' dir='ltr'>verborum</span> <span class='ocrx_word' id='word_1_235' title='bbox 798 1643 838 1674; x_wconf 92' lang='lat' dir='ltr'>et</span> <span class='ocrx_word' id='word_1_236' title='bbox 850 1638 1083 1688; x_wconf 61' lang='lat' dir='ltr'>probrorum„</span> <span class='ocrx_word' id='word_1_237' title='bbox 1091 1635 1239 1681; x_wconf 87' lang='lat' dir='ltr'>dolore,</span> <span class='ocrx_word' id='word_1_238' title='bbox 1255 1647 1389 1671; x_wconf 84' lang='lat' dir='ltr'>cavere</span> <span class='ocrx_word' id='word_1_239' title='bbox 1403 1648 1450 1671; x_wconf 86' lang='lat' dir='ltr'>ne</span> <span class='ocrx_word' id='word_1_240' title='bbox 1465 1634 1713 1684; x_wconf 66' lang='lat' dir='ltr'>delinquant:</span> 
     </span>
     <span class='ocr_line' id='line_1_26' title="bbox 266 1695 1718 1750; baseline -0.002 -14"><span class='ocrx_word' id='word_1_241' title='bbox 266 1698 566 1750; x_wconf 86' lang='lat' dir='ltr'>improbissimos</span> <span class='ocrx_word' id='word_1_242' title='bbox 589 1704 729 1743; x_wconf 80' lang='lat' dir='ltr'>autem,</span> <span class='ocrx_word' id='word_1_243' title='bbox 756 1705 795 1734; x_wconf 90' lang='lat' dir='ltr'>et</span> <span class='ocrx_word' id='word_1_244' title='bbox 823 1710 919 1747; x_wconf 92' lang='lat' dir='ltr'>quos</span> <span class='ocrx_word' id='word_1_245' title='bbox 946 1697 1167 1748; x_wconf 88' lang='lat' dir='ltr'>deploratos</span> <span class='ocrx_word' id='word_1_246' title='bbox 1195 1695 1405 1739; x_wconf 83' lang='lat' dir='ltr'>nominent,</span> <span class='ocrx_word' id='word_1_247' title='bbox 1433 1695 1718 1733; x_wconf 72' lang='lat' dir='ltr'>calamitatibus</span> 
     </span>
     <span class='ocr_line' id='line_1_27' title="bbox 267 1756 1715 1811; baseline -0.003 -13"><span class='ocrx_word' id='word_1_248' title='bbox 267 1759 511 1811; x_wconf 81' lang='lat' dir='ltr'>etsuppliciis</span> <span class='ocrx_word' id='word_1_249' title='bbox 526 1758 664 1796; x_wconf 86' lang='lat' dir='ltr'>erudiri</span> <span class='ocrx_word' id='word_1_250' title='bbox 680 1757 824 1796; x_wconf 86' lang='lat' dir='ltr'>dicunt.</span> <span class='ocrx_word' id='word_1_251' title='bbox 857 1760 908 1794; x_wconf 86' lang='lat' dir='ltr'>At</span> <span class='ocrx_word' id='word_1_252' title='bbox 920 1757 1129 1807; x_wconf 86' lang='lat' dir='ltr'>Aristogito</span> <span class='ocrx_word' id='word_1_253' title='bbox 1142 1756 1322 1793; x_wconf 88' lang='lat' dir='ltr'>mortales</span> <span class='ocrx_word' id='word_1_254' title='bbox 1336 1768 1469 1792; x_wconf 88' lang='lat' dir='ltr'>omnes</span> <span class='ocrx_word' id='word_1_255' title='bbox 1484 1769 1605 1805; x_wconf 89' lang='lat' dir='ltr'>usque</span> <span class='ocrx_word' id='word_1_256' title='bbox 1618 1756 1715 1793; x_wconf 75' lang='lat' dir='ltr'>adeo</span> 
     </span>
     <span class='ocr_line' id='line_1_28' title="bbox 266 1815 1728 1871; baseline -0.003 -14"><span class='ocrx_word' id='word_1_257' title='bbox 266 1820 509 1871; x_wconf 88' lang='lat' dir='ltr'>improbitate</span> <span class='ocrx_word' id='word_1_258' title='bbox 542 1825 712 1868; x_wconf 90' lang='lat' dir='ltr'>superat,</span> <span class='ocrx_word' id='word_1_259' title='bbox 731 1826 774 1855; x_wconf 91' lang='lat' dir='ltr'>ut</span> <span class='ocrx_word' id='word_1_260' title='bbox 795 1832 866 1856; x_wconf 90' lang='lat' dir='ltr'>nee</span> <span class='ocrx_word' id='word_1_261' title='bbox 895 1819 1066 1868; x_wconf 78' lang='lat' dir='ltr'>acceptis</span> <span class='ocrx_word' id='word_1_262' title='bbox 1098 1817 1202 1854; x_wconf 87' lang='lat' dir='ltr'>malis</span> <span class='ocrx_word' id='word_1_263' title='bbox 1235 1816 1283 1853; x_wconf 85' lang='lat' dir='ltr'>sit</span> <span class='ocrx_word' id='word_1_264' title='bbox 1311 1815 1435 1852; x_wconf 87' lang='lat' dir='ltr'>factus</span> <span class='ocrx_word' id='word_1_265' title='bbox 1467 1817 1728 1862; x_wconf 54' lang='lat' dir='ltr'>emendatior-j</span> 
     </span>
     <span class='ocr_line' id='line_1_29' title="bbox 267 1876 1716 1927; baseline -0.002 -9"><span class='ocrx_word' id='word_1_266' title='bbox 267 1882 336 1919; x_wconf 91' lang='lat' dir='ltr'>sed</span> <span class='ocrx_word' id='word_1_267' title='bbox 356 1881 392 1917; x_wconf 88' lang='lat' dir='ltr'>in</span> <span class='ocrx_word' id='word_1_268' title='bbox 414 1880 548 1918; x_wconf 90' lang='lat' dir='ltr'>iisdem</span> <span class='ocrx_word' id='word_1_269' title='bbox 569 1879 778 1916; x_wconf 87' lang='lat' dir='ltr'>sceleribus</span> <span class='ocrx_word' id='word_1_270' title='bbox 794 1886 833 1916; x_wconf 89' lang='lat' dir='ltr'>et</span> <span class='ocrx_word' id='word_1_271' title='bbox 850 1879 994 1926; x_wconf 88' lang='lat' dir='ltr'>injuriis</span> <span class='ocrx_word' id='word_1_272' title='bbox 1016 1879 1142 1915; x_wconf 87' lang='lat' dir='ltr'>denuo</span> <span class='ocrx_word' id='word_1_273' title='bbox 1157 1877 1432 1927; x_wconf 86' lang='lat' dir='ltr'>deprehensus.</span> <span class='ocrx_word' id='word_1_274' title='bbox 1462 1876 1585 1914; x_wconf 84' lang='lat' dir='ltr'>Tanto</span> <span class='ocrx_word' id='word_1_275' title='bbox 1602 1878 1716 1927; x_wconf 84' lang='lat' dir='ltr'>igitur</span> 
     </span>
     <span class='ocr_line' id='line_1_30' title="bbox 268 1936 1714 1990; baseline -0.003 -12"><span class='ocrx_word' id='word_1_276' title='bbox 268 1955 372 1980; x_wconf 88' lang='lat' dir='ltr'>nune</span> <span class='ocrx_word' id='word_1_277' title='bbox 391 1941 423 1978; x_wconf 84' lang='lat' dir='ltr'>ei</span> <span class='ocrx_word' id='word_1_278' title='bbox 445 1941 596 1990; x_wconf 86' lang='lat' dir='ltr'>gravius</span> <span class='ocrx_word' id='word_1_279' title='bbox 615 1952 729 1989; x_wconf 88' lang='lat' dir='ltr'>quam</span> <span class='ocrx_word' id='word_1_280' title='bbox 749 1939 837 1976; x_wconf 90' lang='lat' dir='ltr'>olim</span> <span class='ocrx_word' id='word_1_281' title='bbox 859 1945 916 1976; x_wconf 91' lang='lat' dir='ltr'>est</span> <span class='ocrx_word' id='word_1_282' title='bbox 934 1938 1189 1982; x_wconf 72' lang='lat' dir='ltr'>irascendum,</span> <span class='ocrx_word' id='word_1_283' title='bbox 1210 1937 1314 1986; x_wconf 93' lang='lat' dir='ltr'>quod</span> <span class='ocrx_word' id='word_1_284' title='bbox 1340 1944 1419 1973; x_wconf 90' lang='lat' dir='ltr'>tum</span> <span class='ocrx_word' id='word_1_285' title='bbox 1440 1936 1597 1974; x_wconf 86' lang='lat' dir='ltr'>decreta</span> <span class='ocrx_word' id='word_1_286' title='bbox 1616 1937 1714 1974; x_wconf 90' lang='lat' dir='ltr'>dun-</span> 
     </span>
     <span class='ocr_line' id='line_1_31' title="bbox 266 1996 1713 2049; baseline -0.003 -10"><span class='ocrx_word' id='word_1_287' title='bbox 266 2008 374 2040; x_wconf 86' lang='lat' dir='ltr'>taxat</span> <span class='ocrx_word' id='word_1_288' title='bbox 392 2000 583 2039; x_wconf 87' lang='lat' dir='ltr'>eontraria</span> <span class='ocrx_word' id='word_1_289' title='bbox 600 2000 749 2049; x_wconf 83' lang='lat' dir='ltr'>legibus</span> <span class='ocrx_word' id='word_1_290' title='bbox 766 1999 942 2036; x_wconf 82' lang='lat' dir='ltr'>facienda</span> <span class='ocrx_word' id='word_1_291' title='bbox 963 2011 1048 2035; x_wconf 85' lang='lat' dir='ltr'>esse</span> <span class='ocrx_word' id='word_1_292' title='bbox 1068 1998 1252 2048; x_wconf 85' lang='lat' dir='ltr'>putabat:</span> <span class='ocrx_word' id='word_1_293' title='bbox 1275 2010 1378 2033; x_wconf 90' lang='lat' dir='ltr'>nunc</span> <span class='ocrx_word' id='word_1_294' title='bbox 1398 2009 1487 2033; x_wconf 86' lang='lat' dir='ltr'>vero</span> <span class='ocrx_word' id='word_1_295' title='bbox 1506 1996 1588 2034; x_wconf 78' lang='lat' dir='ltr'>haec</span> <span class='ocrx_word' id='word_1_296' title='bbox 1607 1998 1713 2043; x_wconf 80' lang='lat' dir='ltr'>facit,</span> 
     </span>
     <span class='ocr_line' id='line_1_32' title="bbox 270 2056 1718 2108; baseline -0.003 -8"><span class='ocrx_word' id='word_1_297' title='bbox 270 2062 505 2108; x_wconf 87' lang='lat' dir='ltr'>criminatur,</span> <span class='ocrx_word' id='word_1_298' title='bbox 534 2060 572 2097; x_wconf 90' lang='lat' dir='ltr'>in</span> <span class='ocrx_word' id='word_1_299' title='bbox 592 2059 778 2096; x_wconf 85' lang='lat' dir='ltr'>concione</span> <span class='ocrx_word' id='word_1_300' title='bbox 798 2058 992 2096; x_wconf 88' lang='lat' dir='ltr'>orationes</span> <span class='ocrx_word' id='word_1_301' title='bbox 1010 2058 1128 2095; x_wconf 86' lang='lat' dir='ltr'>habet</span> <span class='ocrx_word' id='word_1_302' title='bbox 1149 2057 1198 2094; x_wconf 89' lang='lat' dir='ltr'>ad</span> <span class='ocrx_word' id='word_1_303' title='bbox 1225 2056 1423 2107; x_wconf 88' lang='lat' dir='ltr'>populum,</span> <span class='ocrx_word' id='word_1_304' title='bbox 1451 2057 1718 2106; x_wconf 82' lang='lat' dir='ltr'>calumniatur,</span> 
     </span>
     <span class='ocr_line' id='line_1_33' title="bbox 270 2117 1714 2169; baseline -0.001 -9"><span class='ocrx_word' id='word_1_305' title='bbox 270 2122 379 2160; x_wconf 90' lang='lat' dir='ltr'>ducit</span> <span class='ocrx_word' id='word_1_306' title='bbox 397 2122 435 2158; x_wconf 94' lang='lat' dir='ltr'>in</span> <span class='ocrx_word' id='word_1_307' title='bbox 454 2133 662 2165; x_wconf 86' lang='lat' dir='ltr'>carcerem,</span> <span class='ocrx_word' id='word_1_308' title='bbox 682 2119 890 2163; x_wconf 87' lang='lat' dir='ltr'>maledicit,</span> <span class='ocrx_word' id='word_1_309' title='bbox 913 2118 1049 2169; x_wconf 82' lang='lat' dir='ltr'>capitis</span> <span class='ocrx_word' id='word_1_310' title='bbox 1067 2117 1239 2161; x_wconf 88' lang='lat' dir='ltr'>arcessit,</span> <span class='ocrx_word' id='word_1_311' title='bbox 1267 2117 1369 2155; x_wconf 85' lang='lat' dir='ltr'>laesae</span> <span class='ocrx_word' id='word_1_312' title='bbox 1396 2119 1608 2165; x_wconf 85' lang='lat' dir='ltr'>majestatis</span> <span class='ocrx_word' id='word_1_313' title='bbox 1629 2132 1714 2158; x_wconf 90' lang='lat' dir='ltr'>reos</span> 
     </span>
     <span class='ocr_line' id='line_1_34' title="bbox 268 2177 1715 2234; baseline -0.002 -14"><span class='ocrx_word' id='word_1_314' title='bbox 268 2183 362 2234; x_wconf 85' lang='lat' dir='ltr'>agit,</span> <span class='ocrx_word' id='word_1_315' title='bbox 383 2182 420 2220; x_wconf 91' lang='lat' dir='ltr'>in</span> <span class='ocrx_word' id='word_1_316' title='bbox 436 2181 609 2219; x_wconf 88' lang='lat' dir='ltr'>homines</span> <span class='ocrx_word' id='word_1_317' title='bbox 629 2180 834 2218; x_wconf 85' lang='lat' dir='ltr'>honoratos</span> <span class='ocrx_word' id='word_1_318' title='bbox 854 2179 1057 2223; x_wconf 86' lang='lat' dir='ltr'>invehitur,</span> <span class='ocrx_word' id='word_1_319' title='bbox 1079 2191 1168 2216; x_wconf 90' lang='lat' dir='ltr'>cum</span> <span class='ocrx_word' id='word_1_320' title='bbox 1188 2177 1270 2228; x_wconf 88' lang='lat' dir='ltr'>ipse</span> <span class='ocrx_word' id='word_1_321' title='bbox 1291 2178 1424 2215; x_wconf 86' lang='lat' dir='ltr'>aerario</span> <span class='ocrx_word' id='word_1_322' title='bbox 1443 2178 1595 2217; x_wconf 89' lang='lat' dir='ltr'>debeat.</span> <span class='ocrx_word' id='word_1_323' title='bbox 1627 2180 1715 2223; x_wconf 86' lang='lat' dir='ltr'>Quo</span> 
     </span>
     <span class='ocr_line' id='line_1_35' title="bbox 268 2238 1713 2293; baseline -0.001 -13"><span class='ocrx_word' id='word_1_324' title='bbox 268 2244 362 2293; x_wconf 71' lang='lat' dir='ltr'>njhil</span> <span class='ocrx_word' id='word_1_325' title='bbox 394 2250 453 2281; x_wconf 91' lang='lat' dir='ltr'>est</span> <span class='ocrx_word' id='word_1_326' title='bbox 482 2241 690 2291; x_wconf 87' lang='lat' dir='ltr'>indignius.</span> <span class='ocrx_word' id='word_1_327' title='bbox 739 2241 796 2278; x_wconf 89' lang='lat' dir='ltr'>Ac</span> <span class='ocrx_word' id='word_1_328' title='bbox 836 2240 1044 2277; x_wconf 89' lang='lat' dir='ltr'>admonere</span> <span class='ocrx_word' id='word_1_329' title='bbox 1069 2238 1225 2289; x_wconf 91' lang='lat' dir='ltr'>quidem</span> <span class='ocrx_word' id='word_1_330' title='bbox 1254 2239 1365 2275; x_wconf 83' lang='lat' dir='ltr'>istum</span> <span class='ocrx_word' id='word_1_331' title='bbox 1399 2238 1555 2276; x_wconf 79' lang='lat' dir='ltr'>insaniae</span> <span class='ocrx_word' id='word_1_332' title='bbox 1586 2240 1713 2279; x_wconf 83' lang='lat' dir='ltr'>fuerit.</span> 
     </span>
     <span class='ocr_line' id='line_1_36' title="bbox 269 2299 1714 2350; baseline -0.001 -10"><span class='ocrx_word' id='word_1_333' title='bbox 269 2304 346 2346; x_wconf 85' lang='lat' dir='ltr'>Qui</span> <span class='ocrx_word' id='word_1_334' title='bbox 366 2303 464 2341; x_wconf 89' lang='lat' dir='ltr'>enim</span> <span class='ocrx_word' id='word_1_335' title='bbox 493 2301 735 2344; x_wconf 89' lang='lat' dir='ltr'>tumultibus,</span> <span class='ocrx_word' id='word_1_336' title='bbox 756 2301 894 2350; x_wconf 87' lang='lat' dir='ltr'>quibus</span> <span class='ocrx_word' id='word_1_337' title='bbox 916 2300 1117 2337; x_wconf 88' lang='lat' dir='ltr'>universus</span> <span class='ocrx_word' id='word_1_338' title='bbox 1145 2299 1309 2349; x_wconf 91' lang='lat' dir='ltr'>populus</span> <span class='ocrx_word' id='word_1_339' title='bbox 1334 2299 1403 2336; x_wconf 90' lang='lat' dir='ltr'>sibi</span> <span class='ocrx_word' id='word_1_340' title='bbox 1422 2299 1602 2337; x_wconf 88' lang='lat' dir='ltr'>molestos</span> <span class='ocrx_word' id='word_1_341' title='bbox 1633 2314 1714 2338; x_wconf 91' lang='lat' dir='ltr'>mo-</span> 
     </span>
     <span class='ocr_line' id='line_1_37' title="bbox 269 2359 1716 2411; baseline -0.001 -10"><span class='ocrx_word' id='word_1_342' title='bbox 269 2376 360 2401; x_wconf 87' lang='lat' dir='ltr'>nere</span> <span class='ocrx_word' id='word_1_343' title='bbox 382 2364 494 2408; x_wconf 85' lang='lat' dir='ltr'>solet,</span> <span class='ocrx_word' id='word_1_344' title='bbox 524 2375 719 2411; x_wconf 83' lang='lat' dir='ltr'>nunquam</span> <span class='ocrx_word' id='word_1_345' title='bbox 741 2361 871 2405; x_wconf 87' lang='lat' dir='ltr'>cessit,</span> <span class='ocrx_word' id='word_1_346' title='bbox 902 2373 1025 2410; x_wconf 89' lang='lat' dir='ltr'>neque</span> <span class='ocrx_word' id='word_1_347' title='bbox 1045 2367 1260 2398; x_wconf 84' lang='lat' dir='ltr'>commotus</span> <span class='ocrx_word' id='word_1_348' title='bbox 1280 2366 1351 2403; x_wconf 89' lang='lat' dir='ltr'>est,</span> <span class='ocrx_word' id='word_1_349' title='bbox 1373 2359 1402 2395; x_wconf 89' lang='lat' dir='ltr'>is</span> <span class='ocrx_word' id='word_1_350' title='bbox 1430 2359 1541 2397; x_wconf 89' lang='lat' dir='ltr'>unius</span> <span class='ocrx_word' id='word_1_351' title='bbox 1566 2361 1716 2399; x_wconf 87' lang='lat' dir='ltr'>scilicet</span> 
     </span>
     <span class='ocr_line' id='line_1_38' title="bbox 270 2420 1714 2467; baseline 0.001 -8"><span class='ocrx_word' id='word_1_352' title='bbox 270 2424 433 2460; x_wconf 88' lang='lat' dir='ltr'>hominis</span> <span class='ocrx_word' id='word_1_353' title='bbox 455 2423 625 2459; x_wconf 84' lang='lat' dir='ltr'>oratione</span> <span class='ocrx_word' id='word_1_354' title='bbox 647 2421 887 2459; x_wconf 76' lang='lat' dir='ltr'>movebitur?</span> <span class='ocrx_word' id='word_1_355' title='bbox 917 2421 1150 2467; x_wconf 85' lang='lat' dir='ltr'>Insanabile,</span> <span class='ocrx_word' id='word_1_356' title='bbox 1171 2420 1438 2466; x_wconf 84' lang='lat' dir='ltr'>Athenienses,</span> <span class='ocrx_word' id='word_1_357' title='bbox 1460 2422 1558 2458; x_wconf 83' lang='lat' dir='ltr'>illius</span> <span class='ocrx_word' id='word_1_358' title='bbox 1587 2430 1646 2460; x_wconf 87' lang='lat' dir='ltr'>est</span> <span class='ocrx_word' id='word_1_359' title='bbox 1663 2424 1714 2460; x_wconf 85' lang='lat' dir='ltr'>in-</span> 
     </span>
     <span class='ocr_line' id='line_1_39' title="bbox 270 2481 1716 2534; baseline 0.001 -13"><span class='ocrx_word' id='word_1_360' title='bbox 270 2484 438 2534; x_wconf 85' lang='lat' dir='ltr'>genium.</span> <span class='ocrx_word' id='word_1_361' title='bbox 467 2483 632 2532; x_wconf 85' lang='lat' dir='ltr'>Oportet</span> <span class='ocrx_word' id='word_1_362' title='bbox 653 2482 779 2532; x_wconf 78' lang='lat' dir='ltr'>igitur,</span> <span class='ocrx_word' id='word_1_363' title='bbox 800 2490 842 2518; x_wconf 89' lang='lat' dir='ltr'>ut</span> <span class='ocrx_word' id='word_1_364' title='bbox 862 2482 998 2520; x_wconf 87' lang='lat' dir='ltr'>medici</span> <span class='ocrx_word' id='word_1_365' title='bbox 1020 2494 1216 2526; x_wconf 88' lang='lat' dir='ltr'>cancrum,</span> <span class='ocrx_word' id='word_1_366' title='bbox 1237 2488 1302 2518; x_wconf 88' lang='lat' dir='ltr'>aut</span> <span class='ocrx_word' id='word_1_367' title='bbox 1322 2481 1431 2519; x_wconf 90' lang='lat' dir='ltr'>ulcus</span> <span class='ocrx_word' id='word_1_368' title='bbox 1451 2483 1629 2529; x_wconf 76' lang='lat' dir='ltr'>eredens,</span> <span class='ocrx_word' id='word_1_369' title='bbox 1649 2492 1716 2523; x_wconf 75' lang='lat' dir='ltr'>alit</span> 
     </span>
     <span class='ocr_line' id='line_1_40' title="bbox 269 2543 1714 2595; baseline 0.001 -14"><span class='ocrx_word' id='word_1_370' title='bbox 269 2545 373 2582; x_wconf 85' lang='lat' dir='ltr'>aliud</span> <span class='ocrx_word' id='word_1_371' title='bbox 393 2556 545 2594; x_wconf 86' lang='lat' dir='ltr'>prorsus</span> <span class='ocrx_word' id='word_1_372' title='bbox 568 2543 846 2580; x_wconf 87' lang='lat' dir='ltr'>immedicabile</span> <span class='ocrx_word' id='word_1_373' title='bbox 865 2543 1022 2587; x_wconf 87' lang='lat' dir='ltr'>malum,</span> <span class='ocrx_word' id='word_1_374' title='bbox 1041 2549 1107 2580; x_wconf 90' lang='lat' dir='ltr'>aut</span> <span class='ocrx_word' id='word_1_375' title='bbox 1126 2548 1254 2587; x_wconf 80' lang='lat' dir='ltr'>urunt,</span> <span class='ocrx_word' id='word_1_376' title='bbox 1274 2549 1339 2579; x_wconf 90' lang='lat' dir='ltr'>aut</span> <span class='ocrx_word' id='word_1_377' title='bbox 1356 2550 1531 2580; x_wconf 85' lang='lat' dir='ltr'>resecant</span> <span class='ocrx_word' id='word_1_378' title='bbox 1550 2546 1714 2595; x_wconf 83' lang='lat' dir='ltr'>penitus,</span> 
     </span>
     <span class='ocr_line' id='line_1_41' title="bbox 269 2603 1714 2653; baseline 0.001 -11"><span class='ocrx_word' id='word_1_379' title='bbox 269 2605 321 2642; x_wconf 89' lang='lat' dir='ltr'>ita</span> <span class='ocrx_word' id='word_1_380' title='bbox 340 2617 405 2642; x_wconf 83' lang='lat' dir='ltr'>vos</span> <span class='ocrx_word' id='word_1_381' title='bbox 425 2615 558 2641; x_wconf 88' lang='lat' dir='ltr'>omnes</span> <span class='ocrx_word' id='word_1_382' title='bbox 579 2603 677 2639; x_wconf 88' lang='lat' dir='ltr'>hane</span> <span class='ocrx_word' id='word_1_383' title='bbox 696 2604 862 2641; x_wconf 78' lang='lat' dir='ltr'>belluam</span> <span class='ocrx_word' id='word_1_384' title='bbox 884 2603 1148 2646; x_wconf 83' lang='lat' dir='ltr'>exterminare,</span> <span class='ocrx_word' id='word_1_385' title='bbox 1168 2603 1303 2653; x_wconf 82' lang='lat' dir='ltr'>ejicere</span> <span class='ocrx_word' id='word_1_386' title='bbox 1323 2615 1343 2639; x_wconf 93' lang='lat' dir='ltr'>e</span> <span class='ocrx_word' id='word_1_387' title='bbox 1364 2604 1530 2649; x_wconf 80' lang='lat' dir='ltr'>civitate,</span> <span class='ocrx_word' id='word_1_388' title='bbox 1547 2605 1676 2642; x_wconf 86' lang='lat' dir='ltr'>tollere</span> <span class='ocrx_word' id='word_1_389' title='bbox 1693 2619 1714 2643; x_wconf 86' lang='lat' dir='ltr'>e</span> 
     </span>
     <span class='ocr_line' id='line_1_42' title="bbox 272 2663 1713 2714; baseline 0 -13"><span class='ocrx_word' id='word_1_390' title='bbox 272 2664 413 2714; x_wconf 82' lang='lat' dir='ltr'>medio,</span> <span class='ocrx_word' id='word_1_391' title='bbox 441 2676 513 2701; x_wconf 86' lang='lat' dir='ltr'>nec</span> <span class='ocrx_word' id='word_1_392' title='bbox 545 2676 590 2700; x_wconf 90' lang='lat' dir='ltr'>eo</span> <span class='ocrx_word' id='word_1_393' title='bbox 615 2676 736 2713; x_wconf 88' lang='lat' dir='ltr'>usque</span> <span class='ocrx_word' id='word_1_394' title='bbox 769 2671 992 2713; x_wconf 86' lang='lat' dir='ltr'>exspectare</span> <span class='ocrx_word' id='word_1_395' title='bbox 1020 2663 1181 2707; x_wconf 80' lang='lat' dir='ltr'>(lebetis,</span> <span class='ocrx_word' id='word_1_396' title='bbox 1213 2663 1304 2699; x_wconf 89' lang='lat' dir='ltr'>‹lum</span> <span class='ocrx_word' id='word_1_397' title='bbox 1334 2664 1528 2713; x_wconf 85' lang='lat' dir='ltr'>accipiatis</span> <span class='ocrx_word' id='word_1_398' title='bbox 1558 2664 1713 2710; x_wconf 85' lang='lat' dir='ltr'>malum,</span> 
     </span>
     <span class='ocr_line' id='line_1_43' title="bbox 270 2723 1714 2774; baseline 0.001 -14"><span class='ocrx_word' id='word_1_399' title='bbox 270 2725 375 2774; x_wconf 89' lang='lat' dir='ltr'>quod</span> <span class='ocrx_word' id='word_1_400' title='bbox 396 2724 507 2767; x_wconf 86' lang='lat' dir='ltr'>absit,</span> <span class='ocrx_word' id='word_1_401' title='bbox 526 2729 569 2760; x_wconf 83' lang='lat' dir='ltr'>ut</span> <span class='ocrx_word' id='word_1_402' title='bbox 589 2724 637 2760; x_wconf 85' lang='lat' dir='ltr'>sit</span> <span class='ocrx_word' id='word_1_403' title='bbox 656 2723 872 2773; x_wconf 73' lang='lat' dir='ltr'>reipublicae</span> <span class='ocrx_word' id='word_1_404' title='bbox 892 2723 1162 2773; x_wconf 85' lang='lat' dir='ltr'>perniciosum,</span> <span class='ocrx_word' id='word_1_405' title='bbox 1176 2723 1243 2760; x_wconf 76' lang='lat' dir='ltr'>sed</span> <span class='ocrx_word' id='word_1_406' title='bbox 1262 2730 1406 2761; x_wconf 88' lang='lat' dir='ltr'>mature</span> <span class='ocrx_word' id='word_1_407' title='bbox 1424 2724 1714 2774; x_wconf 76' lang='lat' dir='ltr'>praecavendum</span> 
     </span>
     <span class='ocr_line' id='line_1_44' title="bbox 271 2783 1714 2833; baseline 0.001 -12"><span class='ocrx_word' id='word_1_408' title='bbox 271 2792 343 2822; x_wconf 82' lang='lat' dir='ltr'>cst.</span> <span class='ocrx_word' id='word_1_409' title='bbox 380 2785 442 2821; x_wconf 84' lang='lat' dir='ltr'>Sic</span> <span class='ocrx_word' id='word_1_410' title='bbox 465 2783 564 2820; x_wconf 86' lang='lat' dir='ltr'>enim</span> <span class='ocrx_word' id='word_1_411' title='bbox 586 2783 839 2827; x_wconf 85' lang='lat' dir='ltr'>considerate,</span> <span class='ocrx_word' id='word_1_412' title='bbox 859 2783 1047 2820; x_wconf 87' lang='lat' dir='ltr'>neminem</span> <span class='ocrx_word' id='word_1_413' title='bbox 1077 2784 1238 2821; x_wconf 79' lang='lat' dir='ltr'>fortasse</span> <span class='ocrx_word' id='word_1_414' title='bbox 1259 2791 1423 2821; x_wconf 81' lang='lat' dir='ltr'>vestrum</span> <span class='ocrx_word' id='word_1_415' title='bbox 1444 2798 1608 2833; x_wconf 83' lang='lat' dir='ltr'>unquam</span> <span class='ocrx_word' id='word_1_416' title='bbox 1635 2798 1714 2822; x_wconf 83' lang='lat' dir='ltr'>ser-</span> 
     </span>
     <span class='ocr_line' id='line_1_45' title="bbox 274 2844 1716 2895; baseline 0.002 -14"><span class='ocrx_word' id='word_1_417' title='bbox 274 2858 371 2895; x_wconf 84' lang='lat' dir='ltr'>pens</span> <span class='ocrx_word' id='word_1_418' title='bbox 407 2844 621 2889; x_wconf 82' lang='lat' dir='ltr'>momordit,</span> <span class='ocrx_word' id='word_1_419' title='bbox 651 2853 716 2883; x_wconf 84' lang='lat' dir='ltr'>aut</span> <span class='ocrx_word' id='word_1_420' title='bbox 746 2857 922 2888; x_wconf 83' lang='lat' dir='ltr'>araneus,</span> <span class='ocrx_word' id='word_1_421' title='bbox 955 2851 993 2882; x_wconf 93' lang='lat' dir='ltr'>et</span> <span class='ocrx_word' id='word_1_422' title='bbox 1023 2844 1122 2882; x_wconf 82' lang='lat' dir='ltr'>absit</span> <span class='ocrx_word' id='word_1_423' title='bbox 1152 2852 1193 2882; x_wconf 89' lang='lat' dir='ltr'>ut</span> <span class='ocrx_word' id='word_1_424' title='bbox 1226 2857 1395 2894; x_wconf 83' lang='lat' dir='ltr'>unquam</span> <span class='ocrx_word' id='word_1_425' title='bbox 1426 2844 1615 2883; x_wconf 80' lang='lat' dir='ltr'>mordeat:</span> <span class='ocrx_word' id='word_1_426' title='bbox 1647 2846 1716 2884; x_wconf 83' lang='lat' dir='ltr'>sed</span> 
     </span>
    </p>
   </div>
  </div>
 </body>
</html>
