1923 3149
547 213 836 253 ADVERSUS
875 211 1181 251 LEPTINEM'.
1538 211 1615 248 293

146 314 258 357 nobis
277 321 445 354 amotam
466 328 552 355 esse
573 316 699 354 decet.
742 315 940 353 Praeterea
958 315 1006 352 de
1021 314 1168 365 judicio
1195 314 1413 365 dignitatis,
1439 327 1487 352 ne
1517 315 1621 362 illud

148 377 303 428 quidem
323 378 426 428 apud
446 391 514 416 vos
534 378 662 416 dicere
684 378 867 420 verebor3
898 376 1013 415 aliam
1043 376 1125 426 ejus
1146 388 1230 413 esse
1259 375 1491 414 considerati
1509 389 1627 415 onem

153 439 256 491 apud
271 440 479 485 civitatem,
495 439 609 477 aliam
625 438 726 490 apud
740 438 934 477 hominem
953 437 1156 489 privatum.
1188 436 1371 473 Privatim
1391 438 1491 474 enim
1509 439 1614 488 quis—

155 515 231 553 que
261 502 563 552 consideramus,
594 500 680 551 quis
710 501 835 540 affinis
869 506 937 538 aut
969 499 1054 550 quis
1083 498 1135 536 ad
1174 498 1266 536 alias
1299 499 1610 538 necessitudines

156 563 426 615 adjungendas
448 563 499 601 sit
517 562 744 612 deligendus
761 576 770 606 ;
803 575 890 613 quae
917 575 977 599 res
996 567 1035 598 et
1053 560 1203 611 legibus
1223 559 1454 610 quibusdam
1474 568 1514 598 et
1532 562 1613 612 opi·

156 624 333 663 nionibus
357 624 526 662 definitae
548 630 661 662 sunt:
692 623 846 674 publice
865 636 956 660 vero
977 623 1110 660 civitas
1141 628 1180 659 et
1199 621 1374 672 Populus
1395 621 1435 658 id
1456 630 1619 672 spectat,

157 699 181 724 a
200 699 366 736 quonam
398 685 595 724 beneficiis
625 684 811 722 afficiatur
842 691 881 722 et
912 691 1188 727 conservetur3
1220 684 1268 721 de
1294 696 1340 724 eo
1370 695 1446 721 uon
1478 696 1617 733 genere

159 755 226 786 aut
244 748 435 798 opinione,
458 747 527 784 sed
540 760 587 784 ex
606 746 690 798 ipso
708 747 825 791 facto,
842 746 1008 797 judicari
1028 746 1141 784 solet.
1173 746 1273 783 Cum
1289 746 1405 796 igitur
1423 745 1618 783 beneficiis

159 809 430 859 indigebimus,
459 808 648 846 neminem
677 808 947 859 impediemus,
976 821 1052 858 quo
1085 809 1211 845 minus
1238 807 1347 843 nobis
1376 806 1618 844 benefaciat:

161 869 331 920 acceptis
351 873 534 918 verojam
553 869 765 915 beneficiis,
795 876 875 907 tum
905 870 1059 907 demum
1091 870 1139 906 de
1168 868 1356 918 dignitate
1380 868 1461 918 ejus
1491 869 1556 919 qui
1576 881 1621 906 ea

158 931 278 976 dedit,
299 930 582 981 disputabimus
599 930 613 967 2
648 944 776 969 nonne
795 931 1023 981 praeclarum
1046 930 1249 967 consilium
1268 930 1342 967 hoc
1362 930 1455 966 erit!

218 993 280 1029 14.
312 993 372 1028 An
396 1004 486 1029 vero
506 991 563 1029 his
585 992 677 1029 solis
699 992 736 1030 id
757 992 925 1036 accidet,
947 999 985 1030 et
1013 991 1060 1029 de
1079 991 1138 1028 his
1158 990 1248 1028 solis
1270 996 1346 1027 tam
1366 989 1489 1027 multa
1505 990 1623 1028 verba

157 1052 284 1091 facio?
312 1053 467 1090 minime
484 1065 586 1090 vero.
619 1053 741 1090 Immo
762 1066 809 1090 ne
825 1053 957 1091 conari
976 1053 1130 1103 quidem
1147 1052 1271 1090 ausim
1291 1065 1357 1090 eos
1378 1065 1510 1090 omnes
1527 1064 1620 1089 con-

159 1116 326 1166 quirere,
341 1115 418 1165 qui,
434 1128 521 1153 cum
548 1116 711 1153 benefici
730 1115 768 1152 in
789 1128 857 1153 vos
879 1115 1031 1159 fuerint,
1045 1115 1131 1165 lege
1151 1114 1223 1151 hac
1240 1114 1403 1165 perlata,
1425 1113 1503 1150 suis
1523 1125 1624 1164 prae-

161 1178 247 1215 miis
263 1177 549 1228 spoliabuntur:
566 1177 756 1228 proferam
771 1184 902 1214 tamen
915 1189 1033 1214 unum
1043 1176 1233 1214 duntaxat
1246 1175 1373 1214 adhuc
1385 1182 1451 1212 aut
1463 1175 1625 1212 alterum

162 1241 557 1286 senatusconsultum,
581 1249 620 1279 et
639 1249 727 1292 post
747 1242 805 1279 his
826 1241 873 1279 de
892 1244 1005 1280 rebus
1027 1242 1143 1279 verba
1161 1241 1288 1278 facere
1309 1239 1497 1277 desinam.
1543 1239 1626 1276 Pri-

163 1316 268 1340 mum
287 1303 415 1353 igitur,
436 1303 616 1352 Thasios,
638 1304 704 1353 qui
735 1304 981 1355 Ecphantum
1003 1303 1126 1341 secuti
1147 1310 1250 1348 sunt,
1273 1316 1322 1340 an
1352 1316 1431 1340 non
1452 1301 1629 1339 afficietis

164 1364 315 1414 injuria,
333 1365 574 1402 immunitate
595 1365 753 1416 erepta?
782 1366 848 1415 qui
864 1366 994 1403 Thaso
1009 1365 1118 1403 vobis
1132 1365 1289 1408 tradita,
1306 1370 1346 1401 et
1360 1363 1540 1415 praesidio
1556 1363 1627 1401 La-

166 1426 490 1464 cedaemoniorum
504 1426 617 1464 armis
631 1427 768 1478 ejecto,
784 1441 830 1465 ac
843 1427 1064 1464 introducto
1077 1426 1337 1478 Thrasybulo,
1353 1432 1392 1463 et
1405 1426 1539 1476 patriae
1554 1437 1632 1463 suae

169 1487 338 1526 amicitia
358 1489 464 1526 vobis
486 1489 706 1534 conciliata,
725 1490 762 1527 in
783 1502 901 1527 causa
919 1489 1076 1527 fuerunt
1101 1496 1144 1527 ut
1164 1502 1203 1526 se
1229 1495 1267 1526 et
1296 1487 1446 1525 finitimi
1465 1487 1634 1525 Thraces

170 1550 370 1588 vobiscum
403 1554 704 1601 conjungerent:
736 1552 892 1596 deinde,
926 1552 1164 1589 Archebium
1195 1558 1236 1588 et
1264 1549 1541 1588 Heraclidem?
1571 1549 1636 1601 qui

172 1624 261 1649 eum
294 1611 517 1663 Byzantium
539 1611 782 1664 Thrasybulo
811 1612 1077 1657 tradidissent,
1099 1625 1168 1650 vos
1191 1611 1435 1662 Hellesponti
1456 1611 1636 1649 dominos

174 1673 400 1720 effecerunt,
415 1674 468 1712 ita
484 1680 526 1711 ut
538 1674 710 1713 decimas
730 1674 961 1721 venderetis,
980 1681 1032 1721 et,
1052 1687 1195 1725 magna
1214 1673 1381 1724 pecunia
1400 1680 1549 1719 coacta,
1564 1673 1639 1711 La-

174 1735 434 1773 cedaemonios
454 1736 644 1787 cogeretis
673 1736 790 1774 talem
819 1736 947 1774 facere
976 1748 1126 1787 pacem,
1158 1735 1284 1785 qualis
1304 1735 1414 1772 vobis
1445 1735 1638 1786 expediat.

174 1798 338 1843 Quibus,
361 1799 634 1843 Athenienses,
656 1799 796 1836 deinde
817 1798 962 1849 ejectis,
984 1797 1209 1836 decrevistis
1229 1810 1274 1836 ea
1294 1811 1382 1848 quae
1403 1797 1555 1835 decerni
1571 1810 1640 1848 par

174 1866 235 1898 est
251 1859 342 1897 viris
359 1859 620 1903 benemeritis,
642 1860 708 1909 qui
736 1866 892 1910 propter
914 1872 981 1897 vos
1001 1859 1248 1908 exsulabant,
1268 1858 1494 1909 hospitium,
1523 1859 1640 1895 bene-

170 1920 318 1966 ficium,
345 1933 471 1958 rerum
504 1920 675 1957 omnium
703 1920 999 1959 immunitatem.
1038 1921 1117 1958 Eos
1149 1921 1265 1971 igitur
1298 1921 1362 1971 qui
1389 1927 1544 1970 propter
1571 1933 1641 1958 vos

174 1982 298 2033 patria
316 1988 465 2026 carent,
487 1988 528 2019 et
548 1981 637 2033 jure
658 1981 804 2032 aliquid
825 1995 848 2019 a
866 1982 973 2020 vobis
995 1982 1261 2033 impetrarunt,
1291 1981 1446 2033 spoliari
1475 1981 1642 2019 sinemus
1668 2007 1672 2012 -

176 2054 265 2081 cum
284 2043 378 2081 nihil
399 2042 448 2080 sit
467 2043 506 2080 in
525 2056 602 2094 quo
622 2056 688 2081 eos
709 2043 963 2081 accusemus?
992 2050 1102 2095 turpe
1122 2043 1162 2081 id
1180 2043 1334 2094 quidem
1354 2043 1481 2081 fuerit.

235 2107 296 2142 15.
327 2104 451 2154 quue
469 2104 710 2155 potissimum
725 2105 980 2156 perspicietis,
996 2105 1027 2142 si
1042 2105 1117 2143 hoc
1133 2105 1311 2143 nimirum
1328 2112 1443 2156 pacto
1457 2106 1643 2143 rationem

180 2166 284 2217 apud
302 2178 371 2203 vos
391 2165 613 2203 instituetis.
655 2166 696 2202 Si
723 2179 854 2203 eorum
884 2166 1001 2216 aliqui
1031 2167 1095 2216 qui
1111 2167 1192 2217 jam
1222 2166 1413 2217 Pydnam,
1444 2173 1511 2204 aut
1538 2166 1645 2204 Poti„

176 2227 319 2274 daeam,
339 2234 407 2264 aut
425 2227 541 2264 aliam
561 2227 693 2264 urbem
723 2227 906 2278 aliquam,
937 2241 1024 2278 quae
1043 2241 1147 2266 nunc
1170 2228 1349 2279 Philippo
1380 2235 1504 2279 paret,
1534 2229 1643 2266 vobis

179 2288 335 2326 inimica
354 2294 412 2325 est
431 2287 568 2325 eodem
588 2288 719 2333 modo,
741 2301 818 2339 quo
839 2295 921 2325 tum
940 2289 1092 2327 Thasus
1113 2295 1152 2327 et
1171 2289 1418 2340 Byzantium,
1437 2289 1647 2340 conjuncta

177 2363 268 2388 cum
288 2349 609 2395 Lacedaemoniis,
632 2362 655 2387 a
674 2350 783 2387 vobis
799 2350 927 2389 aliena
939 2357 1062 2395 erant,
1080 2364 1121 2389 se
1136 2351 1345 2388 tradituros
1360 2350 1646 2402 pollicerentur,

178 2425 326 2462 vosque
345 2411 398 2450 eis
419 2411 557 2450 eadem
579 2412 684 2450 dona
703 2412 864 2457 daretis,
885 2425 972 2463 quae
991 2412 1195 2463 Ecphanto
1216 2412 1375 2458 Thasio,
1397 2419 1436 2451 et
1455 2411 1647 2451 Archebio

176 2471 391 2524 Byzantino
412 2472 596 2516 dedistis3
628 2479 669 2511 et
692 2473 848 2511 istorum
881 2473 996 2524 aliqui
1025 2474 1099 2512 illis
1129 2475 1437 2520 adversarentur,
1467 2474 1553 2513 haec
1585 2475 1644 2513 di-

177 2533 385 2572 ctitantes:
416 2547 494 2572 non
515 2547 600 2572 esse
626 2534 838 2580 ferendum,
861 2535 958 2585 siqui
989 2535 1060 2573 soli
1090 2549 1138 2573 ex
1159 2536 1242 2574 aliis
1267 2536 1460 2587 inquilinis
1485 2550 1645 2575 munera

179 2594 339 2632 aedilitia
366 2607 443 2632 non
474 2595 650 2633 obirent:
679 2596 874 2647 quomodo
902 2610 996 2647 erga
1024 2597 1111 2635 illos
1139 2599 1204 2648 qui
1229 2611 1274 2636 ea
1300 2599 1487 2644 dicerent,
1519 2599 1645 2637 affecti

179 2656 343 2695 essetis?
363 2657 464 2694 Sane
480 2670 558 2695 non
572 2658 733 2696 dubium
755 2665 824 2705 est,
844 2671 914 2697 vos
935 2672 1003 2697 eos
1023 2666 1203 2710 tanquam
1225 2661 1524 2699 calumniatores
1542 2661 1643 2699 exsi-

177 2717 381 2756 bilaturos.
425 2718 553 2769 Turpe
573 2719 689 2770 igitur
708 2720 836 2766 fuerit,
857 2721 888 2758 si
907 2734 996 2758 cum
1025 2721 1252 2772 accipienda
1279 2723 1469 2761 beneficia
1502 2729 1648 2779 essent,

179 2792 250 2830 pro
280 2779 624 2818 calumniatoribus
655 2781 846 2820 haberetis
876 2796 942 2821 eos
969 2784 1034 2834 qui
1060 2784 1156 2822 talia
1185 2784 1381 2824 dicerent:
1413 2797 1457 2822 ac
1487 2784 1648 2832 eisdem,

179 2853 272 2878 cum
293 2840 509 2892 disputant,
528 2841 619 2878 olim
639 2842 739 2879 bene
760 2843 918 2882 meritos
940 2857 1044 2883 nunc
1065 2847 1149 2883 e'sse
1165 2846 1405 2897 spoliandos,
1424 2857 1536 2883 aures
1549 2859 1648 2897 prae-

182 2901 337 2939 beretis.
382 2902 467 2953 Age
488 2916 578 2941 vero
609 2902 706 2940 illud
725 2903 843 2941 etiarn
863 2906 1169 2945 consideremus.
1218 2907 1294 2950 Qui
1316 2906 1492 2957 Pydnam
1514 2913 1553 2944 et
1577 2907 1652 2946 Po-

183 2962 357 3008 tidaeam,
385 2969 611 3013 ceterasque
644 2965 761 3004 urbes
799 2964 979 3017 Philippo
1015 2967 1280 3017 prodiderunt,
1315 2967 1454 3017 quibus
1495 2969 1651 3007 tandem
