1923 3149
527 169 746 220 coN'rRA
775 181 1221 221 AnlsroanTEM.
1519 184 1594 220 393

151 294 264 332 posse
279 283 535 332 acquiescere,
553 295 667 334 quam
685 283 718 321 si
730 285 949 335 probarent,
964 295 1019 329 se,
1034 283 1182 322 etiarnsi
1195 284 1352 330 vellent,
1366 297 1504 323 nocere
1519 297 1596 322 non

153 356 278 392 posse,
299 344 368 381 sibi
387 345 487 382 enim
502 358 577 382 non
592 357 675 382 esse
689 345 860 389 dubium,
877 345 969 394 quin
983 344 1140 389 vellent,
1156 344 1284 395 quoad
1302 346 1413 395 igitur
1426 352 1597 396 possent,

151 404 267 443 fidem
288 406 342 443 eis
366 405 495 444 haberi
516 419 590 442 non
612 419 738 456 posse.
766 405 878 443 Hanc
905 405 1018 442 fidem
1037 404 1166 456 igitur,
1197 405 1228 442 si
1245 407 1338 444 meis
1359 408 1414 444 uti
1429 407 1597 445 consiliis

152 465 292 515 placet,
321 468 503 504 adversus
525 467 710 504 Thracem
736 467 851 503 istum
881 466 1120 511 custodietis,
1153 478 1226 503 nec
1257 468 1418 517 experiri
1444 469 1595 515 voletis,

153 540 229 577 quo
257 529 396 574 animo,
427 534 508 566 tota
533 528 696 566 Thracia
715 528 874 578 potitus,
895 538 988 577 erga
1008 540 1076 565 vos
1099 527 1250 565 futurus
1271 530 1332 566 sit.

207 590 271 626 30.
300 589 389 627 Jam
420 603 491 627 nec
516 602 699 627 sanorum
727 589 924 625 hominumv
942 601 1026 626 esse
1050 588 1142 626 talia
1173 588 1328 626 decreta
1354 590 1534 636 scribere,
1561 597 1602 630 et

152 649 343 700 aliquibus
364 650 453 687 talia
476 650 567 687 dare
586 649 752 699 praemia,
771 648 810 685 id
829 659 981 699 quoque
1006 648 1054 686 de
1074 649 1201 687 multis
1220 651 1335 688 rebus
1360 651 1470 689 facile
1488 653 1602 689 intel-

152 710 294 761 ligitur.
343 711 457 748 Scitis
477 710 577 747 enim
597 722 730 747 omnes
754 722 865 759 aeque
890 723 1058 754 mecum,
1082 710 1354 759 Athenienses,
1373 725 1442 750 vos
1473 714 1602 765 Cotyn

152 773 347 823 quondam
377 772 486 810 illum
515 772 652 810 fecisse
681 771 828 809 civem:
858 771 963 809 haud
999 772 1114 810 dubie
1138 773 1238 811 bene
1265 773 1363 811 velle
1394 775 1502 813 vobis
1535 776 1602 814 illo

152 840 323 884 tempore
343 840 459 884 atque
479 833 641 871 amicum
660 845 746 870 esse
766 831 1040 871 existimantes.
1071 833 1173 877 Quin
1188 841 1227 872 et
1241 847 1376 873 aureas
1392 836 1426 873 ei
1439 849 1601 876 coronas

152 893 395 938 decrevistis3
426 908 503 932 non
525 895 656 945 utique
677 894 829 940 facturi,
849 894 881 932 si
898 894 1050 932 hostem
1072 895 1272 945 putaretis.
1311 897 1602 945 Verumtamen,

151 968 239 992 cum
259 955 466 993 sceleratus
481 962 520 993 et
533 956 603 993 diis
622 955 798 994 inimicus
811 956 929 1002 fieret,
949 962 988 993 et
1004 969 1071 994 vos
1088 957 1237 1007 magnis
1255 957 1400 1008 injuriis
1420 960 1602 1009 afficeret,

152 1016 415 1055 interfectores
427 1017 460 1068 ej
468 1030 524 1062 us,
540 1017 757 1068 Pythonem
772 1023 811 1054 et
830 1016 1078 1055 Heraclidem
1096 1017 1253 1064 AEneos,
1268 1024 1311 1056 ut
1326 1020 1421 1057 bene
1435 1021 1604 1069 meritos,

152 1077 191 1115 in
216 1077 409 1116 civitatem
443 1078 668 1129 adscriptos,
701 1078 824 1115 aureis
863 1078 1015 1116 coronis
1044 1079 1222 1116 ornastis.
1273 1079 1315 1117 Si
1346 1086 1439 1118 tunc
1472 1082 1604 1132 igitur,

153 1139 310 1189 quando
338 1139 533 1177 familiaris
553 1139 661 1177 vobis
683 1139 803 1190 Cotys
829 1151 914 1177 esse
932 1139 1145 1184 videbatur,
1166 1139 1303 1190 aliquis
1324 1141 1552 1192 scripsisset,
1574 1143 1606 1181 si

153 1200 238 1250 quis
265 1201 392 1252 Cotyn
411 1200 606 1245 occiderit,
635 1200 843 1238 foederibus
877 1207 1077 1251 exemptus
1102 1207 1201 1247 esto,
1229 1207 1360 1239 utrum
1390 1202 1607 1253 Pythonem

153 1274 243 1299 cum
262 1262 377 1299 fratre
399 1275 509 1299 noxae
529 1262 746 1307 dedissetis,
768 1275 816 1299 an
839 1269 976 1300 contra
1007 1262 1204 1300 decretum
1231 1262 1326 1300 illud
1352 1263 1504 1301 civitate
1537 1265 1606 1303 do-

153 1329 278 1367 natos,
300 1329 342 1360 ut
360 1324 456 1360 bene
477 1323 645 1368 meritos,
666 1322 904 1360 ornassetis‘?
934 1322 1038 1366 Quid
1057 1335 1147 1362 vero
1171 1323 1219 1360 de
1241 1323 1465 1361 Alexandro
1488 1325 1607 1363 Thes-

154 1383 236 1421 salo
250 1383 265 1420 ἲ
297 1385 334 1422 Is
350 1397 437 1422 cum
452 1383 679 1434 Pelopidam
692 1391 848 1435 captum
865 1385 904 1422 in
916 1383 1080 1422 vinculis
1099 1384 1268 1430 haberet,
1285 1391 1324 1422 et
1338 1384 1607 1425 Thebanorum

148 1438 277 1483 'hostis
298 1452 401 1484 esset
420 1446 643 1492 acerrimus,
662 1446 768 1483 vobis
787 1458 878 1484 vero
898 1446 952 1483 ita
971 1445 1178 1492 familiaris,
1193 1452 1236 1484 ut
1255 1452 1293 1483 et
1308 1446 1443 1484 ducem
1461 1460 1482 1484 a
1499 1450 1609 1488 vobis

154 1511 313 1556 peteret,
333 1514 372 1544 et
389 1519 455 1544 vos
477 1506 584 1543 illum
597 1506 795 1556 juvaretiS‚
815 1507 944 1544 omnia
963 1506 1129 1557 denique
1148 1513 1250 1544 esset
1271 1507 1517 1546 Alexander:
1539 1512 1608 1548 ob-

155 1579 264 1604 secro
276 1580 359 1611 VOS,
373 1567 405 1604 si
422 1567 507 1617 quis
529 1567 759 1617 scripsisset,
781 1567 812 1605 si
832 1568 917 1618 quis
937 1568 1121 1606 occiderit
1134 1568 1409 1613 Alexandrum,
1431 1582 1518 1607 eum
1539 1572 1608 1609 ab·

155 1627 241 1677 duci
262 1627 388 1673 liceat,
409 1641 499 1665 num
525 1634 651 1665 tutum
668 1628 808 1666 fuisset
827 1629 958 1666 conari
977 1635 1111 1680 postea
1130 1628 1288 1679 injurias
1309 1629 1391 1680 ejus
1413 1637 1452 1667 et
1470 1639 1609 1671 contu·

156 1688 290 1725 melias
317 1688 480 1726 ulcisci?
510 1690 705 1730 Quorsum
726 1702 816 1727 vero
850 1690 986 1727 attinet
1011 1696 1139 1728 cetera
1158 1689 1270 1737 huius
1302 1691 1452 1739 generis
1474 1705 1609 1731 recen-

155 1749 264 1788 sere?
293 1750 365 1788 Vel
386 1750 597 1801 Philippus,
618 1751 684 1801 qui
709 1757 837 1789 vester
864 1751 1039 1790 inimicus
1066 1751 1351 1788 infensissimus
1377 1751 1552 1798 habetur,
1577 1755 1610 1793 si

154 1817 252 1855 tum,
273 1824 362 1848 cum
381 1818 593 1850 vestrorum
612 1811 750 1850 civium
770 1813 972 1863 quosdam,
994 1813 1178 1863 Argaeum
1198 1812 1456 1858 restituentes,
1473 1814 1612 1865 depre-

155 1870 314 1917 hensos,
333 1886 410 1910 non
430 1873 535 1923 ipsos
555 1873 672 1911 modo
693 1872 849 1920 dimisit,
869 1874 937 1912 sed
965 1879 1004 1912 et
1022 1875 1150 1911 omnia
1175 1886 1261 1923 quae
1281 1873 1531 1923 perdiderant
1555 1876 1612 1915 eis

154 1932 335 1979 reddidit,
355 1939 394 1971 et
411 1934 537 1972 missis
557 1933 606 1971 ad
625 1946 693 1972 vos
712 1933 843 1982 literis,
867 1947 908 1973 se
927 1941 1101 1985 paratum
1122 1947 1207 1972 esse
1223 1934 1392 1972 ostendit
1408 1936 1613 1976 vobiscum

155 1993 283 2031 facere
302 1994 540 2040 societatem,
561 2000 600 2032 et
618 2001 820 2045 paternam
841 1995 1043 2033 amicitiam
1063 2007 1273 2038 renovare3
1304 1996 1334 2032 si
1357 2001 1436 2032 tum
1462 1996 1547 2035 haec
1575 1998 1612 2035 ei

155 2053 272 2092 tribui
291 2055 530 2105 postulasset
550 2055 687 2104 aliquis
708 2068 756 2092 ex
774 2055 845 2101 his,
866 2056 932 2105 qui
952 2058 999 2094 ab
1019 2069 1066 2094 eo
1085 2056 1229 2093 dimissi
1253 2055 1420 2100 fuerant,
1451 2064 1491 2094 et
1519 2059 1613 2096 scri-

156 2114 314 2164 psisset,
338 2114 369 2151 si
387 2113 472 2164 quis
499 2114 686 2152 occiderit
709 2114 944 2166 Philippum,
964 2128 1052 2153 eum
1081 2116 1353 2166 comprehendi
1381 2117 1509 2164 liceat,
1532 2131 1612 2157 non

155 2187 205 2217 ne
215 2174 442 2224 joculariam
462 2174 499 2210 in
520 2174 791 2213 contumeliam
808 2175 1102 2214 incidissemus?
1132 2176 1320 2227 Nunquid
1340 2177 1478 2215 videtis
1497 2185 1536 2216 et
1554 2179 1615 2217 in-

155 2235 340 2285 telligitis,
355 2235 628 2280 AthenienseS,
650 2248 697 2273 ex
714 2235 775 2273 his
791 2236 966 2286 singulis,
988 2236 1016 2274 si
1036 2237 1111 2274 tale
1131 2237 1323 2288 quippiam
1344 2237 1614 2278 decrevissetis

156 2303 311 2345 quantae
340 2295 380 2334 id
407 2302 547 2335 vestrae
573 2297 774 2335 dementiae
799 2297 1057 2335 tribueretur?
1090 2298 1180 2336 Non
1207 2299 1307 2336 enim
1340 2311 1446 2337 sanae
1473 2302 1614 2340 mentis

157 2355 356 2394 hominum
376 2370 462 2395 esse
481 2363 588 2408 puto,
609 2357 702 2402 sive,
724 2370 812 2395 cum
836 2357 1003 2408 aliquem
1036 2359 1200 2396 amicum
1230 2372 1313 2397 esse
1344 2360 1528 2410 putarint,
1558 2363 1614 2401 sic

158 2417 193 2454 ei
217 2417 350 2463 fidere,
379 2425 434 2463 ut,
462 2417 613 2456 etiamsi
632 2419 790 2469 coeperit
817 2431 904 2456 esse
935 2418 1110 2470 injurius,
1136 2419 1319 2457 facultate
1351 2420 1509 2459 ultionis
1540 2423 1615 2473 ipsi

158 2491 243 2515 sese
264 2478 442 2528 spolient,
465 2481 558 2525 sive,
587 2479 619 2516 si
648 2491 762 2529 quem
790 2493 860 2530 pro
880 2480 1031 2518 inimico
1051 2480 1229 2527 habeant,
1251 2481 1306 2518 sic
1333 2481 1473 2528 odisse,
1500 2490 1556 2528 ut,
1584 2485 1616 2522 si

159 2538 342 2589 depositis
362 2538 459 2576 odiis
489 2538 528 2576 in
548 2541 711 2589 gratiam
740 2541 861 2579 redire
892 2541 995 2586 velit,
1015 2540 1243 2591 prohibeant
1272 2554 1348 2591 quo
1375 2542 1501 2580 minus
1532 2543 1615 2581 haec

160 2599 286 2636 facere
309 2599 451 2643 liceat;
481 2599 550 2637 sed
575 2600 762 2651 tantisper
793 2614 876 2638 mea
902 2601 1056 2650 quidem
1078 2602 1281 2647 sententia,
1305 2610 1385 2640 tum
1406 2602 1515 2648 odiis,
1535 2610 1615 2640 tum

162 2660 336 2698 amicitiis
360 2666 421 2698 est
454 2662 794 2712 progrediendum,
825 2669 869 2701 ut
895 2662 1029 2701 harum
1062 2664 1312 2702 occasionum
1350 2670 1485 2701 neutra
1515 2677 1615 2715 prae-

158 2727 340 2759 tereatur.

215 2783 280 2819 31.
311 2781 412 2819 Illud
432 2794 547 2832 porro
567 2782 684 2822 etiam
703 2796 776 2834 ego
796 2784 1010 2835 perspicere
1029 2798 1192 2835 nequeo,
1213 2798 1281 2822 cur
1300 2797 1378 2821 non
1398 2796 1528 2822 omnes
1547 2784 1616 2823 ho-

160 2835 284 2881 mines
305 2842 440 2880 eadem
461 2841 534 2880 sibi
554 2843 667 2881 tribui
686 2845 916 2894 postulaturi
937 2846 1026 2892 sint,
1047 2846 1263 2896 quicunque
1283 2844 1483 2895 parvulum
1502 2846 1616 2896 quip-

161 2902 262 2953 piam
282 2902 321 2940 in
340 2916 409 2943 vos
429 2903 639 2943 contulisse
656 2904 897 2950 videbuntur,
914 2906 946 2943 si
963 2907 1049 2945 haec
1071 2905 1302 2944 Charidemo
1323 2905 1587 2953 concesseritis
1604 2919 1615 2946 ε

873 2968 894 3003 3
922 2979 944 3003 E
