1923 3149
276 113 326 151 88
808 112 1122 153 PHILIPPICA
1153 115 1227 153 111.

282 215 428 254 Pheras
446 227 583 267 nuper,
605 222 649 254 ut
667 216 814 256 amicus
834 224 874 256 et
892 218 1020 256 socius
1049 217 1087 255 in
1118 215 1359 255 Thessaliam
1392 216 1604 267 ingressus,
1624 227 1743 255 occu-

282 278 388 329 pavit
407 285 445 315 et
462 285 581 316 tenet.
640 280 701 317 Ac
723 287 917 330 postremo
938 280 1086 318 miseris
1106 279 1178 316 illis
1200 278 1318 316 Oritis
1339 279 1448 323 dixit,
1471 292 1513 317 se
1529 279 1677 316 misisse
1691 278 1741 317 ad

285 352 352 377 eos
368 353 414 376 ex
429 341 698 379 benevolentia
718 341 868 386 milites,
890 342 955 392 qui
975 355 1041 379 eos
1062 341 1250 385 viserent;
1279 340 1412 378 audire
1434 340 1533 378 enim
1555 354 1609 384 se,
1631 340 1741 378 labo-

282 413 365 438 rare
390 401 474 439 illos
495 409 534 440 et
552 403 804 440 seditionibus
824 403 974 454 agitari,
995 416 1078 441 esse
1100 410 1227 440 autem
1249 402 1442 440 sociorum
1473 409 1513 440 et
1531 402 1741 440 amicorum

280 475 455 500 verorum
483 463 705 514 hujusmodi
737 464 876 502 adesse
907 465 1156 516 temporibus.
1214 463 1366 501 Putatis
1399 463 1513 514 igitur
1543 476 1632 501 eum
1652 476 1741 501 esse

283 521 519 574 Philippum,
542 525 606 575 qui
625 538 712 563 cum
734 538 800 563 eos
821 525 1010 571 homines,
1031 525 1096 576 qui
1117 525 1208 562 nihil
1230 526 1264 562 ei
1284 537 1423 563 nocere
1444 524 1676 576 potuissent,
1691 537 1741 562 ne

282 596 373 621 vero
396 585 466 623 sibi
493 593 697 624 noceretur
729 587 894 625 fortasse
925 600 1058 625 cavere
1090 588 1320 638 potuissent,
1341 587 1533 638 decipere,
1550 599 1667 637 quam
1683 586 1740 624 iu-

281 645 387 683 dicto
422 646 524 685 bello
544 660 697 698 cogere,
718 648 910 694 maluerit,
929 649 1127 686 vobiscum
1147 649 1197 686 sit
1229 661 1275 687 ex
1295 648 1470 700 professo
1489 648 1741 698 belligeratu-

281 719 360 752 rus,
381 706 510 758 idque,
532 709 624 746 dum
643 708 747 747 ultro
773 709 978 747 fallimini?
1035 710 1124 747 Non
1154 710 1208 748 ita
1241 717 1325 748 est:
1356 711 1495 748 etenim
1523 710 1740 748 mortalium

281 768 451 805 omnium
469 769 766 809 vecordissimus
788 778 904 817 esset,
921 771 953 809 si
973 771 1065 809 dum
1077 785 1159 817 vos,
1181 772 1246 823 qui
1262 772 1407 823 injuriis
1427 771 1634 817 afficimini,
1647 771 1741 809 nihil

281 843 370 867 eum
383 833 585 877 accusatis,
600 833 668 870 sed
679 833 820 870 civium
837 840 1048 871 vestrorum
1065 834 1253 884 quosdam
1269 834 1432 884 culpatis
1447 834 1535 871 etin
1550 833 1740 884 judicium

278 903 416 929 vocare
435 892 564 939 vultis,
585 894 678 944 ipse,
698 894 901 945 consopita
931 901 1057 932 vestra
1090 895 1189 932 inter
1212 908 1280 932 vos
1311 895 1377 932 lite
1409 901 1450 932 et
1479 894 1740 940 contentione,
1772 926 1778 929 .

279 951 526 991 denuntiaret
559 955 596 991 in
625 968 666 992 se
698 968 804 992 arma
822 968 907 991 esse
927 955 1202 1000 convertenda,
1232 963 1272 991 et
1305 955 1551 993 mercenariis
1582 956 1663 993 suis
1693 967 1741 993 ea

279 1015 396 1052 verba
422 1016 598 1066 eriperet,
617 1016 756 1066 quibus
789 1016 898 1054 vobis
930 1028 1060 1053 moras
1091 1021 1267 1061 nectunt,
1292 1024 1480 1066 negantes
1500 1029 1588 1054 eum
1607 1029 1741 1067 gerere

275 1075 419 1112 bellum
451 1089 540 1114 cum
567 1076 777 1127 republica.
847 1076 993 1114 Verum
1026 1081 1150 1122 estne,
1178 1075 1273 1126 proh
1307 1075 1437 1113 divum
1467 1077 1598 1123 fidem,
1632 1077 1739 1128 quis-

277 1150 392 1187 quam
409 1150 514 1175 sanae
535 1138 688 1184 mentis,
707 1138 772 1188 qui
792 1137 853 1176 vel
869 1150 1007 1188 pacem
1025 1144 1242 1175 servantem
1262 1137 1324 1175 vel
1342 1137 1489 1174 bellum
1517 1151 1650 1176 secum
1670 1152 1738 1190 ge-

279 1205 426 1236 rentem
440 1212 462 1236 e
481 1199 605 1237 verbis
624 1199 747 1250 magis
766 1212 882 1250 quam
902 1212 923 1236 e
943 1198 1055 1236 factis
1074 1198 1301 1236 aestimarit?
1331 1211 1444 1236 nemo
1467 1212 1575 1237 sane.

332 1263 371 1298 4.
403 1260 520 1311 Atqui
541 1260 741 1312 Philippus
762 1261 810 1299 ab
830 1260 951 1307 initio,
971 1273 1068 1311 pace
1086 1274 1222 1299 recens
1238 1259 1354 1306 facta,
1369 1260 1553 1312 Diopithe
1564 1260 1737 1299 nondum

278 1321 446 1359 ducente
467 1322 693 1367 exercitum,
719 1335 847 1373 neque
867 1322 994 1360 missis
1027 1322 1072 1360 iis
1091 1322 1155 1373 qui
1183 1335 1287 1360 nunc
1306 1322 1344 1359 in
1365 1322 1611 1360 Chersoneso
1632 1331 1736 1371 sunt,

276 1384 446 1422 Serrium
466 1390 506 1422 et
526 1383 732 1422 Doriscum
754 1385 988 1435 occupabat,
1003 1391 1042 1422 et
1061 1398 1108 1422 ex
1129 1384 1255 1423 Serrio
1269 1391 1398 1422 castro
1413 1391 1452 1423 et
1466 1384 1606 1423 Monte
1625 1397 1736 1424 sacro

275 1446 417 1483 milites
436 1459 503 1483 eos
525 1446 712 1497 ejiciebat,
733 1459 831 1497 quos
851 1453 980 1484 noster
998 1447 1204 1498 imperator
1235 1446 1288 1485 ibi
1310 1447 1533 1485 collocarat.
1590 1448 1644 1485 At
1662 1448 1738 1486 ista

275 1506 428 1557 agendo
449 1507 542 1558 quid
561 1507 756 1546 faciebat?
784 1508 822 1544 in
841 1521 978 1559 pacem
996 1508 1137 1559 quippe
1151 1509 1313 1559 jurarat.
1371 1508 1510 1560 Neque
1530 1508 1733 1560 quisquam

272 1569 392 1615 dicat,
422 1570 515 1619 quid
545 1582 636 1607 vero
667 1569 742 1607 ista
773 1576 877 1615 sunt,
914 1576 981 1607 aut
1015 1570 1109 1620 quid
1139 1571 1305 1608 attinent
1341 1570 1392 1609 ad
1428 1570 1736 1621 rempublicam?

275 1625 417 1668 Utrum
433 1643 480 1668 ea
498 1630 600 1668 enim
618 1643 738 1682 parva
753 1630 830 1668 sint
850 1637 916 1668 aut
934 1630 1028 1668 nulli
1044 1644 1148 1669 curae
1166 1631 1275 1669 vobis
1295 1631 1454 1678 suerint,
1473 1631 1549 1669 alia
1568 1633 1640 1670 erit
1657 1633 1741 1671 dis--

272 1691 422 1742 putatio
442 1705 452 1729 ε
483 1691 552 1730 sed
567 1691 822 1743 jurisjurandi
842 1692 977 1742 religio
997 1698 1037 1730 et
1049 1692 1214 1744 justitia,
1236 1693 1316 1731 sive
1339 1693 1377 1730 in
1402 1693 1530 1743 parvis
1551 1694 1631 1731 sive
1650 1707 1733 1732 ma-

274 1753 361 1803 gnis
383 1753 422 1790 in
442 1754 554 1790 rebus
575 1753 751 1798 violetur,
773 1753 939 1791 eandem
956 1753 1030 1791 vim
1051 1753 1180 1791 habet.
1237 1754 1321 1804 Age
1335 1754 1432 1805 jam,
1449 1767 1536 1791 cum
1556 1753 1594 1790 in
1613 1754 1732 1793 Cher-

274 1828 473 1861 sonesum,
489 1828 608 1865 quam
627 1829 694 1853 rex
711 1816 907 1852 Persarum
925 1828 1137 1865 omnesque
1158 1814 1286 1853 Graeci
1302 1822 1466 1853 vestram
1485 1828 1570 1854 esse
1579 1815 1733 1864 judica-

272 1884 377 1924 runt,
397 1877 537 1915 milites
556 1877 726 1914 immittit
751 1883 790 1915 et
819 1877 947 1928 palam
975 1877 1180 1915 auxiliatur
1199 1884 1238 1915 et
1255 1878 1325 1915 has
1345 1877 1474 1915 literas
1493 1878 1620 1924 mittit,
1639 1879 1734 1930 quid

273 1938 381 1988 agit?
437 1938 487 1975 Se
501 1938 702 1976 vobiscum
720 1939 945 1989 belligerare
974 1946 1105 1989 negat,
1131 1952 1205 1990 ego
1225 1952 1316 1976 vero
1341 1946 1492 1977 tantum
1512 1941 1660 1986 absum,
1689 1947 1734 1979 ut

270 2013 359 2037 cum
390 1999 484 2037 talia
512 1999 716 2037 facientem
749 2012 886 2050 pacem
904 2000 1101 2038 vobiscum
1123 2013 1238 2051 agere
1256 2000 1392 2045 fatear,
1420 2008 1477 2046 ut,
1498 2008 1538 2039 et
1560 2001 1733 2053 Megaris

271 2061 502 2099 invadendis
532 2068 571 2098 et
593 2061 629 2097 in
652 2060 798 2097 Euboea
829 2060 1036 2111 tyrannide
1054 2060 1249 2097 molienda
1281 2067 1318 2098 et
1337 2074 1442 2099 nunc
1468 2061 1508 2099 in
1527 2063 1731 2102 Thraciam

270 2122 501 2174 prodeundo
516 2128 555 2160 et
574 2121 721 2158 insidiis
738 2121 774 2158 in
796 2121 1064 2172 Peloponneso
1080 2122 1348 2172 comparandis
1373 2128 1413 2160 et
1432 2136 1519 2173 quae
1535 2123 1628 2161 facit
1646 2137 1728 2162 om-

271 2185 337 2221 nia
356 2197 444 2222 cum
463 2183 633 2221 exercitu
650 2183 842 2229 faciendo,
860 2182 1011 2221 solvere
1025 2183 1212 2221 affirmem
1227 2196 1365 2234 pacem
1384 2190 1424 2221 et
1437 2184 1582 2222 bellum
1599 2186 1729 2224 vobis-

271 2257 358 2282 cum
394 2257 540 2295 gerere,
577 2244 649 2282 nisi
677 2257 744 2282 eos
772 2243 938 2282 fortasse
973 2244 1038 2294 qui
1069 2244 1268 2282 machinas
1301 2245 1571 2291 admoliuntur,
1593 2260 1728 2298 pacem

273 2318 388 2356 agere
408 2305 556 2349 dicatis,
577 2305 698 2343 donec
719 2318 784 2343 eas
809 2305 890 2356 jam
910 2305 960 2343 ad
979 2306 1064 2356 ipsa
1090 2306 1230 2344 moenia
1248 2305 1492 2345 adduxerint.
1551 2309 1629 2346 Sed
1647 2322 1727 2347 non

271 2366 435 2404 dicetis:
465 2366 529 2416 qui
550 2366 663 2412 enim,
682 2367 820 2416 quibus
837 2379 910 2417 ego
930 2366 1071 2418 capiar,
1093 2379 1141 2404 ea
1171 2368 1252 2418 agit
1279 2373 1319 2405 et
1347 2368 1514 2415 instruit,
1532 2368 1564 2406 is
1583 2369 1728 2408 bellum

269 2440 426 2467 mecum
459 2428 567 2479 gerit,
593 2428 666 2465 etsi
698 2441 758 2466 me
780 2428 952 2466 nondum
973 2428 1034 2466 vel
1048 2428 1188 2480 jaculis
1209 2429 1269 2466 vel
1292 2430 1440 2480 sagittis
1460 2437 1580 2481 petat.
1637 2431 1727 2475 Quo

270 2491 386 2542 igitur
405 2502 474 2527 vos
495 2490 533 2526 in
552 2489 723 2540 periculo
750 2489 869 2536 eritis,
890 2490 922 2527 si
953 2489 1046 2541 quid
1080 2489 1294 2527 acciderit?
1323 2490 1361 2528 in
1383 2503 1428 2528 eo
1447 2492 1553 2542 quod
1570 2492 1727 2531 Helles-

272 2558 415 2604 pontus
446 2563 469 2589 a
494 2550 602 2588 vobis
636 2550 879 2596 alienabitur,
911 2552 949 2589 in
981 2564 1028 2590 eo
1061 2551 1167 2602 quod
1196 2551 1228 2589 is
1258 2551 1323 2602 qui
1355 2553 1553 2591 vobiscum
1581 2554 1726 2592 bellum

272 2614 370 2666 gerit
390 2611 562 2663 Megaris
588 2618 628 2649 et
648 2611 796 2649 Euboea
814 2613 995 2664 potietur,
1015 2612 1054 2650 in
1085 2626 1130 2650 eo
1150 2613 1254 2662 quod
1275 2613 1550 2665 Peloponnesii
1569 2628 1657 2653 cum
1677 2629 1725 2654 eo

270 2675 558 2725 conspirabunt.
616 2672 713 2710 Eum
729 2672 855 2724 igitur,
876 2674 940 2724 qui
955 2674 1056 2711 hanc
1077 2672 1291 2712 machinam
1311 2683 1447 2714 contra
1464 2677 1596 2714 urbem
1614 2676 1726 2728 erigit

273 2743 389 2788 atque
405 2742 578 2787 apparat,
591 2747 728 2785 pacem
744 2747 858 2785 agere
873 2735 998 2772 dicam
1015 2748 1106 2786 erga
1117 2736 1216 2773 vos?
1235 2736 1395 2775 multum
1412 2744 1514 2775 certe
1527 2738 1723 2783 abest‚die

269 2805 400 2835 autem
419 2810 496 2848 quo
518 2796 740 2834 Phocenses
761 2797 930 2842 sustulit,
949 2797 997 2834 ab
1016 2809 1062 2835 eo
1083 2810 1154 2847 ego
1180 2798 1377 2836 vobiscum
1393 2811 1481 2837 eum
1499 2799 1723 2850 belligerare

270 2866 411 2897 statuo.
468 2858 547 2896 Vos
569 2864 710 2905 autem,
739 2857 770 2895 si
795 2870 897 2897 nunc
929 2871 1015 2896 eum
1041 2859 1286 2909 propulsetis,
1318 2860 1526 2911 prudenter
1553 2860 1723 2900 facturos
