1923 3149
299 186 378 224 374
670 181 896 221 CONTRA
925 180 1381 220 ARISTOCRATEM.

299 291 340 323 et
364 282 505 333 alioqui
523 283 639 320 vestri
660 283 879 328 studiosos-‚3
912 289 950 322 ct
968 290 1104 321 natura
1123 283 1244 321 civem
1263 287 1433 320 vestrum
1456 283 1746 321 Athenodorum

301 358 350 382 ne
368 344 407 381 in
427 344 594 381 animum
623 343 776 394 quidem
804 345 840 382 id
863 357 947 382 esse
968 343 1224 389 inducturum,
1252 356 1375 394 neque
1402 343 1442 382 id
1470 343 1611 381 crimen
1641 344 1746 381 subi·

299 411 441 450 turum,
463 411 506 442 ut
525 406 866 443 senatusconsulto
887 405 1109 442 adversatus
1129 404 1330 449 videretur,
1349 405 1453 455 quod
1475 404 1555 442 sine
1577 405 1655 442 ulla
1674 405 1746 442 du-

297 465 482 503 bitatione
511 466 564 503 eis
597 465 879 516 impingeretur,
901 466 1024 515 siquid
1046 465 1279 503 Charidemo
1310 465 1525 502 accidisset.
1570 465 1655 502 Hac
1684 477 1745 502 ra-

298 528 415 572 tione,
442 527 570 564 alteris
602 527 740 564 auxilio
771 527 980 570 destitutis,
1012 527 1093 564 istis
1123 533 1229 563 tanta
1248 526 1475 577 impunitate
1510 526 1612 570 data,
1633 525 1747 563 facile

298 600 412 638 posse
427 587 512 624 illos
533 587 632 638 ej1ci‚
650 600 689 624 se
709 587 904 636 imperium
926 588 1110 624 obtinere.
1153 588 1200 623 Et
1220 586 1321 623 hanc
1343 587 1489 624 illorum
1506 586 1624 622 fuisse
1640 598 1747 622 men-

298 656 388 694 tem,
417 649 502 686 haec
535 648 695 686 consilia
723 647 808 684 illos
837 648 1102 692 concinnasse,
1132 648 1213 698 ipsa
1243 648 1344 685 facta
1377 647 1590 685 clamitant.
1646 646 1751 683 Nam'

299 710 409 747 simul
433 717 471 747 et
489 709 631 747 bellum
662 710 880 753 movebant,
909 716 947 746 et
965 708 1014 746 ad
1034 722 1101 747 vos
1123 711 1170 747 ab
1201 709 1256 746 eis
1282 709 1431 759 legatus
1460 707 1636 745 veniebat
1662 706 1747 744 Ari-

299 770 521 808 stomachus
539 769 812 818 Alopecensis:
834 770 898 817 qui
915 782 1002 806 cum
1023 770 1100 806 alia
1118 769 1222 820 apud
1241 782 1309 806 vos
1330 769 1365 806 in
1381 769 1566 806 concione
1583 768 1748 813 dicebat,

297 840 377 870 tum
396 831 434 868 in
454 829 664 868 honorifica
677 829 948 879 praedicatione
969 836 1007 867 et
1027 830 1174 880 prolixa
1195 830 1458 879 Cersobleptae
1473 837 1511 866 ct
1529 828 1747 866 Charidemi

296 905 428 931 eorum
448 903 540 941 erga
557 903 627 928 vos
646 889 954 927 benevolentiam
974 898 1014 927 et
1034 890 1202 927 studium
1227 890 1458 927 celebrabat.
1506 890 1638 926 Solum
1666 901 1748 926 om-

295 954 402 993 nium
420 951 617 990 hominum
638 950 913 989 Charidemum
927 951 1035 988 vobis
1051 951 1310 1001 Amphipolim
1327 950 1468 987 donare
1480 963 1608 1000 posse,
1626 955 1747 1000 utque

297 1027 386 1053 eum
414 1014 682 1063 imperatorem
713 1012 909 1056 cremetis,
940 1011 1178 1049 hortabatur.
1224 1010 1406 1048 Paratum
1435 1016 1562 1048 autem
1588 1009 1642 1046 eis
1664 1012 1747 1056 jam

297 1082 386 1114 ante
405 1074 480 1112 hoc
501 1072 891 1118 senatusconsultum,
911 1078 950 1109 et
964 1079 1053 1110 ante
1073 1072 1298 1123 dispositum
1320 1078 1426 1109 erat:
1456 1077 1511 1115 ut,
1537 1070 1568 1108 si
1592 1069 1747 1120 acquie-

296 1136 453 1176 sceretis
474 1135 512 1172 in
532 1133 872 1185 pollicitationibus
892 1139 931 1171 et
951 1147 1033 1184 spe,
1059 1147 1175 1184 quam
1195 1134 1417 1171 ostentabat
1441 1131 1750 1178 Aristomachus,

295 1197 424 1236 statim
460 1195 627 1246 populus
665 1194 863 1232 decretum
901 1195 1184 1245 comprobaret,
1225 1201 1264 1231 et
1300 1194 1393 1231 nihil
1429 1193 1644 1243 impediret.
1694 1192 1749 1229 At

294 1269 502 1309 quamnam
517 1255 753 1293 callidiorem
769 1261 836 1292 aut
850 1256 1070 1293 astutiorem
1084 1256 1268 1293 rationem
1287 1255 1486 1304 quisquam
1503 1254 1595 1290 inire
1604 1247 1749 1303 posset,

295 1326 339 1356 ut
357 1330 468 1368 reges
495 1316 614 1354 ceteri
632 1315 878 1366 pellerentur,
898 1329 995 1353 unus
1017 1316 1080 1365 qui
1103 1316 1156 1353 eis
1177 1316 1388 1366 placuisset
1408 1328 1519 1352 omne
1540 1320 1749 1364 occuparet

295 1376 524 1429 imperium?
553 1377 632 1413 Aut
658 1382 702 1412 ut
729 1375 754 1412 ii
779 1375 842 1425 qui
871 1375 1021 1413 duobus
1049 1376 1204 1426 reliquis
1233 1375 1405 1426 opitulati
1435 1375 1575 1424 alioqui
1601 1381 1747 1420 essent,

296 1446 402 1477 metu
430 1437 631 1475 calumniae
650 1436 906 1484 quiescerent,
934 1449 1049 1485 quarn
1081 1443 1382 1474 consentaneum
1415 1441 1498 1473 erat
1526 1441 1749 1485 exspectare

295 1499 382 1537 illos
397 1498 435 1534 in
452 1510 492 1534 se
507 1496 805 1534 redundaturam
821 1509 889 1546 per
902 1496 939 1533 id
957 1497 1349 1540 senatusconsultum,
1366 1496 1394 1532 si
1411 1495 1503 1545 quid
1518 1495 1749 1533 Charidemo

296 1557 529 1599 accidisset?
563 1556 690 1607 thue
709 1556 777 1601 illi,
795 1556 858 1606 qui
878 1557 942 1594 uni
965 1557 1154 1594 duntaxat
1168 1557 1366 1608 imperium
1383 1557 1532 1594 tradere
1553 1556 1751 1604 studebat,

294 1621 360 1672 qui
381 1619 508 1658 omnia
521 1618 656 1656 vestris
677 1617 885 1654 rationibus
906 1617 1097 1655 contraria
1116 1617 1358 1661 moliebatur,
1388 1624 1535 1654 tantam
1556 1617 1748 1655 licentiam

296 1684 432 1721 darent
449 1681 607 1731 impune
627 1685 666 1716 et
680 1691 815 1716 secure
831 1679 895 1716 illa
914 1678 1108 1716 faciendi?
1138 1678 1274 1728 Neque
1297 1691 1384 1716 vero
1402 1678 1491 1715 hinc
1512 1677 1634 1716 solum
1656 1692 1749 1716 con-

298 1751 387 1791 stat,
407 1748 563 1794 propter
587 1741 670 1778 haec
699 1753 786 1790 quae
809 1740 896 1777 dico
930 1740 1311 1781 senatusconsultum
1338 1739 1442 1776 istud
1475 1752 1557 1776 esse
1586 1739 1746 1785 factum,

297 1805 367 1844 sed
384 1817 429 1842 ex
450 1804 534 1854 ipso
549 1800 881 1839 senatusconsulto
896 1801 1064 1850 amplum
1078 1800 1273 1851 quoddam
1288 1799 1547 1837 testimonium
1564 1801 1746 1850 suppetit.

299 1868 400 1904 Cum
436 1864 537 1901 enim
571 1861 777 1912 scripserit,
808 1861 852 1898 si
889 1862 1007 1911 quis
1047 1861 1117 1899 Ch
1135 1860 1422 1898 aridemum
1459 1860 1746 1906 occiderit,

296 1940 368 1965 nec
384 1923 577 1975 adjecerit,
594 1921 776 1972 quidnam
793 1928 986 1971 agentem,
1001 1927 1127 1958 utrum
1148 1921 1255 1958 vobis
1278 1921 1397 1967 utilia,
1418 1934 1467 1958 an
1488 1927 1634 1966 contra,
1655 1923 1746 1959 sub-

291 1986 422 2038 junxit
455 1984 581 2022 statim
612 1996 633 2020 e
664 1982 880 2019 ditione
915 1982 1176 2020 sociorum
1220 1994 1311 2032 pos
1329 1995 1381 2019 se
1425 1982 1474 2018 in
1524 1981 1747 2021 vincula

298 2061 321 2085 a
334 2049 357 2084 b
371 2060 387 2084 r
403 2047 447 2096 ip
461 2045 484 2082 i.
524 2044 659 2092 Neque
675 2056 765 2080 vero
784 2042 949 2080 hostium
963 2048 1179 2079 nostrorum
1194 2054 1304 2090 aeque
1319 2048 1432 2091 atque
1448 2042 1562 2087 illius,
1576 2055 1746 2092 unquam

296 2108 398 2145 ullus
412 2106 458 2143 ad
475 2111 627 2142 nostros
642 2103 769 2140 veniet
785 2103 922 2148 socios,
940 2102 1019 2139 sive
1034 2102 1230 2147 occiderit,
1247 2101 1325 2139 sive
1342 2114 1418 2138 non
1434 2102 1627 2141 occiderit.
1655 2103 1746 2142 Non

296 2169 413 2219 igitur
432 2167 467 2203 in
482 2166 616 2203 hostes
637 2177 720 2202 eam
740 2177 892 2214 poenam
912 2163 1125 2200 constituit.
1153 2163 1203 2200 At
1224 2169 1440 2200 nostrorum
1460 2164 1681 2210 amicorum,
1701 2165 1746 2202 il-

293 2230 380 2274 lius,
393 2229 422 2266 si
437 2227 526 2278 quid
539 2225 756 2275 reipublicae
768 2231 909 2262 nostrae
921 2224 1174 2274 perniciosum
1187 2231 1402 2269 conaretur,
1415 2223 1664 2272 inimicorum,
1674 2226 1745 2263 ho-

296 2303 393 2335 rum,
413 2290 583 2338 inquam,
598 2286 734 2335 aliquis
751 2285 1126 2323 senatusconsultum
1145 2284 1248 2322 istud
1264 2284 1522 2334 pertimescet,
1542 2292 1580 2322 et
1595 2287 1745 2324 cavebit

297 2364 345 2387 ne
357 2356 501 2387 vestras
514 2346 727 2384 inimicitias
742 2346 936 2396 suscipere
951 2352 1124 2395 cogatur.
1155 2346 1230 2382 Est
1245 2352 1370 2382 autem
1383 2344 1445 2382 hic
1458 2345 1743 2392 Athenodorus,

299 2412 416 2454 Simo,
440 2411 593 2452 Bianor,
615 2408 790 2445 Thraciae
819 2420 942 2457 regeS‚
969 2414 1007 2444 et
1041 2407 1263 2457 quicunque
1297 2406 1394 2442 alius
1424 2405 1472 2442 de
1506 2407 1612 2444 vobis
1645 2409 1745 2446 bene

296 2470 468 2508 merendi
484 2469 693 2513 studiosus,
715 2469 819 2504 illum
841 2468 947 2505 vobis
961 2468 1122 2505 adversa
1137 2467 1356 2504 molientem
1376 2469 1691 2516 compescuisset.

351 2535 387 2578 5:
415 2531 565 2572 Quibus
591 2529 704 2580 igitur
724 2529 771 2565 de
800 2529 925 2566 causis
947 2528 1200 2579 perscriptum
1222 2527 1271 2565 sit
1289 2528 1682 2575 senatusconsultum,
1702 2538 1746 2569 ut

296 2594 335 2631 id
349 2605 371 2631 a
390 2591 533 2643 populo
549 2591 861 2640 comprobaretur
881 2590 1056 2640 decepto,
1072 2596 1110 2626 et
1129 2595 1361 2638 quapropter
1381 2602 1450 2626 nos
1470 2602 1624 2626 causam
1642 2591 1743 2629 hanc

297 2653 580 2704 susceperimus
600 2651 648 2688 ad
667 2658 826 2687 conatus
842 2651 993 2688 illorum
1014 2650 1288 2701 prohibendos,
1309 2650 1391 2688 haec
1409 2656 1512 2695 sunt,
1532 2650 1743 2689 Athenien-

299 2728 373 2752 ses.
417 2714 582 2763 AEquum
603 2717 729 2749 autem
759 2710 919 2748 fortasse
951 2718 1022 2756 est,
1053 2723 1112 2747 me
1141 2710 1353 2759 pollicitum
1383 2710 1455 2748 tria
1484 2717 1742 2756 ostensurum,

296 2788 429 2820 unum,
449 2771 827 2812 senatusconsultum
856 2771 929 2809 hoc
953 2778 1087 2808 contra
1114 2771 1219 2821 leges
1253 2784 1337 2809 esse
1366 2771 1536 2809 factum:
1567 2771 1740 2818 alterum,

296 2837 336 2874 id
364 2848 440 2873 non
469 2847 552 2872 esse
580 2847 600 2870 e
627 2832 843 2884 republica:
873 2833 1039 2877 tertium,
1058 2832 1254 2883 indignum
1275 2845 1361 2870 eum
1381 2845 1481 2878 esse,
1499 2831 1560 2869 cui
1583 2844 1628 2869 ea
1653 2846 1742 2883 quoe

298 2896 510 2948 perscripta
538 2903 628 2934 sunt
659 2894 897 2933 tribuantur:
925 2893 1060 2932 horum
1095 2893 1263 2933 omnium
1294 2894 1489 2945 optionem
1519 2893 1610 2932 dare
1634 2895 1742 2933 vobis
