1923 3149
279 178 357 215 260
588 177 662 216 DE
694 176 853 217 MALE
883 179 1056 217 GESTA
1086 177 1414 217 LEGATIONE.

278 285 425 328 partem
448 291 536 318 esse
554 293 704 327 sensus,
720 288 763 320 ut
775 282 937 334 quisque
951 288 1074 333 putet,
1085 289 1270 332 tanquam
1284 294 1330 320 eo
1345 294 1495 333 semper
1508 282 1727 328 assistente,

279 352 327 377 ne
345 340 467 377 ullum
486 341 642 391 quidem
664 356 775 381 suum
793 343 854 381 hic
879 344 1023 382 factum
1047 342 1146 380 clam
1166 343 1261 387 fore,
1283 343 1353 380 sed
1373 350 1412 381 et
1430 344 1571 381 amicos
1597 344 1726 382 existi-

279 407 400 447 ment,
427 401 492 451 qui
520 401 572 439 illi
599 403 826 454 placuerint,
855 411 896 442 et
926 404 1098 442 inimicos
1129 403 1322 441 similiter:
1351 404 1396 441 iis
1426 411 1553 441 autem
1583 405 1648 455 qui
1677 406 1727 443 ad

279 467 414 498 nutum
435 468 603 500 vestrum
623 465 768 510 vivunt,
790 472 827 502 et
845 465 1027 503 honorem
1049 478 1072 503 a
1090 465 1197 502 vobis
1224 472 1419 515 expetunt,
1439 478 1602 516 eumque
1623 467 1728 504 nullo

278 523 539 562 emolumento
567 533 844 564 commutatum
864 527 1012 570 volunt,
1031 534 1180 565 tantum
1200 527 1408 573 surditatis,
1435 534 1476 565 et
1492 534 1640 565 tantum
1670 534 1728 565 te-

279 585 483 622 nebrarum
503 598 526 623 a
545 587 652 625 vobis
666 600 880 635 occurrere,
902 597 944 626 ut
963 601 1037 639 ego
1058 601 1161 626 nunc
1180 601 1228 625 ex
1248 601 1360 638 aequo
1379 601 1468 626 curn
1482 588 1632 626 nefariis
1649 588 1729 626 istis

277 645 470 693 dimicem,
490 648 605 698 idque
624 649 726 699 apud
746 662 827 696 vos,
847 651 985 700 quibus
1004 657 1098 688 nota
1118 657 1209 688 sunt
1224 650 1366 688 omnia.

332 708 396 745 66.
427 708 552 746 Vultis
572 709 687 760 igitur
706 723 821 749 nosse
841 718 880 748 et
899 712 1030 750 audire
1050 712 1163 762 hujus
1181 713 1233 750 rei
1252 712 1435 750 causam?
1464 712 1601 750 Dicam
1622 713 1730 763 equi-

278 767 379 805 dem.
428 768 525 806 Peto
551 777 692 818 autem,
712 785 760 809 ne
788 771 882 822 quid
902 773 1043 811 dicenti
1073 773 1164 810 mihi
1183 786 1314 811 verum
1341 774 1619 812 succenseatis.
1660 774 1730 812 Ille

278 842 396 866 unum
416 829 533 868 habet
551 845 690 883 corpus
708 840 750 872 et
765 847 883 871 unum
903 834 1088 880 animum,
1107 841 1188 872 toto
1208 841 1364 885 pectore
1383 841 1422 872 et
1440 842 1543 872 amat
1561 835 1661 872 bene
1681 834 1730 872 de

278 903 319 927 se
333 898 537 940 merentes,
549 900 588 931 et
602 894 683 932 odit
698 893 937 933 adversarios
954 908 963 933 :
986 902 1155 933 vestrum
1176 901 1304 933 autem
1317 895 1470 945 singuli,
1483 896 1645 946 primum
1660 908 1731 933 nec

277 952 377 989 bene
397 953 586 992 merentes
606 955 655 992 de
674 955 884 1005 republica,
896 957 994 993 bene
1008 955 1057 993 de
1077 969 1118 993 se
1132 955 1266 993 mereri
1279 962 1431 1006 putant,
1447 968 1520 993 nec
1537 956 1636 993 male
1651 968 1731 992 me-

277 1021 420 1060 rentes,
440 1015 507 1052 sed
525 1015 600 1052 alia
619 1015 779 1065 singulis
798 1016 932 1066 majori
952 1029 1054 1053 curae
1072 1022 1174 1060 sunt,
1191 1029 1259 1067 per
1276 1029 1363 1066 quae
1378 1029 1480 1066 saepe
1500 1016 1732 1053 abducimini

278 1075 325 1112 ab
336 1074 523 1122 offici0,ut
531 1076 807 1123 misericordia,
820 1077 973 1123 invidia,
986 1077 1199 1123 iracundia,
1215 1077 1450 1128 supplicibus
1463 1077 1731 1128 gratificando,

278 1134 362 1172 aliis
381 1137 495 1174 rebus
516 1136 685 1176 infinitis.
731 1138 831 1175 Nam
850 1137 987 1176 utalia
1012 1137 1174 1189 effugias
1205 1139 1347 1183 omnia,
1375 1151 1571 1188 nunquam
1601 1145 1732 1177 tamen

279 1208 346 1234 eos
367 1196 541 1247 effugies,
561 1198 626 1248 qui
645 1198 836 1236 neminem
850 1200 966 1237 talem
982 1212 1065 1237 esse
1083 1199 1214 1237 velint.
1245 1199 1303 1237 Ac
1316 1199 1538 1250 singulatim
1556 1201 1609 1238 ita
1628 1213 1733 1237 com-

279 1260 397 1298 missa
417 1260 571 1307 delicta,
593 1261 778 1312 paulatim
804 1275 1022 1312 progressa,
1042 1262 1216 1300 universe
1236 1262 1391 1299 tandem
1422 1262 1567 1300 cedunt
1591 1262 1630 1300 in
1661 1262 1734 1300 rei-

278 1321 447 1371 publicae
466 1321 751 1361 detrimentum.
799 1323 926 1364 Quale
944 1323 1038 1360 nihil
1056 1323 1171 1361 hodie
1191 1323 1299 1360 vobis
1325 1323 1642 1361 committendum
1660 1331 1733 1369 est,

280 1381 555 1429 Athenienses,
570 1396 641 1421 nec
657 1383 904 1421 dimittendus
920 1384 964 1430 is,
977 1384 1042 1434 qui
1054 1384 1170 1421 tantis
1183 1395 1252 1421 vos
1268 1382 1395 1421 affecit
1408 1384 1566 1434 injuriis.
1588 1385 1733 1428 Quaeso

279 1444 379 1481 enim
400 1457 482 1490 vos,
501 1445 565 1494 qui
593 1444 642 1482 de
666 1445 774 1482 vobis
801 1457 996 1483 sermones
1016 1452 1139 1490 erunt,
1161 1445 1190 1482 si
1212 1446 1328 1483 istum
1351 1445 1582 1483 absolvetis?
1610 1446 1732 1484 Athe-

277 1505 338 1541 nis
370 1504 489 1555 legati
520 1505 569 1542 ad
594 1503 814 1556 Philippum
846 1506 997 1544 iverunt
1026 1506 1198 1556 quidam,
1228 1506 1480 1553 Philocrates,
1513 1508 1733 1556 AEschines‚

278 1565 449 1617 Phryno,
480 1565 777 1604 Demosthenes.
808 1566 913 1610 Quid
931 1566 1037 1604 tum?
1068 1567 1142 1605 Hic
1162 1572 1419 1617 praeterquam
1439 1569 1544 1618 quod
1569 1569 1658 1608 nihil
1684 1579 1754 1608 ex‘

278 1627 472 1677 legatione
486 1627 647 1678 accepit,
664 1628 836 1678 captivos
854 1628 1010 1678 privatis
1031 1628 1248 1679 sumptibus
1269 1628 1454 1666 redemit:
1479 1629 1554 1674 ille,
1572 1643 1649 1682 qua
1667 1645 1736 1683 pe·

278 1689 394 1726 cunia
411 1688 638 1727 vendiderat
656 1689 815 1740 negotia
834 1690 1016 1735 civitatis,
1038 1703 1085 1728 ea
1103 1690 1245 1740 passim
1266 1697 1393 1728 scorta
1415 1691 1519 1738 emit,
1535 1699 1574 1730 et
1591 1693 1734 1744 pisces.

280 1749 334 1787 Et
358 1750 569 1788 sceleratus
595 1750 659 1788 ille
679 1750 838 1802 Phryno
867 1751 987 1788 filium
1007 1752 1057 1789 ad
1087 1751 1308 1803 Philippum
1330 1751 1449 1798 misit,
1470 1760 1674 1804 antequam
1694 1756 1733 1793 in

279 1810 410 1848 album
432 1811 597 1848 virorum
624 1812 913 1851 inscriberetur:
945 1812 1232 1850 Demosthenes
1251 1811 1345 1849 nihil
1362 1813 1424 1850 vel
1445 1815 1653 1864 republica,
1673 1817 1735 1854 vel

280 1884 322 1909 se
338 1871 540 1922 indignum
559 1871 665 1910 fecit.
695 1873 825 1922 Atque
840 1873 958 1919 idem,
977 1886 1065 1911 cum
1083 1879 1122 1910 et
1135 1873 1340 1911 aedilitates
1361 1874 1497 1920 obiret,
1512 1882 1551 1913 et
1562 1876 1735 1915 triremes

280 1932 500 1979 instrueret,
534 1934 650 1971 etiam
681 1933 752 1972 hos
783 1940 960 1985 sumptus
988 1935 1087 1972 ultro
1113 1934 1311 1972 faciendos
1336 1935 1577 1983 existimavit,
1605 1944 1646 1976 ut
1672 1952 1737 1976 ca-

278 1995 405 2045 ptivos
425 1995 643 2042 redimeret,
658 2007 786 2046 neque
804 1996 925 2034 ullum
945 1996 1086 2034 civium
1104 2002 1260 2047 propter
1280 2003 1491 2047 egestatem
1507 1998 1545 2035 in
1564 2011 1738 2039 aerumna

282 2068 369 2093 esse
388 2062 597 2107 pateretur.
645 2056 730 2103 Ille,
749 2062 898 2094 tantum
916 2057 1037 2094 abfuit
1055 2063 1098 2094 ut
1121 2056 1243 2094 ullum
1265 2056 1314 2094 de
1334 2069 1405 2095 suo
1425 2059 1618 2109 captivum
1637 2061 1737 2099 redi-

282 2123 416 2162 meret,
436 2123 478 2154 ut
498 2123 619 2154 totam
645 2117 880 2167 provinciam
906 2123 946 2155 et
964 2117 1127 2168 amplius
1151 2117 1282 2156 decies
1311 2117 1416 2156 mille
1447 2119 1587 2158 milites
1618 2125 1735 2173 probe

281 2176 501 2223 instructos,
517 2183 556 2215 et
574 2177 687 2214 simul
705 2177 836 2228 plures
854 2177 958 2215 mille
981 2177 1174 2229 equitibus
1193 2191 1213 2215 e
1231 2178 1370 2216 nostris
1392 2178 1520 2226 sociis,
1535 2188 1578 2218 ut
1594 2183 1737 2233 captivi

283 2238 452 2290 Philippi
473 2239 621 2286 fierent,
637 2238 788 2288 adjutor
804 2239 928 2276 fuerit.
961 2239 1065 2282 Quid
1082 2239 1198 2290 igitur
1212 2246 1386 2277 secutum
1406 2239 1495 2278 est?
1523 2241 1737 2281 Athenien-

283 2313 360 2346 ses,
379 2313 468 2338 cum
485 2300 517 2337 is
536 2306 642 2338 esset
656 2300 692 2337 in
708 2299 897 2351 judicium
918 2299 1126 2347 adductus,
1145 2299 1236 2338 olim
1256 2307 1406 2337 norant.
1451 2300 1555 2344 Quid
1575 2305 1737 2342 autem?

285 2360 363 2398 Eos
384 2361 449 2411 qui
468 2362 673 2412 pecuniam
692 2367 936 2412 acceperant,
955 2367 996 2399 et
1013 2373 1184 2406 munera,
1205 2361 1269 2411 qui
1289 2360 1435 2411 probris
1451 2361 1658 2402 affecerant
1677 2379 1737 2404 se—

285 2422 484 2473 metipsos,
507 2422 795 2474 rempublicam,
822 2435 913 2461 suos
932 2423 1085 2469 liberos,
1114 2422 1354 2468 dimiserunt,
1383 2434 1449 2460 eos
1475 2429 1556 2461 tum
1587 2438 1736 2477 sapere,

286 2490 364 2520 tum
385 2484 483 2520 bene
503 2489 632 2521 actum
651 2482 694 2520 iri
714 2495 801 2520 cum
821 2484 1020 2534 republica
1037 2489 1234 2535 putarunt.
1284 2482 1345 2520 De
1365 2492 1588 2524 accusatore
1609 2495 1738 2527 autem

285 2543 406 2594 quid?
438 2543 531 2581 Esse
547 2544 764 2590 attonitum,
785 2543 960 2594 ignorare
984 2544 1178 2595 ingenium
1200 2543 1377 2589 civitatis,
1402 2557 1479 2582 non
1502 2546 1642 2586 habere
1661 2562 1738 2600 quo

288 2617 380 2643 suos
402 2617 581 2642 nummos
601 2604 768 2655 abjiciat.
818 2605 973 2656 Ecquis,
994 2605 1264 2651 Athenienses,
1284 2606 1322 2643 in
1340 2605 1413 2644 hoc
1433 2609 1654 2660 exemplum
1679 2611 1738 2648 in-

288 2674 417 2714 tuens,
432 2667 578 2718 justum
603 2679 642 2704 se
663 2666 833 2717 praebere
847 2667 973 2704 volet?
1002 2667 1088 2717 quis
1109 2668 1228 2718 gratis
1254 2681 1367 2719 agere
1391 2669 1588 2720 legatum?
1615 2671 1645 2709 si
1666 2685 1737 2711 nec

291 2728 480 2779 accipere,
499 2739 572 2765 nec
591 2739 706 2778 quam
737 2727 759 2763 ii
780 2728 843 2776 qui
865 2728 1096 2778 acceperint,
1118 2729 1205 2779 plus
1232 2729 1335 2779 apud
1360 2743 1428 2768 vos
1458 2731 1627 2770 invenire
1652 2733 1738 2772 fidei

291 2789 446 2827 licebit?
476 2790 606 2831 Quare
627 2801 703 2826 non
724 2788 840 2826 modo
861 2788 1048 2839 judicium
1073 2789 1121 2827 de
1141 2789 1222 2827 istis
1242 2790 1356 2828 hodie
1378 2791 1515 2838 facitis,
1535 2805 1634 2830 non:
1670 2796 1740 2833 sed

294 2859 332 2888 et
352 2852 474 2901 legem
496 2851 651 2889 sancitis
671 2850 754 2888 istis
781 2850 819 2887 in
837 2862 950 2888 omne
971 2864 1109 2897 oevum,
1127 2859 1251 2889 utrum
1271 2860 1423 2904 propter
1447 2853 1648 2904 pecuniam
1669 2856 1739 2895 fla-

295 2912 432 2961 gitiose
456 2913 572 2962 legati
601 2925 734 2950 omnes
764 2912 926 2950 hostium
959 2913 1185 2951 utilitatibus
1217 2914 1356 2952 servire
1377 2914 1552 2962 debeant,
1583 2930 1630 2956 an
1655 2931 1740 2969 gra·
