1923 3149
732 447 1322 504 DEMOSTHENIS

532 613 810 664 CONTRA
856 613 1119 664 MIDIAM
1167 613 1257 663 DE
1302 613 1521 663 ALAPA

900 760 1163 805 ORATIO.

353 895 387 932 l.
418 894 515 939 Qua
535 893 762 946 petulantia,
779 893 945 945 judices,
962 899 1002 931 et
1025 892 1261 932 contumelia
1281 905 1433 944 semper
1451 893 1490 931 in
1509 904 1643 932 omnes
1662 899 1750 932 uta-

294 963 357 995 tur
392 956 549 1004 Midias,
578 956 770 995 neminem
799 968 925 1005 neque
955 961 1138 1000 vestrum,
1170 967 1295 1005 neque
1324 955 1559 1006 reliquorum
1595 954 1750 1003 civium,

292 1017 470 1069 ignorare
485 1018 658 1056 arbitror.
689 1016 774 1067 Ego
788 1029 892 1062 vero,
907 1016 1011 1066 quod
1025 1016 1289 1067 unusquisque
1300 1022 1470 1053 vestrum
1483 1014 1644 1054 affectus
1657 1028 1751 1054 con-

293 1078 452 1118 tumelia
469 1078 691 1117 faciundum
711 1077 781 1115 sibi
800 1076 1028 1123 censuisset,
1045 1077 1084 1115 id
1109 1083 1148 1115 et
1169 1077 1250 1128 ipse
1278 1077 1366 1115 feci.
1407 1077 1465 1115 Ac
1483 1076 1637 1128 publice
1656 1090 1750 1116 con-

294 1147 451 1191 questus
469 1153 567 1187 sum,
587 1140 705 1177 istum
716 1138 860 1177 violare
880 1138 1036 1184 festum,
1051 1151 1130 1176 non
1150 1138 1266 1176 modo
1286 1137 1455 1189 acceptis
1473 1139 1521 1176 ab
1542 1150 1589 1176 eo
1610 1137 1750 1190 plagis,

292 1201 618 1248 Bacchanalibus,
650 1201 718 1238 sed
753 1207 793 1238 et
824 1200 899 1237 alia
929 1199 1052 1237 multa
1079 1212 1202 1251 eaque
1234 1199 1404 1237 violenta
1435 1212 1636 1251 perpessus
1667 1206 1751 1239 toto

293 1270 464 1316 tempore
483 1262 691 1301 aedilitatis.
747 1261 960 1311 Postquam
980 1274 1070 1298 vero
1089 1260 1259 1312 populus
1280 1260 1494 1308 universus,
1520 1267 1565 1299 ut
1594 1262 1750 1312 aequum

292 1331 333 1363 et
362 1326 507 1363 bonum
531 1324 766 1375 postulabat,
786 1322 843 1360 sic
875 1322 1086 1360 excanduit
1114 1328 1155 1359 et
1186 1323 1403 1360 concitatus
1435 1321 1520 1369 fuit,
1550 1328 1748 1374 tantaeque

289 1399 392 1427 curae
411 1385 546 1424 habuit
563 1398 648 1423 eam
675 1384 850 1435 injuriam
870 1396 947 1434 qua
965 1396 1026 1421 me
1043 1383 1191 1421 sciebat
1205 1383 1387 1421 affectum
1406 1396 1507 1430 esse,
1525 1389 1581 1430 ut,
1603 1396 1739 1435 quam-

289 1446 347 1485 vis
364 1447 436 1485 iste
456 1446 547 1484 nihil
568 1459 647 1485 non
674 1446 818 1484 faceret
849 1451 890 1482 et
917 1445 981 1482 alii
1011 1443 1164 1495 quidam
1196 1458 1266 1495 pro
1297 1457 1343 1483 eo
1362 1444 1609 1483 vehementer
1639 1445 1748 1483 labo-

287 1515 430 1555 rarent,
446 1515 576 1546 tamen
595 1521 672 1545 non
691 1506 872 1558 paruerit,
891 1518 1017 1556 neque
1047 1506 1208 1544 istorum
1234 1518 1327 1557 opes
1356 1512 1424 1544 aut
1451 1505 1748 1557 pollicitationes

288 1569 511 1622 respexerit,
533 1569 604 1607 sed
634 1566 966 1607 consentientibus
987 1566 1179 1619 suffragiis
1200 1580 1288 1605 eum
1314 1567 1606 1606 condemnarit:
1635 1567 1748 1606 multi

290 1632 340 1671 ad
360 1645 421 1670 me
443 1642 656 1676 accessere,
665 1630 834 1681 judices,
855 1636 938 1667 tum
957 1636 1127 1667 vestrum
1142 1629 1206 1679 qui
1231 1642 1334 1666 nunc
1354 1628 1393 1666 in
1419 1628 1569 1680 judicio
1589 1629 1746 1675 adestis,

285 1699 369 1732 tum
388 1693 622 1744 reliquorum
646 1692 801 1738 civium,
823 1690 887 1742 qui
907 1690 1118 1729 suaderent
1148 1696 1188 1728 et
1216 1689 1461 1728 hortarentur
1479 1696 1522 1728 ut
1533 1691 1598 1742 jus
1617 1703 1746 1729 meum

286 1768 550 1807 persequerer,
570 1761 687 1805 atque
707 1753 824 1791 istum
844 1752 894 1790 ad
912 1765 980 1791 vos
1000 1752 1261 1795 adducerem
1290 1763 1379 1789 mea
1396 1751 1552 1802 quidem
1572 1752 1746 1802 profecto

283 1817 490 1864 sententia,
508 1817 557 1854 ob
575 1822 740 1866 utraque
754 1815 853 1861 haec,
873 1814 1151 1860 Athenienses,
1168 1813 1275 1863 quod
1293 1819 1332 1850 et
1345 1825 1406 1850 me
1424 1813 1617 1863 insignem
1633 1826 1745 1852 acce·

285 1879 389 1931 pisse
417 1877 594 1929 injuriam
623 1878 822 1928 putabant,
843 1881 883 1913 et
907 1874 1020 1913 simul
1051 1874 1100 1912 de
1119 1875 1194 1912 isto
1214 1887 1348 1925 poenas
1369 1886 1520 1911 sumere
1537 1875 1742 1926 optabant,

285 1953 400 1992 quem
420 1939 516 1978 alias
544 1939 672 1984 etiam,
704 1950 781 1988 qua
809 1944 870 1974 est
895 1936 1059 1974 audacia
1078 1943 1117 1974 et
1136 1935 1276 1981 furore,
1298 1948 1369 1973 nec
1390 1936 1556 1973 coerceri
1568 1936 1652 1988 jam
1671 1949 1741 1988 po-

283 2008 374 2048 test,
390 2001 555 2053 plurima
568 1999 789 2052 petulanter
808 1998 1012 2036 admisisse
1031 2003 1282 2048 cognossent.

339 2067 377 2101 2.
407 2063 506 2107 Quae
526 2075 615 2101 cum
635 2062 688 2100 ita
708 2060 796 2106 sint,
818 2073 904 2111 quae
924 2073 947 2097 a
965 2071 1028 2096 me
1054 2058 1246 2097 observari
1276 2058 1544 2105 conveniebat,
1564 2070 1612 2096 ea
1635 2059 1741 2109 juste

282 2124 391 2163 vobis
412 2123 550 2161 'omnia
581 2129 774 2161 reservata
807 2127 910 2167 sunt,
930 2126 970 2158 et
995 2120 1045 2158 ad
1072 2118 1351 2165 accusandum,
1369 2119 1401 2156 si
1431 2118 1516 2170 quis
1550 2119 1741 2158 actionem
1777 2126 1779 2129 ⁴

282 2186 444 2233 dederit,
464 2185 615 2230 adsum,
636 2193 679 2221 ut
697 2183 846 2228 videtis,
869 2195 988 2233 quum
1017 2182 1185 2232 quidem,
1206 2181 1481 2227 Athenienses,
1497 2188 1535 2218 et
1554 2189 1737 2232 magnam

282 2249 484 2301 pecuniam
513 2260 562 2285 ne
588 2258 825 2292 accusarem,
845 2244 938 2282 mihi
968 2244 1208 2296 promissam,
1242 2243 1486 2295 repudiarim,
1521 2250 1562 2281 et
1597 2243 1740 2283 multas

283 2309 575 2361 deprecationes
605 2316 643 2346 et
663 2307 818 2358 gratias,
835 2306 909 2344 imo
937 2306 1053 2344 etiam
1073 2305 1405 2354 comminationes,
1425 2305 1738 2356 contempserim.

284 2371 402 2413 Quod
422 2382 510 2407 vero
528 2369 577 2406 ad
592 2381 660 2406 vos
682 2367 864 2418 deinceps
890 2366 1040 2412 attinet,
1069 2373 1215 2416 quanto
1245 2364 1420 2416 pluribus
1448 2365 1520 2403 iste
1540 2365 1740 2406 molestias

284 2431 491 2471 concitavit
509 2436 547 2467 ct
565 2428 955 2475 denunciavit,—vidi
975 2427 1076 2465 enim
1095 2427 1211 2465 modo
1232 2439 1318 2477 quae
1339 2433 1428 2464 ante
1447 2428 1625 2477 praetoria
1645 2428 1740 2467 acti-

282 2500 448 2538 taret-,
468 2497 575 2528 tanto
606 2489 727 2540 magis
761 2502 819 2527 me
844 2490 906 2539 jus
938 2501 1064 2526 meum
1096 2493 1395 2526 consecuturum
1416 2500 1542 2538 spero.
1600 2488 1739 2540 Neque

282 2556 384 2594 enim
403 2555 450 2592 dc
466 2553 545 2591 ullo
563 2558 729 2589 vestrum
748 2559 828 2589 tam
842 2551 942 2589 male
954 2550 1143 2597 existimo,
1159 2556 1203 2587 ut
1219 2562 1365 2596 verear,
1382 2563 1429 2587 ne
1444 2549 1505 2587 vel
1524 2550 1627 2602 prius
1646 2563 1739 2602 erga

283 2630 344 2655 mc
363 2622 532 2654 vestrum
558 2612 727 2651 studium
755 2611 978 2663 deposituri,
998 2611 1071 2657 vel,
1091 2617 1134 2648 ut
1153 2610 1299 2649 Midias
1319 2610 1505 2662 deinceps
1524 2612 1679 2663 impune
1698 2620 1738 2650 et

283 2691 417 2717 secure
445 2676 588 2715 civibus
613 2675 785 2720 insultet,
817 2674 997 2724 neglecta
1023 2672 1271 2724 jurisjurandi
1300 2672 1497 2723 religione,
1527 2673 1734 2722 quicquam

284 2740 388 2778 aliud
401 2737 610 2791 judicaturi
629 2736 725 2782 sitis,
745 2748 859 2786 quam
875 2734 981 2785 quod
1001 2746 1153 2784 aequum
1173 2747 1255 2771 csse
1276 2741 1315 2770 et
1328 2733 1476 2784 justum
1496 2733 1735 2772 censueritis.

336 2804 374 2839 3.
405 2799 521 2843 Quod
542 2798 586 2845 si,
607 2797 874 2841 Athenienses,
894 2808 980 2833 eum
1014 2794 1243 2832 violatarum
1270 2794 1413 2845 legum,
1439 2793 1545 2832 falsae
1571 2793 1734 2844 legatio·

284 2862 355 2908 nis,
375 2867 441 2898 aut
460 2861 508 2898 de
529 2859 603 2897 alio
624 2859 804 2909 quopiam
837 2856 947 2894 simili
981 2855 1133 2893 crimine
1165 2861 1415 2893 accusaturus
1446 2867 1586 2900 essem,
1618 2855 1733 2894 nullis

282 2922 371 2960 mihi
392 2922 567 2972 precibus
586 2920 775 2959 utendum
796 2919 899 2971 apud
919 2930 986 2957 vos
1007 2917 1299 2964 existimassem,
1320 2916 1506 2967 siquidem
1533 2915 1571 2954 id
1589 2923 1731 2963 statuo,
