1923 3149
663 137 889 178 CONTRA
922 138 1147 178 MlDlAM.
1571 144 1645 182 245

178 240 497 292 jurisjprandum.
536 242 634 280 Haec
654 242 806 280 habetis
823 255 906 288 vos,
920 242 1086 294 judices,
1109 256 1257 294 semper
1277 245 1324 281 ab
1345 245 1438 290 aliis,
1460 253 1646 300 tanquam

181 301 415 352 depositum,
442 303 546 354 quod
565 303 610 341 iis
630 303 822 351 omnibus,
841 302 905 354 qui
922 303 1072 353 justitia
1094 303 1180 342 freti
1202 304 1252 342 ad
1271 318 1338 345 vos
1364 307 1535 354 veniunt,
1561 322 1643 348 sar-

181 368 262 399 tum
283 371 427 402 tectum
448 364 709 415 praestandum
735 372 805 402 est.

233 425 299 461 49.
322 425 435 463 Alius
448 426 686 464 commisisse
699 427 806 464 vobis
826 426 1035 477 aliquando
1050 427 1154 465 visus
1169 435 1231 466 est
1244 429 1282 466 in
1296 428 1565 470 Bacchanalia.
1598 433 1648 470 Et

180 496 267 523 eum
288 487 366 525 filio
379 500 464 532 suo,
479 495 558 525 tum
577 487 742 537 praetori,
761 487 995 526 assidentem
1018 489 1318 536 condemnastis,
1331 492 1436 541 quod
1452 494 1646 542 quendam

178 549 244 597 qui
267 549 466 600 spectandi
487 549 614 586 locum
635 551 865 600 occupabat,
885 549 1116 600 prehensum
1145 551 1294 589 theatro
1313 553 1519 602 exegisset.
1552 555 1649 593 Erat

178 616 305 647 autem
321 610 352 648 is
369 610 613 654 Chariclidae,
628 623 741 659 quem
756 610 912 648 honoris
930 624 1049 648 causa
1065 612 1233 657 nominc,
1246 613 1312 650 viri
1332 615 1511 663 praetorii,
1526 623 1646 665 pater,

179 670 339 722 ejusque
355 677 556 709 accusator
568 671 667 708 hanc
688 671 951 723 valdejustam
973 685 1127 710 causam
1147 674 1255 712 vobis
1275 674 1416 713 habere
1429 676 1643 722 videbatur,

178 745 266 770 cum
306 733 481 771 diceret:
526 733 550 770 h
568 746 650 771 eus
687 740 749 779 tn,
788 734 829 771 si
873 748 1002 772 occu
1019 735 1129 786 pavi
1178 735 1363 784 locum,
1408 737 1566 789 sique,
1599 739 1645 777 id

178 794 317 845 quod
360 801 411 832 tu
444 794 562 832 mihi
608 795 808 847 objicis,
855 798 1138 846 praeconiis
1177 810 1273 835 non
1319 799 1482 850 parui,
1521 801 1645 851 quid

179 856 287 902 tibi,
329 862 482 907 atque
515 857 611 908 ipsi
642 857 764 895 adeo
792 859 1010 908 praetori
1045 859 1195 909 leges
1225 859 1394 897 licere
1425 860 1645 899 volunt?

180 917 245 956 Ut
275 918 529 956 ministris
565 918 749 967 ejicere
778 931 850 955 me
879 919 1083 970 jubeas,
1116 933 1209 958 non
1243 921 1365 972 ipse
1396 923 1642 961 verberes.

181 978 231 1016 Si
278 993 339 1017 ne
375 985 478 1017 tum
504 979 728 1030 xquidem
778 992 1030 1030 parerem.
1081 981 1282 1019 Mulcta
1320 982 1445 1020 mihi
1494 992 1646 1024 esset

177 1040 493 1086 indicenda,
546 1047 598 1077 et
651 1040 869 1091 quidvis
918 1041 1108 1092 potius
1161 1043 1442 1093 agendum,
1490 1047 1645 1085 modo

178 1103 292 1153 ipse
322 1115 470 1139 manu
502 1115 573 1139 me
607 1115 706 1139 non
737 1102 1058 1152 attingeres.
1089 1103 1248 1142 Multa
1277 1106 1405 1142 enim
1437 1108 1645 1146 sancita

179 1169 309 1201 sunt
345 1163 580 1214 legibus,
619 1170 816 1201 contra
860 1163 1162 1202 vexationes
1206 1179 1492 1217 corporum.
1545 1169 1643 1208 Haec

177 1225 226 1262 ab
245 1224 310 1262 illo
338 1225 443 1262 dicta
461 1237 529 1262 vos
549 1225 601 1261 ita
630 1224 835 1275 probastis,
866 1231 910 1262 ut
928 1224 1091 1261 alterum
1112 1226 1363 1265 damnaretIS.
1404 1228 1495 1266 Non
1514 1236 1644 1269 tamen

177 1287 240 1325 hic
269 1287 307 1324 in
321 1286 511 1338 judicium
540 1287 656 1330 venit,
679 1286 749 1324 sed
775 1293 897 1324 morte
915 1295 1135 1336 praeventus
1155 1296 1227 1326 est.
1274 1289 1404 1327 Alium
1427 1305 1541 1342 porro
1561 1300 1642 1331 tum

177 1349 345 1401 populus
369 1348 565 1387 damnavit
578 1348 796 1393 universus,
813 1355 855 1386 ut
868 1349 933 1399 qui
953 1348 1096 1386 festum
1112 1350 1286 1403 violaret,
1305 1357 1386 1389 tum
1406 1366 1474 1391 vos
1494 1367 1563 1405 pro
1579 1355 1644 1393 tri—

176 1413 310 1452 bunali
330 1418 451 1451 morte
470 1411 712 1449 mulctastis:
744 1410 952 1449 Ctesiclem
975 1411 1146 1461 inquam.
1178 1413 1257 1450 Cur
1272 1426 1363 1452 vero
1383 1427 1472 1452 eum
1500 1417 1644 1455 occidi-

177 1475 271 1513 stis?
305 1474 422 1517 Quod
449 1473 634 1512 scuticam
665 1480 824 1522 gestans
845 1485 997 1524 pompae
1024 1473 1222 1521 intererat,
1251 1489 1329 1526 qua
1361 1477 1491 1515 ebrius
1521 1491 1643 1528 quen-

176 1537 265 1575 dam
301 1549 413 1575 suum
442 1536 638 1573 inimicum
672 1536 912 1573 verberabat.
962 1534 1178 1574 Videbatur
1206 1537 1308 1574 enim
1341 1550 1388 1575 ex
1412 1540 1642 1590 petulantia,

175 1612 254 1637 non
275 1612 342 1649 per
361 1597 585 1636 ebrietatem
606 1598 819 1643 verberare,
840 1597 909 1634 sed
930 1609 997 1647 per
1017 1610 1175 1636 causam
1196 1611 1350 1650 pompae
1379 1613 1425 1638 ac
1445 1602 1642 1642 ebrietatis

175 1662 223 1699 de
250 1660 438 1698 industria
456 1659 636 1710 grassari,
666 1657 705 1696 et
733 1658 953 1696 hominibus
978 1658 1159 1709 ingenuis
1185 1660 1342 1711 perinde
1367 1674 1412 1699 ac
1441 1665 1558 1702 servis
1583 1665 1642 1702 in-

177 1722 335 1760 sultare.
383 1721 587 1759 Enimvero
606 1721 665 1758 his
687 1720 881 1770 omnibus,
902 1720 1175 1769 Athenienses,
1203 1736 1365 1773 quorum
1392 1723 1488 1763 alter
1507 1726 1551 1764 iis
1574 1741 1642 1778 pe·

175 1783 300 1822 cuniis
318 1783 447 1829 cessit,
468 1796 562 1833 quas
575 1781 723 1833 judicio
742 1782 899 1829 vicerat,
922 1783 1018 1821 alter
1041 1785 1167 1835 capite
1193 1785 1403 1824 mulctatus
1434 1795 1506 1834 est,
1526 1788 1642 1840 longe

174 1846 377 1893 atrociora,
393 1845 634 1884 confessione
653 1845 839 1891 omnium,
854 1845 1026 1884 facinora
1042 1846 1176 1884 Midiae
1192 1847 1312 1885 videri
1331 1848 1423 1886 satis
1445 1849 1526 1888 seio
1543 1863 1552 1888 τ
1574 1864 1644 1889 ne-

173 1921 250 1959 que
270 1908 370 1946 enim
393 1919 577 1959 pompam
605 1907 822 1953 celebrans,
842 1920 968 1958 neque
984 1907 1132 1959 judicio
1162 1909 1297 1955 victor,
1323 1923 1450 1961 neque
1470 1913 1643 1962 praetoris

174 1983 364 2017 assessor,
382 1982 454 2007 nec
474 1969 553 2006 ulla
574 1969 649 2006 alia
675 1981 797 2006 causa
826 1968 1031 2019 impulsus,
1058 1970 1132 2007 nisi
1159 1971 1386 2021 petulantia,
1417 1972 1508 2010 talia
1537 1987 1642 2012 com-

173 2032 279 2070 misit
298 2031 428 2081 qualia
442 2030 591 2067 illorum
615 2030 759 2067 nullus.
804 2031 862 2067 Ac
880 2031 951 2068 hos
970 2031 1126 2080 quidem
1147 2032 1288 2070 missos
1308 2033 1508 2073 faciamus.

227 2095 292 2131 50.
323 2092 381 2129 At
394 2090 597 2142 Pyrrhum,
614 2090 889 2134 Athenienses,
909 2092 1194 2129 Eteobutadem
1206 2093 1329 2139 illum,
1347 2094 1518 2134 delatum
1537 2098 1643 2148 quod

167 2157 232 2208 jus
253 2155 410 2200 diceret,
430 2165 516 2189 cum
536 2158 641 2189 esset
659 2151 697 2188 in
717 2151 871 2189 aerarios
892 2151 1050 2196 relatus,
1073 2159 1240 2190 vestrum
1270 2156 1505 2204 quibusdam
1535 2172 1641 2197 com-

171 2216 358 2255 meruisse
377 2221 539 2251 mortem
568 2212 673 2250 visus
698 2219 771 2250 est.
810 2212 861 2250 Et
885 2214 1021 2251 vestris
1051 2215 1251 2252 sententiis
1280 2215 1486 2257 damnatus
1515 2222 1641 2272 periit.

170 2278 290 2329 Atqui
307 2276 489 2315 lucellum
509 2275 615 2313 istud
636 2275 668 2312 is
689 2280 860 2312 sectatus
879 2282 940 2312 est
959 2288 1037 2313 non
1056 2276 1287 2328 petulanter,
1309 2279 1378 2316 sed
1402 2280 1532 2332 inopia
1549 2296 1642 2322 coa-

171 2347 271 2377 ctus.
327 2338 479 2376 Multos
499 2349 801 2376 commemorare
820 2350 989 2388 possem,
1010 2350 1173 2388 quorum
1193 2338 1254 2376 alii
1275 2339 1481 2387 interfecti,
1504 2343 1566 2381 alii
1586 2344 1642 2382 in-

168 2400 286 2439 famia
304 2399 426 2438 notati
442 2405 545 2446 sunt,
563 2400 611 2436 ob
633 2398 776 2437 delicta
793 2398 854 2436 his
869 2399 988 2450 longe
1002 2399 1161 2437 leviora.
1193 2400 1246 2437 Et
1262 2414 1347 2447 vos,
1365 2403 1640 2451 Athenienses,

173 2461 364 2500 Smicroni
383 2461 517 2499 decem
537 2461 717 2503 talentis;
745 2467 786 2497 et
804 2460 950 2498 Scitoni
967 2460 1123 2499 totidem
1130 2474 1140 2506 ,'
1163 2461 1268 2499 litem
1285 2463 1523 2512 aestimastis,
1538 2468 1641 2517 quod

171 2524 363 2564 contraria
390 2524 543 2574 legibus
562 2518 809 2574 promulgare
828 2523 1069 2562 videbantur.
1099 2524 1240 2576 Neque
1258 2539 1327 2564 vos
1348 2535 1414 2565 aut
1432 2528 1553 2574 liberi,
1575 2538 1642 2568 aut

172 2587 299 2633 amici,
327 2592 397 2624 aut
417 2585 584 2636 cognati,
606 2593 673 2622 aut
696 2584 765 2622 ulli
795 2584 965 2636 denique
985 2585 1137 2624 illorum
1157 2587 1335 2626 advocati
1356 2590 1403 2626 ad
1425 2590 1641 2628 misericor-

171 2650 278 2688 diam·-
293 2647 498 2685 flexerunt.
518 2642 596 2683 -Ne
608 2659 713 2691 vero,
731 2646 762 2683 si
782 2646 867 2697 quis
886 2647 1038 2697 legibus
1058 2649 1250 2686 contraria
1269 2649 1419 2694 dixerit,
1439 2656 1641 2701 tantopere

170 2708 403 2748 irascamini.
434 2707 475 2744 Si
489 2702 579 2744 vero
591 2706 743 2755 fecerit,
759 2720 838 2744 non
850 2707 1002 2754 dixerit,
1015 2709 1135 2759 aequis
1151 2708 1287 2746 animis
1302 2709 1450 2748 feratis.
1479 2710 1641 2749 Nullum

169 2772 273 2810 enim
291 2770 464 2815 verbum,
490 2774 558 2805 aut
577 2767 724 2805 dictum
753 2775 832 2806 tam
851 2781 968 2819 grave
987 2770 1132 2821 populo
1154 2776 1192 2806 et
1210 2769 1319 2806 vobis
1351 2776 1423 2814 est,
1449 2771 1563 2820 quam
1595 2785 1642 2810 ea

172 2839 264 2871 sunt
282 2845 372 2886 quae
391 2844 415 2869 a
432 2828 697 2881 petulantibus
716 2828 938 2868 hominibus
959 2831 998 2868 in
1018 2831 1150 2868 obvios
1169 2842 1343 2880 quosque
1363 2838 1532 2869 vestrum
1551 2846 1638 2883 per·

171 2900 386 2946 petrantur.
445 2891 508 2931 Ne
526 2892 644 2943 igitur
662 2890 734 2942 ipsi
766 2891 844 2930 tale
873 2891 912 2929 in
940 2892 1196 2943 vosmetipsos
1225 2891 1445 2944 exemplum
1464 2893 1637 2942 statuite,

920 2962 994 2998 2³(
