1923 3149
330 101 379 136 42
771 104 1128 144 OLYNTHIACA
1167 105 1224 142 ΠΙ
1261 104 1326 153 (l).

335 201 593 253 Magnesiam,
613 207 753 251 omnia,
776 220 846 244 suo
866 208 1048 245 arbitratu
1069 207 1361 258 composuisset,
1387 206 1425 244 in
1445 203 1649 242 Thraciam
1671 202 1784 240 abiit:

332 262 384 300 ibi
406 277 536 315 regum
557 265 638 303 aliis
657 267 801 317 ejectis,
821 267 903 305 aliis
922 269 1154 313 constitutis,
1172 269 1208 305 in
1228 269 1401 305 morbum
1418 265 1573 304 incidit:
1594 277 1642 302 ex
1657 276 1703 301 eo
1725 276 1786 301 re-

333 332 485 364 creatus
511 340 586 364 non
613 328 661 365 ad
682 328 899 366 socordiam
920 342 960 366 se
981 330 1150 376 deflexit,
1171 330 1239 367 sed
1261 329 1388 366 statim
1408 326 1617 377 Olynthios
1638 331 1697 362 est
1715 337 1784 375 ag-

333 398 502 436 gressus.
534 388 628 439 Ejus
649 395 775 426 autem
794 390 833 427 in
849 389 998 442 Illyrios
1019 401 1058 428 et
1074 390 1123 428 ad
1141 390 1302 427 Paeonas
1315 394 1353 426 et
1371 388 1557 426 adversus
1576 385 1784 436 Arymbam

332 453 372 484 et
391 461 467 498 quo
486 461 561 487 non
578 448 594 485 ?
623 456 807 500 praetereo
827 451 1101 501 expeditiones.
1132 450 1235 494 Quid
1250 463 1356 500 ergo,
1376 448 1523 499 inquiet
1542 446 1692 496 aliquis,
1712 446 1787 483 ista

331 509 442 547 nobis
481 524 757 549 commemoras
798 512 930 550 nunc?
977 512 1192 562 Utrumque
1217 518 1261 549 ut
1286 509 1545 562 cognoscatis,
1577 507 1788 544 Athenien-

335 583 411 615 seS‚
445 577 484 608 et
511 572 695 618 sentiatis,
731 580 811 610 tum
844 574 1025 625 projicere
1053 573 1273 624 singulatim
1308 585 1459 623 semper
1487 568 1631 621 aliquid
1660 580 1786 606 rerum

334 645 450 681 quam
479 645 556 671 non
589 634 779 684 expediat,
808 641 888 672 tum
924 634 1093 672 studium
1124 634 1220 671 illud
1254 633 1410 683 negotia
1444 629 1676 676 facessendi,
1708 640 1786 679 quo

334 693 452 731 utitur
474 700 512 731 et
544 696 581 732 in
608 708 684 746 quo
702 696 817 733 vitam
837 697 917 747 agit
936 695 1149 747 Philippus,
1170 708 1249 745 prae
1270 707 1345 744 quo
1378 693 1459 731 fieri
1485 705 1562 729 non
1580 697 1723 742 potest,
1743 695 1787 727 ut

332 755 443 792 rebus
473 755 592 806 gestis
624 763 829 795 contentus
863 757 901 793 in
931 756 1008 794 otio
1043 770 1084 794 se
1109 756 1318 793 contineat.
1360 754 1475 796 Quod
1516 752 1547 790 si
1579 752 1642 789 ille
1670 751 1710 788 in
1740 763 1787 789 ea

333 816 523 854 sententia
537 817 620 863 erit,
638 818 891 867 praesentibus
905 830 1054 867 semper
1065 817 1188 868 majus
1203 813 1358 865 aliquod
1381 813 1664 853 conficiendum
1685 825 1785 858 esse,

333 889 401 914 vos
435 884 576 923 autem,
603 877 744 914 nullius
767 878 820 914 rei
849 890 981 914 curam
1011 890 1098 915 esse
1126 876 1299 927 gnaviter
1332 875 1632 926 suscipiendam,
1661 874 1786 912 consi-

332 937 465 975 derate
491 939 576 988 quis
609 938 764 975 tandem
784 938 919 974 harum
952 950 1078 975 rerum
1098 938 1224 974 exitus
1247 936 1462 987 sperandus
1491 935 1552 972 sit.
1598 935 1696 977 Quis
1720 947 1787 972 ve-

333 1004 467 1045 strum,
486 1012 553 1049 per
572 998 680 1042 deos,
703 998 800 1035 adeo
820 998 980 1048 simplex
1002 1004 1074 1043 est,
1094 998 1158 1047 qui
1186 998 1333 1035 nesciat
1351 997 1494 1034 bellum
1514 996 1618 1034 illinc
1644 996 1695 1034 ad
1714 1008 1786 1033 nos

331 1065 614 1109 perventurum,
634 1058 666 1096 si
686 1058 990 1108 neglexerimus?
1028 1058 1173 1095 Verum
1191 1058 1231 1095 id
1258 1057 1289 1095 si
1313 1057 1394 1104 fiat,
1413 1070 1558 1103 vereor,
1574 1057 1787 1095 Athenien-

332 1135 406 1167 ses,
427 1135 474 1160 ne
495 1120 820 1171 quemadmodum
840 1121 879 1168 ii,
898 1121 963 1171 qui
982 1126 1126 1158 temere
1146 1121 1350 1172 pecuniam
1368 1133 1512 1170 magno
1539 1120 1683 1157 foenore
1702 1132 1787 1156 mu-

332 1188 399 1219 tuo
424 1189 594 1228 sumunt,
615 1188 730 1233 atque
757 1182 822 1220 illa
840 1182 1033 1233 paulisper
1051 1182 1291 1233 locupletati,
1310 1188 1399 1232 post
1417 1182 1532 1218 etiam
1550 1180 1787 1231 patrimoniis

331 1249 570 1288 evertuntur,
603 1242 656 1280 sic
677 1249 715 1280 et
735 1243 846 1280 nobis
874 1242 1075 1293 segnitiem
1102 1249 1273 1281 nostram
1300 1255 1442 1293 magno
1471 1241 1690 1280 constitisse
1719 1254 1787 1292 ap-

331 1311 476 1354 pareat,
506 1310 546 1342 et
578 1303 671 1341 dum
700 1304 749 1341 ad
778 1305 1014 1355 voluptatem
1043 1304 1172 1342 omnia
1204 1305 1419 1350 referimus,
1448 1304 1487 1340 in
1514 1303 1786 1341 necessitatem

329 1364 487 1402 tandem
507 1365 705 1402 veniamus
738 1365 862 1403 multa
891 1378 1015 1416 eaque
1037 1365 1179 1416 gravia,
1213 1379 1299 1416 quae
1329 1365 1484 1403 minime
1503 1364 1703 1411 vellemus,
1728 1364 1786 1402 sa-

330 1424 469 1472 ciendi,
485 1426 608 1476 deque
629 1426 732 1476 agris
753 1426 892 1464 nostris
911 1427 1181 1478 periclitemur.

383 1487 419 1523 7.
451 1486 514 1525 Ac
536 1485 816 1537 reprehendere
835 1488 990 1538 quidem
1020 1489 1156 1527 dixerit
1181 1488 1313 1527 forsan
1341 1488 1475 1540 aliquis
1501 1501 1590 1527 esse
1612 1487 1725 1526 facile
1748 1494 1789 1525 et

328 1547 508 1597 cujusvis,
538 1547 629 1598 quid
662 1554 789 1586 autem
811 1548 872 1586 his
902 1548 952 1586 de
977 1551 1090 1587 rebus
1119 1533 1367 1588 statuendum
1394 1551 1444 1587 sit
1468 1549 1726 1600 pronuntia1e‚
1745 1549 1787 1587 id

328 1621 413 1645 esse
432 1608 649 1647 consiliarii.
707 1609 792 1660 Ego
814 1622 901 1648 vero
922 1623 998 1647 non
1020 1624 1102 1648 sum
1125 1612 1278 1649 nescius
1283 1611 1590 1658 ,Athenienses,
1611 1623 1786 1662 saepenu-

328 1680 432 1706 mero
450 1682 519 1707 vos
540 1682 618 1707 non
638 1668 684 1708 iis
706 1669 772 1720 qui
792 1676 881 1707 sunt
899 1670 937 1706 in
957 1670 1083 1720 culpa,
1105 1671 1172 1709 sed
1193 1671 1251 1708 his
1271 1671 1335 1721 qui
1353 1671 1536 1721 postremi
1556 1671 1787 1709 sententiam

329 1730 504 1777 dixerint,
522 1731 647 1778 irasci,
667 1732 733 1769 ubi
754 1731 847 1782 quid
875 1744 923 1769 ex
944 1732 1136 1770 sententia
1158 1745 1236 1770 non
1255 1733 1443 1770 evenerit:
1472 1745 1550 1769 non
1567 1739 1697 1770 tamen
1725 1745 1785 1770 ar-

327 1791 445 1828 bitror
472 1791 562 1828 mihi
589 1792 638 1830 de
662 1792 816 1843 propria
842 1805 930 1829 mea
956 1792 1079 1831 salute
1107 1793 1294 1844 cogitanti
1321 1806 1408 1831 esse
1449 1792 1785 1840 dissimulandum,

327 1851 431 1901 quod
451 1865 472 1888 e
492 1865 532 1890 re
553 1859 677 1890 vestra
694 1852 867 1890 futurum
899 1865 984 1891 esse
1013 1853 1166 1892 ducam.
1225 1855 1377 1892 Censeo
1405 1854 1520 1904 igitur
1544 1854 1696 1892 duobus
1716 1868 1785 1893 vos

326 1919 500 1963 oportere
520 1914 642 1952 modis
662 1915 775 1952 rebus
796 1927 1032 1962 succurrere,
1052 1922 1134 1953 turn
1161 1917 1275 1954 urbes
1296 1928 1386 1954 suas
1408 1915 1604 1968 Olynthiis
1624 1929 1784 1955 servan-

328 1974 379 2012 do
406 1981 445 2012 et
473 1974 611 2013 milites
638 1975 701 2026 qui
729 1976 768 2013 id
796 1983 914 2026 agant
951 1976 1153 2024 mittendo,
1182 1984 1264 2015 tum
1291 1990 1455 2028 regnum
1481 1977 1564 2029 ejus
1596 1978 1784 2018 vastando

327 2042 366 2072 et
402 2035 616 2073 triremibus
644 2043 684 2074 et
720 2036 902 2074 militibus
930 2036 1035 2076 aliis:
1067 2038 1172 2088 quod
1201 2038 1234 2076 si
1261 2038 1487 2076 alterutrum
1523 2038 1784 2089 neglexeritis,

325 2109 457 2133 vereor
475 2109 522 2133 ne
548 2096 651 2134 irrita
673 2097 720 2135 sit
739 2098 868 2135 futura
886 2098 1078 2148 expeditio
1096 2107 1238 2138 vestra.
1286 2099 1375 2138 Sive
1393 2099 1494 2137 enim
1514 2112 1649 2150 agrum
1669 2114 1783 2140 suum

326 2169 349 2194 a
373 2157 479 2194 vobis
506 2157 616 2209 diripi
649 2159 855 2210 vexarique
881 2172 1019 2210 passus
1045 2162 1124 2212 ipse
1149 2161 1300 2199 interim
1331 2162 1546 2213 Olynthum
1575 2164 1784 2215 subegerit,

325 2216 435 2254 facile
469 2217 624 2256 domum
658 2233 833 2257 reversus
862 2233 932 2258 sua
960 2221 1162 2261 defendet:
1193 2223 1270 2262 sive
1295 2223 1475 2274 praesidia
1497 2239 1565 2265 vos
1594 2227 1786 2266 duntaxat

326 2277 542 2329 Olynthum
562 2280 750 2327 miseritis,
775 2282 910 2319 videns
934 2295 1014 2321 rern
1040 2284 1142 2322 domi
1163 2285 1202 2321 in
1223 2291 1309 2323 tuto
1335 2298 1436 2333 esse,
1465 2288 1646 2326 assidebit
1664 2296 1703 2327 et
1725 2289 1783 2326 in-

324 2341 480 2377 cumbet
498 2340 677 2390 negotiis,
699 2344 893 2394 superabit
915 2357 1022 2382 mora
1048 2346 1205 2384 tandem
1236 2347 1430 2386 obsessos
1486 2350 1640 2389 Auxilia
1667 2351 1784 2403 igitur

325 2407 364 2437 et
384 2414 527 2451 magna
546 2408 584 2438 et
599 2401 779 2453 bipertita
799 2417 886 2443 esse
908 2413 1071 2457 oportet.
1129 2407 1191 2445 Ac
1208 2407 1258 2445 de
1278 2409 1428 2446 auxiliis
1447 2410 1531 2448 haec
1548 2418 1691 2451 statuo.

379 2462 414 2498 8.
447 2462 563 2503 Quod
579 2470 705 2501 autem
721 2464 770 2501 ad
784 2468 983 2515 pecuniam
997 2468 1297 2518 comparandam
1315 2470 1465 2517 attinet,
1480 2479 1552 2518 est,
1568 2474 1780 2513 Athenien-

322 2535 394 2567 ses,
422 2523 586 2572 pecunia
606 2524 726 2569 vobis,
749 2533 808 2563 est
826 2534 971 2577 quanta
989 2528 1149 2566 aliorum
1169 2529 1384 2567 mortalium
1415 2533 1568 2579 nemini,
1590 2535 1782 2574 militaris:

322 2596 509 2621 eamvero
525 2596 604 2629 VOS,
621 2585 673 2621 sic
687 2592 729 2622 ut
741 2586 855 2624 vultis
861 2588 1029 2638 ‚capitis
1061 2590 1188 2630 Quam
1208 2590 1239 2627 si
1259 2591 1508 2631 militantibus
1529 2595 1781 2644 restituelitis,

322 2645 429 2681 nulla
456 2644 529 2682 alia
547 2646 720 2695 pecuniae
741 2649 1011 2698 comparandae
1031 2650 1176 2687 ratione
1197 2663 1294 2701 opus
1317 2653 1404 2690 erit:
1440 2653 1498 2691 sin
1517 2656 1658 2703 minus,
1683 2670 1781 2708 opus

323 2705 406 2749 erit,
421 2705 481 2742 vel
501 2705 607 2743 nulla
627 2707 752 2756 potius
770 2708 861 2746 satis
878 2709 950 2747 crit
969 2710 1076 2747 ratio.
1133 2711 1235 2752 Quid
1256 2714 1382 2763 igitur,
1393 2713 1496 2752 dlcat
1517 2715 1668 2766 aliquis,
1687 2724 1782 2756 tune

323 2766 517 2803 decretum
549 2766 694 2814 scribis,
715 2775 758 2805 ut
788 2782 834 2806 ea
855 2770 903 2807 sit
929 2771 1129 2809 militaris?
1164 2771 1252 2811 Non
1279 2787 1352 2825 ego
1384 2788 1452 2825 per
1469 2775 1620 2814 Jovem.
1678 2778 1780 2817 Puto

322 2826 477 2877 quidem
490 2830 700 2885 exercitum
714 2832 1035 2870 conscribendum
1052 2847 1149 2882 esse,
1164 2843 1203 2874 et
1214 2836 1418 2888 pecuniam
1431 2850 1516 2876 esse
1529 2838 1669 2878 debere
1681 2840 1779 2879 mili-

1914 1799 1923 1967 l

1882 2534 1919 3149 g
