1923 3149
759 155 1173 196 ARGUMENTUM.
1642 164 1690 198 47

412 348 623 387 LIEANII
655 349 1063 390 ARGUMENTUM
1095 351 1151 389 IN
1182 351 1519 393 ORATIONEM

824 428 897 466 DE
927 429 1083 467 PACE.

278 531 358 562 Cum
375 531 487 561 bellum
503 530 785 570 Amphipolitanum
801 530 852 561 diu
868 533 1020 568 durasset,
1039 543 1146 572 pacem
1163 537 1224 563 tam
1240 533 1405 574 Philippus
1419 544 1508 573 quam
1526 536 1693 567 Athenien-

236 592 286 612 ses
308 581 543 621 expetiverunt:
568 581 782 616 Athenienses,
798 582 880 619 quod
904 582 1022 612 fortuna
1047 583 1076 612 in
1101 594 1139 612 eo
1160 585 1323 615 utebantur
1346 585 1490 615 adversa:
1518 586 1693 627 Philippus,

233 633 304 672 quia
321 637 465 672 praestare
480 632 623 670 cupiebat
639 641 684 667 ea,
704 641 772 669 quae
785 637 846 660 tum
862 631 1029 666 Thessalis,
1044 636 1107 661 tum
1122 632 1278 663 Thebanis
1294 635 1484 672 promiserat.
1530 638 1693 669 Pollicitus

232 688 334 713 autem
347 684 446 713 fuerat
454 682 620 718 Thebanis,
631 692 663 712 se
677 681 899 711 Orchomenum
913 686 944 710 et
955 681 1136 718 Coroneam,
1146 684 1276 713 Boeotiae
1289 685 1418 723 oppida,
1432 686 1478 716 eis
1492 688 1691 720 traditurum:

232 734 384 773 utrisque,
400 745 431 764 se
449 734 608 763 Phocense
633 733 745 762 bellum
774 732 996 762 confecturum.
1045 733 1078 762 ld
1097 735 1177 772 quod
1194 735 1231 763 ab
1254 745 1291 764 eo
1314 735 1380 765 sieri
1398 747 1455 766 non
1472 743 1605 776 poterat,
1621 740 1693 770 dum

232 786 336 815 hostes
351 786 478 815 haberet
491 784 704 814 Athenienses.
748 783 825 812 Nam
844 783 928 822 prius
950 783 1041 813 etiam
1058 784 1088 813 in
1111 785 1280 814 Phocidem
1296 786 1528 825 impressionem
1545 789 1694 828 facturus,

232 837 304 876 quia
319 836 521 867 Athenienses
546 835 644 865 classe
661 834 871 869 circumvecti,
888 845 939 864 eas
962 845 1029 874 quae
1044 835 1139 874 Pylae,
1153 846 1170 865 a
1183 837 1337 867 nonnullis
1354 838 1446 868 etiam
1463 839 1695 880 Thermopylae,

232 891 390 923 vocantur,
406 890 603 926 occuparant,
618 885 754 925 regionis
769 885 854 914 aditu
870 885 1041 925 prohibitus
1058 886 1166 916 fuerat.
1210 888 1311 924 Nunc,
1327 898 1402 927 pace
1423 889 1503 919 faeta
1519 900 1587 920 cum
1604 891 1696 921 Athe-

232 939 400 975 niensibus,
425 938 593 968 obsistente
614 936 746 972 nemine,
765 935 842 965 intra
870 935 964 975 Pylas
983 947 1179 976 progressus,
1201 942 1320 977 gentem
1346 939 1534 969 Phocensem
1556 940 1695 972 funditus

231 995 396 1025 everterat,
412 990 573 1028 locumque
591 988 792 1018 phocensium
803 987 880 1017 inter
893 987 1147 1026 Amphictyonas,
1159 988 1341 1028 illorumque
1354 989 1384 1019 in
1395 989 1524 1020 concilio
1538 991 1695 1033 suffragia,

232 1050 249 1069 a
265 1040 392 1079 reliquis
408 1039 526 1069 Graecis
537 1043 715 1079 acceperat3
737 1043 768 1068 et
782 1038 899 1077 legatos
913 1037 1002 1067 etiam
1020 1039 1058 1068 ad
1070 1037 1274 1069 Athenienses
1285 1040 1418 1076 miserat,
1431 1042 1600 1080 postulans,
1616 1049 1650 1073 ut
1664 1048 1696 1074 et

230 1091 293 1130 ipsi
310 1091 392 1120 idem
409 1094 506 1119 ratum
519 1090 674 1119 haberent.
721 1089 944 1118 Demosthenes
959 1088 1052 1128 igitur
1067 1095 1181 1126 monet,
1193 1101 1261 1119 esse
1275 1092 1501 1121 concedendum
1515 1103 1522 1121 :
1540 1103 1597 1123 non
1611 1095 1695 1133 quod

229 1153 294 1172 rem
307 1142 405 1181 ipsam
419 1142 540 1181 probet,
553 1142 728 1179 autjustum
745 1150 813 1169 esse
826 1140 919 1176 dicat,
936 1144 970 1169 ut
986 1141 1118 1170 Macedo
1135 1142 1236 1171 Graeci
1252 1142 1374 1171 concilii
1390 1142 1428 1172 sit
1443 1144 1594 1184 particeps
1608 1155 1616 1182 ;
1639 1146 1694 1176 sed

230 1193 424 1223 metuendum
441 1202 509 1221 esse
523 1191 659 1226 affirmat,
677 1201 714 1220 ne
734 1190 829 1220 totius
852 1191 979 1220 Graeciae
995 1191 1115 1220 infestis
1130 1191 1222 1221 armis
1238 1197 1472 1231 oppugnentur:
1498 1195 1695 1226 Atheniensi-

231 1245 288 1274 bus
305 1243 384 1273 enim
400 1242 476 1273 alios
489 1241 556 1271 aliis
570 1242 609 1271 de
622 1241 725 1271 causis
739 1251 808 1272 esse
826 1241 976 1277 infensos,
993 1241 1045 1280 qui
1056 1242 1209 1271 communi
1222 1243 1349 1272 consilio
1366 1243 1452 1282 ipsos
1467 1245 1605 1276 invasuri
1622 1246 1695 1278 sint.

230 1295 428 1325 Communem
455 1295 532 1323 hanc
548 1293 685 1334 (inquit)
700 1292 893 1322 occasionem
917 1292 1057 1322 dabimus
1072 1297 1178 1322 contra
1200 1303 1266 1328 nos,
1283 1295 1364 1332 quod
1383 1295 1440 1324 soli
1464 1296 1494 1325 hi
1511 1307 1626 1333 sumuS,
1642 1300 1694 1338 qui

229 1346 362 1376 decretis
379 1345 643 1384 Amphictyonum
669 1344 892 1374 intercedamus
907 1353 914 1372 ε
941 1344 1069 1383 proinde
1087 1344 1255 1373 consultius
1271 1350 1318 1374 est
1334 1345 1412 1374 tucri
1429 1356 1548 1384 pacem,
1565 1359 1694 1388 praeser,

228 1397 283 1427 tim
309 1397 450 1435 Philippo
476 1396 556 1425 intra
572 1396 669 1436 Pylas
691 1405 857 1433 progresso
874 1395 1048 1433 Atticaeque
1077 1394 1257 1425 invadendae
1281 1401 1467 1434 potestatem
1485 1404 1584 1436 nacto,
1601 1411 1693 1440 quam

229 1450 269 1479 ob
286 1459 350 1478 rem
367 1447 513 1478 tantillam
532 1451 648 1475 tantum
674 1446 759 1475 adire
776 1445 957 1484 periculum.

272 1500 351 1529 Haec
367 1499 463 1528 oratio
480 1497 620 1527 instituta
634 1496 759 1535 quidem
785 1495 893 1532 fuisse,
910 1497 963 1526 sed
977 1497 1080 1527 habita
1103 1507 1172 1527 esse
1195 1497 1224 1527 in
1242 1498 1366 1537 publico
1383 1498 1456 1529 mihi
1473 1510 1533 1530 non
1549 1499 1691 1533 videtur:

229 1560 299 1580 cum
315 1549 441 1584 Orator,
458 1547 487 1577 in
505 1546 662 1577 AEsehinis
675 1547 880 1582 accusatione,
894 1547 933 1577 de
947 1548 1004 1577 hoc
1016 1547 1106 1578 etiam
1117 1558 1184 1577 cum
1195 1548 1274 1578 inter
1284 1553 1395 1580 caetera
1408 1551 1599 1590 criminetur,
1610 1555 1693 1593 quod

228 1608 335 1633 auctor
350 1602 452 1638 fuerit,
474 1606 505 1632 ut
520 1600 778 1641 Amphictyonica
794 1600 940 1640 Philippo
957 1601 1088 1640 dignitas
1104 1603 1335 1640 deoerneretur3
1358 1614 1393 1633 ea
1404 1614 1472 1634 cum
1495 1606 1534 1636 de
1554 1617 1587 1636 re
1603 1618 1692 1638 nemo

229 1655 308 1684 alius
321 1654 435 1683 referre
446 1653 581 1686 auderet,
592 1662 627 1680 ne
642 1652 830 1680 Philocrates
841 1652 979 1690 quidem,
991 1653 1124 1682 omnium
1138 1653 1434 1691 impudentissimus.
1463 1656 1555 1692 Quod
1575 1657 1601 1687 si
1623 1659 1693 1699 ipse

229 1706 296 1735 haec
316 1704 472 1739 suasisset,
488 1704 566 1732 haud
589 1703 693 1741 utique
711 1702 891 1733 AEsehinem
908 1705 946 1732 ob
964 1704 1029 1733 haec
1043 1705 1148 1733 eadem
1165 1704 1315 1743 culparet.
1349 1705 1430 1735 Satis
1446 1706 1538 1745 igitur
1555 1715 1694 1748 apparet,

229 1766 299 1786 eum
324 1755 531 1794 suspicionem
556 1752 699 1789 veritum,
721 1763 757 1783 ne
782 1754 919 1793 Philippi
938 1754 1105 1790 studiosus,
1119 1760 1149 1784 et
1164 1755 1381 1794 largitionibus
1394 1767 1411 1786 a
1430 1767 1502 1796 rege
1518 1765 1692 1800 corruptus,

226 1806 408 1838 sententiam
420 1806 493 1835 hanc
507 1805 625 1835 dixisse
641 1805 809 1835 videretur.
856 1806 933 1834 Nam
950 1805 1025 1835 etin
1041 1806 1097 1835 hac
1113 1806 1182 1845 ipsa
1202 1806 1340 1836 oratione
1357 1807 1448 1837 talem
1458 1810 1606 1848 quandam
1623 1822 1691 1842 sus-

227 1858 380 1898 picionem
406 1867 547 1887 amovere
571 1855 688 1891 nititur,
704 1856 777 1886 dum
793 1866 827 1886 se
844 1861 877 1886 ut
893 1857 1001 1896 patriae
1027 1862 1190 1894 amantem,
1207 1861 1238 1888 et
1251 1858 1289 1888 ab
1305 1859 1494 1898 accipiendis
1515 1862 1690 1894 muneribus

223 1910 449 1945 abhorrentem,
465 1907 668 1941 commendat.

618 2051 1283 2079 Q

671 2196 1254 2251 DEMOSTHENIS

561 2338 892 2387 ORATIO
951 2338 1055 2386 DE
1113 2337 1351 2386 PACE.

284 2467 318 2503 1.
345 2465 505 2512 ano,
525 2464 799 2509 Athenienses,
820 2469 1054 2515 praesentem
1085 2475 1210 2500 rerum
1233 2468 1379 2500 statum
1399 2460 1531 2501 multis
1558 2463 1686 2514 urgeri

227 2527 513 2565 difficultatibus
546 2533 586 2564 et
603 2526 744 2574 turbiS‚
770 2539 848 2564 non
878 2537 924 2563 eo
950 2530 1102 2562 tantum
1130 2524 1235 2574 quod
1262 2523 1385 2562 multa
1403 2537 1472 2575 per
1500 2524 1686 2563 incuriam

226 2599 319 2630 sunt
337 2591 478 2629 amissa
502 2598 541 2629 et
560 2592 659 2629 bene
679 2590 727 2628 de
747 2590 802 2627 eis
822 2588 989 2627 dicendo
1011 2587 1106 2626 nihil
1129 2587 1338 2639 proficitur,
1353 2600 1486 2626 verum
1516 2588 1564 2625 ob
1589 2586 1686 2624 illud

226 2655 342 2692 etiam
363 2652 466 2704 quod
493 2652 539 2691 de
565 2652 721 2703 reliquis
743 2651 852 2690 nulla
879 2664 925 2689 ex
956 2656 1064 2701 parte
1094 2662 1228 2688 omnes
1260 2649 1354 2701 quid
1382 2648 1564 2699 expediat
1593 2660 1686 2685 con-

225 2716 409 2761 sentiunt,
443 2714 513 2752 sed
546 2714 587 2751 hi
615 2715 682 2760 sic,
712 2713 765 2751 illi
795 2713 902 2751 aliter
929 2712 1158 2763 opinantur:
1187 2724 1267 2748 rem
1299 2716 1428 2749 autem
1447 2715 1586 2747 natura
1614 2721 1686 2748 sua

224 2778 428 2815 molestam
443 2789 488 2814 ac
505 2775 712 2821 difficilem,
723 2775 929 2814 consilium
943 2775 1048 2821 dare,
1061 2788 1130 2813 vos
1145 2773 1269 2812 multo
1284 2772 1535 2811 difficiliorem
1553 2771 1685 2810 effeci-

225 2840 309 2887 stis,
331 2839 600 2878 Athenienses.
630 2838 733 2877 Nam
750 2851 838 2877 cum
857 2837 987 2877 caeteri
999 2836 1182 2876 mortales
1197 2842 1287 2875 ante
1305 2848 1384 2874 rem
1395 2840 1538 2886 gestam
1555 2832 1682 2873 consi-
