1923 3149
243 153 319 191 236
535 153 609 190 DE
640 153 792 191 MALE
824 153 1004 192 GESTA
1036 152 1363 191 LEGATIONE.

243 254 447 293 manifeste
463 262 583 306 patet,
610 270 762 296 omnem
780 259 1031 308 imposturam
1060 264 1099 293 et
1124 257 1298 293 fraudem
1321 255 1440 293 fuisse
1466 253 1694 292 instructam

241 315 278 352 in
299 316 555 356 Phocensium
576 318 781 357 interitum.
809 321 897 361 Quo
922 318 1022 355 enim
1045 324 1216 367 tempore
1237 316 1438 366 Philippus
1459 315 1587 352 venire
1615 326 1695 352 non

240 382 390 426 poterat
407 386 562 428 propter
583 393 733 429 pacem,
754 380 822 417 sed
844 392 927 416 sese
943 379 1199 427 comparabat,
1228 376 1540 414 Lacedaemonios
1561 387 1693 414 accer-

241 438 365 484 sebat,
385 452 426 476 se
445 439 636 477 facturum
657 441 712 478 eis
732 453 816 478 esse
836 439 964 476 omnia
980 439 1187 489 pollicituS,
1209 451 1257 476 ne
1281 450 1347 476 cos
1367 437 1437 474 sibi
1458 436 1695 480 Phocenses,

241 499 349 536 vobis
368 499 701 547 intercessoribus,
723 501 994 538 conciliarent:
1027 507 1228 550 postquam
1249 506 1378 536 autem
1396 503 1555 535 venerat
1567 497 1606 534 in
1621 497 1697 547 Py-

243 555 314 604 las,
335 566 374 596 et
391 559 686 604 Lacedaemonii,
706 560 979 597 animadversis
995 559 1153 602 insidiis,
1170 564 1421 604 recesserant,
1434 570 1564 595 rursus
1580 557 1697 594 istum

240 618 423 668 praemisit
443 620 493 657 ad
515 632 581 657 vos
601 619 865 670 decipiendos,
886 632 933 656 ne
962 620 1112 665 iterum,
1140 620 1248 656 vobis
1276 618 1580 668 intelligentibus
1607 628 1697 653 eum

241 679 512 718 Thebanorum
539 693 653 730 agere
674 681 883 730 negotium,
905 688 1058 731 tempus
1078 689 1214 727 terere,
1233 688 1272 719 et
1296 680 1442 718 bellum
1468 691 1601 730 gerere
1630 691 1695 716 co-

242 747 409 790 geretur,
431 748 513 778 tum
541 742 808 780 Phocensibus
839 754 878 780 se
899 741 1207 788 defendentibus,
1235 749 1314 780 tum
1345 741 1453 779 vobis
1486 753 1598 791 opem
1621 739 1695 776 illis

240 802 461 851 serentibus,
483 802 553 841 sed
580 810 622 840 ut
642 803 737 841 citra
755 803 922 854 pulveris
955 810 1099 841 tactum
1128 803 1250 854 (quod
1271 803 1391 850 aiunt)
1422 803 1550 840 omnia
1573 801 1694 838 confi-

240 869 354 900 ceret.
384 863 506 914 quue
521 864 666 902 factum
684 871 755 902 est.
790 864 877 901 Non
896 864 1012 914 igitur
1031 864 1136 914 quod
1156 870 1195 901 et
1208 863 1528 900 Lacedaemonios
1541 869 1580 899 et
1594 861 1696 898 Pho-

241 936 374 962 censes
392 924 544 975 decepit
557 924 770 975 Philippus,
785 931 990 975 propterea
1008 925 1079 961 iste
1099 937 1140 961 se
1159 924 1264 961 vobis
1280 923 1433 972 impune
1449 922 1612 959 illusisse
1627 934 1698 972 po-

241 986 370 1032 stulet,
383 998 512 1036 neque
529 986 629 1024 enim
649 998 803 1035 aequum
822 992 892 1022 est.

293 1048 358 1084 27.
389 1047 504 1089 Quod
526 1047 557 1085 si
576 1060 645 1098 pro
666 1046 947 1094 Phocensibus,
969 1055 1007 1085 et
1030 1046 1152 1098 Pylis,
1171 1052 1210 1084 et
1229 1046 1312 1084 aliis
1332 1047 1450 1083 rebus
1466 1056 1550 1095 quae
1569 1045 1692 1095 perie-

241 1114 342 1152 runt,
366 1108 653 1146 Chersonesum
674 1121 876 1159 superesse
899 1108 1120 1159 reipublicae
1139 1107 1290 1154 dixerit,
1312 1119 1382 1158 per
1410 1106 1502 1143 deos
1530 1118 1598 1142 vos
1629 1106 1698 1142 ob-

239 1181 361 1214 secrO,
375 1169 541 1220 judices,
564 1183 612 1206 ne
637 1169 860 1215 admittatis,
886 1182 1014 1219 neque
1033 1168 1243 1219 patiamini,
1267 1174 1311 1206 ut
1336 1167 1386 1205 ad
1406 1166 1610 1217 legationis
1638 1166 1695 1202 in-

234 1229 356 1280 jurias
378 1230 490 1268 etiarn
510 1244 556 1269 ex
573 1231 795 1269 defensione
815 1231 996 1282 probrum
1018 1230 1161 1268 civitati
1190 1229 1436 1267 concilietur:
1470 1234 1609 1273 vos,ut
1627 1227 1696 1264 ali-

240 1291 331 1340 quid
346 1292 478 1341 privati
494 1292 703 1342 eriperetis‚
717 1292 906 1330 sociorum
932 1292 1095 1329 salutem
1116 1290 1346 1341 neglexisse.
1370 1289 1506 1338 Neque
1521 1288 1622 1325 enim
1642 1288 1695 1324 ita

242 1351 400 1398 fecistis,
420 1354 489 1390 sed
510 1366 607 1403 pace
623 1354 703 1402 jam
731 1352 847 1398 facta,
869 1360 905 1390 et
928 1353 1168 1390 Chersoneso
1190 1350 1386 1395 incolumi,
1410 1356 1575 1399 quatuor
1594 1348 1703 1385 totos

242 1424 393 1450 menses
407 1421 496 1464 post
518 1414 612 1451 salvi
632 1414 736 1451 fuere
752 1413 976 1451 Phocenses
993 1427 1003 1457 ;
1026 1413 1095 1451 sed
1112 1413 1222 1450 istius
1239 1411 1452 1453 mendacia,
1476 1410 1613 1460 quibus
1628 1421 1698 1446 vos

241 1472 279 1509 in
300 1473 474 1511 fraudem
491 1474 624 1520 illexit,
644 1488 724 1520 eos,
738 1474 797 1511 his
818 1475 911 1512 actis
932 1474 1099 1524 demum,
1119 1473 1383 1524 perdiderunt.
1397 1470 1556 1508 'Deinde
1578 1471 1699 1508 Cher-

241 1547 420 1572 sonesum
436 1549 539 1573 nunc
555 1536 668 1573 etiam
685 1536 722 1572 in
736 1525 1037 1587 majore-versari
1052 1534 1232 1585 periculo,
1249 1546 1364 1583 quam
1379 1540 1475 1578 tum,
1490 1531 1698 1582 reperietis.

244 1595 381 1633 Utrum
396 1597 497 1633 enim
513 1597 662 1635 facilius
679 1597 817 1634 fuisset
832 1597 966 1634 ulcisci
986 1596 1221 1647 Philippum,
1238 1595 1373 1646 siquid
1389 1595 1427 1631 in
1441 1607 1525 1631 eam
1540 1594 1697 1631 commi-

241 1657 368 1703 sisset,
388 1664 596 1707 antequam
622 1658 757 1696 horum
779 1658 926 1709 aliquid
944 1657 1170 1708 reipublicae
1197 1656 1469 1706 praeripuisset,
1497 1668 1546 1692 an
1566 1653 1697 1692 nunc?

240 1719 417 1768 equidem
445 1719 577 1769 opinor
596 1726 677 1756 tum
696 1720 812 1756 fuisse
832 1719 948 1767 longe
970 1718 1133 1756 facilius.
1174 1719 1272 1758 Quae
1292 1717 1406 1766 igitur
1426 1716 1508 1766 ejus
1530 1722 1590 1753 est
1609 1727 1697 1765 pro-

239 1779 372 1816 vinciae
393 1792 497 1816 nunc
525 1779 794 1829 praerogativa,
822 1778 1002 1826 adempto
1030 1784 1135 1812 metu
1162 1783 1201 1812 et
1219 1776 1402 1824 periculis
1426 1775 1473 1821 ei,
1499 1775 1563 1824 qui
1591 1775 1695 1812 illam

241 1840 290 1878 sit
305 1840 511 1878 affecturus
526 1839 692 1889 injuria?

285 1904 350 1939 ζ28.
370 1902 458 1939 Jain
468 1902 582 1938 etiam
595 1900 672 1939 tale
686 1901 868 1951 quiddam
879 1913 966 1938 eurn
976 1913 1061 1938 esse
1077 1900 1271 1938 dicturum
1284 1900 1412 1946 audio,
1426 1900 1551 1937 mirari
1564 1912 1617 1945 se,
1627 1913 1695 1937 cur

242 1978 265 2002 a
282 1962 541 2002 Demosthene
553 1969 769 2008 accusetur,
785 1975 807 1999 a
828 1961 1084 1999 Phocensium
1106 1967 1235 1998 autem
1250 1961 1413 1998 nemine.
1431 1960 1547 2004 Quod
1567 1962 1695 2012 cujus-

241 2025 344 2064 modi
360 2025 421 2069 sit,
441 2023 479 2060 in
492 2023 620 2074 primis
637 2036 683 2061 ex
702 2035 762 2060 me
779 2022 911 2059 audire
927 2028 1099 2072 praestat.
1129 2020 1388 2058 Phocensium
1403 2021 1534 2071 optimi
1554 2021 1696 2072 quique

243 2094 282 2125 et
308 2084 593 2129 modestissimi,
614 2091 786 2122 extorres
806 2084 911 2129 facti,
932 2090 972 2120 et
1001 2083 1050 2120 ad
1070 2082 1174 2119 hunc
1201 2082 1358 2120 modum
1380 2082 1546 2128 tractati,
1575 2082 1695 2120 otium

244 2149 416 2186 nimirum
437 2153 572 2196 agunt,
600 2159 724 2195 neque
749 2145 952 2196 quisquam
981 2157 1109 2181 eorum
1139 2150 1293 2194 propter
1321 2143 1595 2193 rempublicam
1621 2145 1698 2194 pri-

242 2217 352 2247 vatas
374 2208 568 2258 suscipere
589 2206 679 2244 velit
698 2206 912 2243 inimicitias
930 2218 938 2243 :
969 2205 1035 2256 qui
1054 2217 1144 2242 vero
1165 2204 1256 2240 nihil
1277 2204 1358 2242 sine
1379 2204 1546 2254 pecunia,
1560 2203 1697 2241 facturi

245 2271 334 2315 sint,
354 2271 378 2307 ii
393 2269 634 2320 praebitorem
655 2281 732 2306 non
747 2267 903 2305 habent.
925 2266 1064 2317 Neque
1086 2265 1186 2303 enim
1205 2278 1278 2315 ego
1296 2265 1474 2314 cuiquam
1495 2264 1698 2315 quicquam

246 2332 428 2376 dederim,
447 2338 489 2368 ut
507 2331 566 2368 hic
587 2329 675 2367 mihi
695 2330 916 2367 assistentes
933 2327 1186 2371 clamitarent,
1203 2326 1331 2375 qualia
1355 2326 1526 2376 perpessi
1546 2334 1697 2364 essent:

243 2394 381 2432 veritas
398 2392 548 2429 enimet
563 2404 622 2428 res
638 2391 723 2441 ipsa
735 2390 889 2428 clamat.
907 2390 1006 2426 Cum
1022 2387 1166 2438 populo
1180 2394 1305 2424 autem
1316 2386 1583 2432 phocensium,
1598 2387 1696 2425 adeo

248 2455 347 2492 male
367 2459 406 2490 et
421 2452 683 2489 miserabiliter
698 2452 836 2501 agitur,
853 2457 895 2487 ut
908 2450 989 2500 jam
1010 2449 1062 2486 eis
1082 2461 1159 2485 non
1178 2447 1430 2484 laborandum
1447 2447 1496 2484 sit
1515 2447 1563 2484 de
1584 2461 1697 2486 accu-

223 2542 227 2546 ‡
247 2516 378 2555 Sandis
397 2513 605 2551 rationibus
625 2512 787 2549 Athenis
805 2523 1005 2562 perperam
1024 2509 1197 2554 redditis,
1218 2508 1286 2545 sed
1305 2508 1352 2545 de
1371 2520 1430 2552 eo,
1453 2521 1501 2546 ne
1521 2509 1699 2556 serviant,

248 2585 286 2617 et
311 2582 413 2614 metu
435 2574 664 2611 emoriantur
693 2580 772 2609 tum
801 2572 1087 2615 Thebanorum,
1111 2576 1192 2607 tum
1219 2568 1384 2620 Philippi
1409 2569 1585 2615 militum,
1603 2583 1698 2620 quos

247 2641 349 2678 alere
381 2642 587 2687 coguntur,
619 2634 657 2670 in
678 2635 783 2671 vicos
811 2632 968 2677 redacti,
999 2639 1036 2668 ct
1065 2630 1177 2668 armis
1199 2630 1364 2680 spoliati.
1405 2630 1464 2668 Ne
1483 2630 1597 2680 igitur
1624 2631 1700 2669 ista

247 2714 335 2739 euin
356 2699 481 2736 dicere
512 2696 636 2740 sinite,
657 2695 738 2741 sed,
766 2701 831 2731 aut
856 2706 931 2730 non
961 2692 1118 2743 periisse
1151 2691 1385 2737 Phocenses,
1416 2691 1618 2729 ostendere
1632 2692 1697 2742 ju-

246 2765 349 2806 bete,
369 2766 435 2797 aut
459 2771 500 2796 se
531 2769 608 2794 non
628 2755 860 2807 promisisse,
888 2753 1106 2804 Philippum
1135 2765 1200 2790 eos
1230 2758 1555 2789 conservaturum.
1596 2752 1698 2790 Nam

249 2824 310 2860 11ae
342 2828 431 2859 sunt
463 2817 665 2870 legationis
698 2817 878 2860 rationes,
917 2814 1010 2865 quid
1038 2821 1164 2851 actum
1195 2812 1280 2851 cst?
1309 2812 1400 2863 quid
1436 2812 1698 2850 renunciasti?

252 2885 282 2921 si
302 2895 401 2928 vera,
418 2880 638 2930 absolvitor,
656 2879 713 2917 sin
735 2877 845 2925 falsa,
866 2877 957 2915 dato
983 2888 1132 2927 poenas.
1178 2874 1296 2917 Quod
1316 2873 1347 2912 si
1371 2872 1592 2911 Phocenses
1620 2885 1697 2911 non
