1923 3149
588 112 792 152 ORATIO
819 111 889 151 DE
923 107 1241 146 HALONESO.
1587 103 1636 140 65

170 224 377 265 mittendis
397 224 615 264 hominibus
634 225 699 276 qui
719 237 761 262 se
781 229 997 261 nostrorum
1017 221 1161 258 ducum
1180 219 1295 256 classi
1311 217 1536 269 adjungant,
1552 222 1637 254 tan-

183 300 301 338 quam
320 287 508 325 custodiae
542 286 655 324 maris
685 290 881 324 consortes
907 282 1038 321 futuri.
1086 280 1183 319 Sunt
1210 279 1273 330 qui
1304 286 1447 329 negent
1465 278 1517 315 illi
1542 276 1638 315 mari

183 361 284 400 opus
304 361 391 387 esse
412 348 460 386 ad
481 348 570 386 'sua
598 344 878 398 amplificanda.
929 345 982 382 At
1000 344 1031 381 is
1053 343 1117 394 qui
1145 354 1248 379 mare
1269 340 1443 390 negligit,
1464 339 1638 377 triremes

183 417 394 461 comparat,
416 409 578 448 exstruit
595 407 757 452 navalia,
776 412 816 444 et
834 406 978 443 classes
992 403 1155 442 instituit
1173 403 1334 447 mittere,
1355 413 1480 451 neque
1501 413 1638 450 parvos

184 478 360 523 sumptus
389 471 478 509 facit
498 471 534 508 in
552 469 763 508 certamina
786 468 975 505 maritima
999 466 1137 517 quibus
1166 464 1259 502 nihil
1289 464 1406 501 habet
1433 462 1640 511 antiquius.

186 531 290 570 Num
322 533 436 583 igitur
465 531 622 583 putatis,
654 530 925 576 Athenienses,
954 527 1174 579 Philippum
1213 525 1297 563 haec
1329 523 1491 563 concedi
1519 523 1589 560 sibi
1618 535 1641 560 a

184 593 293 632 vobis
312 594 604 645 postulaturum,
626 592 698 630 nisi
713 598 752 630 ct
766 604 834 629 vos
856 596 1132 635 contemneret,
1153 595 1191 626 et
1210 588 1248 625 in
1263 587 1344 626 istis
1365 598 1552 624 summam
1572 584 1641 622 ha-

185 655 293 692 beret
311 655 491 693 fiduciam
511 668 608 705 quos
636 654 698 693 hie
719 655 864 692 amicos
885 653 955 690 sibi
984 653 1181 702 acquirere
1211 649 1406 688 decrevit?
1436 650 1543 691 Quos
1564 661 1640 685 non

183 715 305 768 pudet
323 716 498 767 Philippo
517 715 642 753 vivere
670 715 798 767 potius
832 726 948 764 quam
978 726 1057 751 suae
1090 712 1235 764 patriae,
1265 719 1301 749 ct
1323 723 1483 748 munera
1511 709 1643 746 abillo

185 785 345 829 accepta
363 791 402 816 se
421 779 518 816 ferre
541 778 696 815 domum
718 777 964 823 arbitrantur,
991 788 1109 827 quum
1131 787 1177 812 ea
1195 787 1282 825 quae
1302 773 1406 811 domi
1429 778 1522 810 sunt
1552 783 1642 809 ven·

185 839 278 877 dere
299 852 373 877 non
392 839 583 877 dubitent.

241 903 279 938 5.
306 900 394 938 Jam
416 900 464 939 de
486 901 592 952 pacis
624 899 904 947 emendatione,
925 899 1034 952 cujus
1058 897 1340 937 emendationis
1370 895 1490 948 legati
1522 895 1570 933 ab
1598 907 1645 932 eo

188 962 292 1000 missi
312 962 506 1001 licentiam
526 963 637 1001 nobis
662 962 867 1008 dederunt,
900 963 991 1013 quia
1024 961 1062 999 id
1092 960 1381 999 emendavimus
1410 958 1514 1009 quod
1543 957 1646 1008 apud

188 1036 321 1062 omnes
343 1024 524 1062 mortales
540 1024 686 1076 justum
707 1031 900 1069 censetur,
917 1031 960 1061 ut
982 1023 1134 1074 utrique
1155 1034 1226 1060 sua
1245 1027 1418 1066 teneant,
1437 1033 1520 1058 eam
1542 1033 1582 1058 se
1602 1019 1647 1056 li-

188 1085 355 1122 centiam
388 1085 557 1131 dedisse,
587 1092 627 1137 ‘³5
655 1085 702 1122 de
732 1099 778 1122 ea
807 1085 956 1135 legatos
985 1084 1034 1122 ad
1055 1097 1123 1121 vos
1157 1083 1300 1121 dixisse
1331 1089 1462 1133 negat,
1492 1087 1649 1133 propter

187 1145 333 1183 nullam
349 1145 462 1183 aliam
483 1158 640 1183 causam
660 1146 732 1183 nisi
748 1146 853 1195 quod
873 1147 922 1183 ab
941 1146 1024 1183 istis
1044 1145 1182 1195 quibus
1198 1144 1331 1181 amicis
1353 1144 1471 1180 utitur
1492 1156 1650 1193 persua-

189 1219 256 1244 sus
288 1212 347 1244 est
378 1219 519 1244 vosea
551 1219 637 1257 quae
667 1206 849 1245 dicuntur
868 1206 906 1244 in
934 1213 1123 1257 suggestu
1152 1219 1230 1243 non
1260 1205 1492 1242 meminisse.
1533 1204 1652 1254 Atqui

189 1266 315 1305 solum
333 1267 407 1306 hoc
427 1267 534 1306 obliti
553 1281 640 1306 esse
670 1281 747 1306 non
766 1268 940 1319 potestis.
989 1267 1089 1305 Nam
1108 1267 1145 1305 in
1171 1266 1307 1304 eadem
1327 1265 1516 1303 concione
1535 1271 1575 1303 et
1593 1264 1650 1302 le-

189 1330 269 1380 gati
290 1330 340 1367 ad
367 1343 434 1368 vos
453 1331 501 1368 ab
527 1343 573 1368 eo
594 1330 697 1368 missi
718 1330 837 1368 verba
855 1330 1042 1375 fecerunt,
1063 1336 1102 1367 et
1131 1328 1317 1379 seriptum
1349 1335 1411 1366 est
1439 1326 1649 1365 decretum.

188 1389 328 1441 Itaque
348 1391 427 1429 ficri
448 1391 594 1442 nequit,
615 1405 733 1443 quum
755 1391 793 1429 in
812 1391 1021 1443 praesentia
1040 1391 1155 1428 verba
1174 1390 1277 1428 facta
1296 1396 1443 1435 essent,
1464 1395 1502 1426 et
1521 1387 1651 1426 statim

190 1450 390 1490 decretum
418 1453 655 1499 recitaretur,
693 1459 736 1490 ut
766 1465 835 1490 vos
861 1452 1061 1490 decretum
1091 1452 1195 1490 istud
1224 1450 1329 1502 quod
1362 1450 1585 1488 mentiretur
1615 1450 1652 1487 in

190 1513 354 1564 legatos,
374 1515 511 1552 vestris
533 1514 722 1566 suffragiis
750 1514 1103 1566 comprobaveritis.
1158 1515 1287 1557 Quare
1306 1514 1379 1550 hoc
1409 1525 1486 1550 non
1517 1518 1654 1550 contra

193 1587 269 1621 me,
285 1574 353 1612 sed
373 1582 508 1613 contra
524 1589 592 1614 vos
612 1577 783 1628 scripsit3
814 1589 884 1615 vos
903 1577 947 1614 iis
969 1576 1016 1614 de
1036 1576 1150 1614 rebus
1179 1575 1227 1613 de
1249 1575 1388 1626 quibus
1412 1573 1504 1611 nihil
1523 1573 1654 1611 audis-

192 1635 283 1674 setis
302 1649 488 1687 responso
507 1636 599 1674 dato
619 1637 817 1676 decretum
838 1637 932 1675 illud
953 1638 1002 1676 ad
1023 1651 1063 1676 se
1083 1637 1245 1675 misisse.
1287 1637 1344 1674 Ac
1367 1635 1483 1686 legati
1498 1634 1654 1685 quidem

189 1696 264 1747 ipsi
277 1703 413 1734 contra
426 1709 522 1746 quos
543 1697 738 1736 decretum
758 1699 995 1745 mentiretur,
1015 1711 1134 1750 quum
1150 1699 1204 1736 eis
1221 1698 1269 1736 de
1284 1697 1426 1749 scripto
1443 1696 1654 1747 responde-

192 1757 298 1804 retis,
319 1765 358 1796 et
376 1771 442 1796 eos
462 1758 674 1796 invitaretis
706 1758 755 1797 ad
780 1759 1004 1811 hospitium,
1034 1773 1111 1798 non
1138 1759 1221 1798 ausi
1254 1759 1410 1796 fuerunt
1425 1758 1579 1809 prodire
1609 1770 1656 1795 ae

193 1817 346 1856 dicere:
378 1819 524 1857 Contra
554 1833 624 1857 nos
657 1820 883 1866 mentimini,
906 1820 1176 1867 Athenienses,
1203 1827 1243 1859 et
1261 1833 1309 1858 ea
1337 1833 1408 1858 nos
1430 1819 1570 1857 dixisse
1595 1821 1655 1869 ja-

193 1880 307 1918 ctatis
326 1893 411 1931 quae
430 1894 507 1918 non
529 1881 717 1925 diximus:
740 1881 810 1920 sed
825 1882 930 1920 taciti
948 1882 1136 1920 abierunt.
1167 1882 1268 1920 Volo
1285 1888 1415 1920 autem
1434 1894 1518 1927 vos,
1535 1881 1656 1918 Athe-

192 1942 506 1989 nienses,-nam
526 1943 680 1995 Python
703 1943 767 1995 qui
783 1950 864 1982 tum
884 1944 1055 1996 legatum
1078 1946 1231 1995 agebat,
1252 1944 1355 1996 apud
1379 1956 1447 1981 vos
1467 1942 1505 1980 in
1525 1943 1657 1981 conci-

196 2016 271 2042 one
291 2005 470 2043 laudatus
482 2005 621 2052 fuit—,
635 2019 766 2044 eorum
782 2007 984 2044 verborum
997 2019 1083 2058 quae
1102 2006 1165 2044 ille
1185 2006 1280 2044 dixit
1300 2005 1657 2049 commonefacere:

197 2067 337 2118 quippe
357 2067 438 2105 scio
456 2080 525 2105 vos
554 2080 599 2106 ea
617 2068 848 2106 meminisse.
890 2068 1062 2106 Fuerunt
1089 2074 1217 2105 autem
1247 2080 1428 2119 perquam
1455 2066 1593 2105 similia
1613 2066 1658 2104 iis

195 2141 283 2178 quae
314 2129 466 2181 scripsit
485 2129 696 2182 Philippus.
733 2130 834 2169 Nam
853 2130 946 2168 dum
967 2130 1016 2168 de
1050 2130 1160 2168 nobis
1185 2129 1406 2181 Philippum
1427 2128 1659 2166 criminanti-

194 2191 269 2228 bus
289 2198 525 2242 quereretur,
543 2192 657 2229 etiam
679 2204 745 2230 vos
767 2192 993 2235 incusabat;
1028 2191 1179 2229 scilicet
1198 2204 1278 2238 VOS,
1299 2203 1417 2242 quum
1436 2190 1660 2228 incitaretur

193 2265 261 2290 rex
281 2253 331 2291 ad
349 2254 449 2291 bene
465 2253 512 2290 de
527 2254 633 2292 vobis
650 2253 886 2299 merendum,
903 2260 942 2291 et
960 2266 1027 2290 vos
1048 2252 1191 2290 amicos
1212 2258 1411 2303 expeteret
1428 2265 1507 2303 prae
1521 2251 1662 2289 ceteris

198 2315 375 2361 Graecis„
385 2316 487 2354 illius
509 2316 710 2355 desideriis
730 2316 932 2362 obsistere,
952 2314 1275 2353 calumniatorum
1303 2314 1409 2352 dieta
1441 2315 1661 2365 approban-

199 2384 258 2416 tes
275 2378 338 2428 qui
353 2392 440 2416 eum
457 2377 749 2417 criminarentur
776 2392 799 2417 a
825 2392 902 2429 quo
926 2378 1130 2429 pecuniam
1151 2384 1337 2429 peterent.
1402 2378 1532 2419 Quum
1561 2377 1662 2414 enim

200 2438 249 2477 ad
268 2439 373 2477 illum
393 2439 605 2478 afferuntur
623 2440 714 2478 talia
734 2440 851 2486 dicta,
874 2440 1014 2491 quibus
1042 2447 1086 2477 ut
1110 2439 1191 2490 ipse
1219 2438 1494 2491 proscinditur,
1516 2439 1570 2476 ita
1595 2451 1663 2476 vos

198 2500 459 2547 oblectamini,
497 2502 634 2540 mutari
672 2502 755 2553 ejus
794 2503 978 2547 animum,
1011 2501 1115 2552 quod
1148 2501 1213 2539 ²iis
1244 2500 1420 2539 videatur
1444 2500 1587 2537 infidus
1615 2500 1663 2537 de

201 2562 340 2613 quibus
370 2562 469 2599 bene
495 2562 629 2600 mereri
649 2563 795 2601 statuit.
853 2562 1021 2600 Proinde
1047 2563 1219 2608 vetabat,
1252 2576 1301 2600 ne
1331 2562 1462 2613 populi
1494 2568 1664 2598 oratores

197 2636 336 2675 pacem
355 2623 825 2674 reprehenderent,-nec
842 2624 944 2662 enim
958 2637 1041 2662 eam
1057 2637 1143 2662 esse
1162 2623 1519 2667 dissolvendam-,
1542 2620 1611 2657 sed
1631 2621 1662 2658 si

201 2686 239 2723 in
258 2686 366 2736 pacis
387 2685 672 2724 conditionibus
692 2686 836 2736 aliquid
858 2698 1060 2737 perperam
1078 2685 1263 2737 scriptum
1286 2692 1406 2730 esset,
1436 2683 1475 2720 id
1501 2682 1665 2732 jubebat

199 2747 432 2791 emendare;
462 2748 602 2798 quippe
623 2747 841 2799 Philippum
862 2748 1055 2785 facturum
1075 2761 1161 2786 esse
1184 2746 1312 2785 omnia
1332 2757 1420 2795 quae
1441 2756 1509 2780 vos
1529 2742 1661 2781 decre—

203 2834 263 2906 xv¹
281 2833 343 2863 Sua
370 2834 419 2863 vel
449 2834 572 2864 tutanda
605 2834 651 2864 vel
683 2834 906 2874 amplificanda.
971 2834 1060 2863 21¹1is
1087 2834 1225 2864 insidiari
1247 2836 1379 2872 putetur.
1411 2829 1516 2861 IDEM.

249 2885 323 2907 Otr.

909 2941 934 2966 Κ
