1923 3149
690 192 745 229 IN
778 190 1053 230 APHOBUM
1080 191 1130 230 ΙΙ.
1560 193 1638 230 489

179 293 286 346 apud
305 306 374 333 vos
390 294 457 346 jus
476 307 605 334 meum
625 294 809 346 adeptum
829 294 1010 345 excipiat,
1031 294 1262 332 et'sororem
1289 295 1426 333 elocet.
1484 294 1525 333 Si
1548 308 1639 333 vero

177 367 246 392 vos
266 355 414 406 aliquid
441 356 717 407 secus--quod
748 353 1164 400 absit—decreveritis,
1194 356 1288 406 quid
1320 356 1374 394 illi
1407 356 1523 395 animi
1556 356 1640 395 fore

179 416 362 461 censetis,
383 429 470 455 cum
491 430 552 455 me
573 417 710 456 viderit
739 430 817 455 non
850 415 1023 468 paternis
1051 416 1169 454 modo
1188 418 1300 455 bonis
1322 418 1542 468 spoliatum,
1570 419 1640 456 sed

177 484 220 516 et
236 478 350 516 etiam
370 478 496 529 capite
518 478 775 517 diminutum?
805 479 853 517 de
871 490 999 516 sorore
1018 489 1110 515 vero
1130 491 1200 515 nec
1223 491 1375 529 sperare
1405 479 1520 524 ausit,
1552 492 1639 517 eam

175 538 295 576 ullam
312 551 355 576 se
370 538 528 589 dignam
543 538 820 586 conditionem,
837 539 886 576 ob
902 543 1119 576 secuturam
1139 537 1325 589 inopiam,
1346 540 1640 578 assecuturam?

177 598 272 637 Non
292 612 447 650 aequum
462 599 714 651 est‚judices,
732 599 794 638 vel
813 599 905 637 mihi
918 602 984 648 jus
1005 612 1029 637 a
1046 600 1155 638 vobis
1172 600 1321 651 negari,
1339 600 1399 638 vel
1420 600 1536 638 istum
1556 607 1642 639 tan-

174 666 235 699 tas
255 673 350 714 opes
368 675 437 712 per
454 661 629 713 injuriam
650 661 836 700 obtinere.
890 660 1062 699 Tametsi
1082 661 1184 699 enirn
1200 661 1374 699 nondum
1395 662 1469 700 mei
1488 662 1639 713 pericu-

176 721 258 760 lum
277 722 442 761 feceritis
459 722 585 773 qualis
608 722 680 761 sim
696 735 791 773 erga
812 734 879 760 vos
904 722 1071 769 futurus,
1093 722 1328 774 sperandum
1348 729 1479 760 tamen
1499 729 1561 761 est
1580 736 1640 761 me

175 794 255 820 non
271 783 351 821 fore
370 791 477 834 patre
497 783 753 822 deteriorem:
770 783 881 821 istius
901 795 993 822 vero
1010 783 1181 821 animum
1199 782 1253 820 sic
1274 783 1539 834 perspexistis.
1583 784 1642 822 Ut

175 850 418 895 compertum
442 844 552 883 vobis
585 845 650 890 sit,
677 857 781 890 eum,
813 844 948 895 amplis
982 844 1120 895 opibus
1156 845 1364 895 susceptis,
1398 845 1496 884 adeo
1525 859 1639 884 suum

176 906 349 944 studium
377 919 471 958 erga
490 918 559 944 vos
588 912 628 943 et
646 905 921 944 liberalitatem
948 918 1148 956 nunquam
1178 905 1412 953 declarasse,
1440 913 1485 945 ut
1513 908 1640 947 aliena

176 967 294 1005 etiam
316 966 549 1018 patrimonia
567 965 618 1004 ad
640 979 681 1003 se
700 965 837 1003 fraude
856 965 1058 1004 attraxisse
1080 966 1130 1004 sit
1149 974 1366 1005 ostensum.

229 1029 268 1066 6.
298 1028 396 1066 Haec
428 1027 545 1079 igitur
572 1026 867 1065 considerantes
888 1033 1110 1078 caeteraque
1136 1028 1345 1076 recordati,
1368 1028 1469 1067 sicut
1488 1030 1640 1079 justitia

174 1089 362 1140 postulat,
389 1089 443 1127 ita
467 1089 678 1127 decernite.
727 1088 799 1126 Est
819 1094 947 1126 autem
967 1089 1078 1127 vobis
1106 1089 1204 1127 fides
1231 1089 1387 1129 abunde
1407 1090 1512 1129 facta
1530 1092 1639 1130 testi-

175 1150 262 1198 bus,
289 1150 541 1202 argumentis,
560 1150 807 1199 conjecturis,
832 1149 994 1188 istorum
1012 1151 1138 1189 verbis
1168 1150 1235 1201 qui
1266 1164 1354 1189 mea
1381 1164 1421 1189 se
1438 1153 1638 1204 accepisse

175 1212 358 1251 universa
381 1212 631 1250 confitentur.
672 1211 730 1250 Ea
750 1224 839 1250 vero
859 1224 1030 1263 expensa
1048 1212 1141 1250 mihi
1160 1212 1306 1259 ferunt,
1337 1226 1426 1251 cum
1452 1213 1547 1251 nihil
1572 1227 1639 1251 ex-

174 1273 395 1324 penderint,
416 1273 487 1312 sed
507 1273 581 1324 ipsi
601 1273 731 1311 omnia
745 1272 959 1312 detineant.
990 1273 1090 1312 Haec
1106 1274 1223 1325 igitur
1235 1274 1519 1313 consideranda
1531 1275 1638 1314 vobis

174 1339 281 1381 sunt,
305 1340 347 1372 et
366 1333 498 1385 aliqua
516 1334 638 1373 nostri
655 1334 836 1373 habenda
848 1334 970 1378 ratio;
995 1334 1210 1385 intelligitis
1236 1335 1353 1381 enim,
1374 1348 1435 1373 me
1454 1336 1638 1386 patrimo-

174 1395 239 1433 nio
268 1408 337 1447 per
360 1407 429 1434 vos
456 1401 696 1447 recuperato,
727 1409 776 1434 ex
804 1396 947 1442 officio,
968 1402 1008 1433 et
1026 1395 1126 1446 grati
1146 1395 1260 1433 animi
1289 1409 1396 1447 ergo,
1415 1397 1638 1448 reipublicae

174 1469 337 1496 munera
349 1456 514 1495 libenter
530 1456 740 1505 obiturum,
755 1457 862 1508 quod
881 1470 991 1496 meas
1008 1457 1102 1495 mihi
1120 1457 1329 1496 facultates
1339 1458 1446 1509 juste
1458 1459 1638 1497 restitue—

174 1518 257 1557 ritis
273 1532 283 1557 z
312 1518 387 1557 iste
406 1524 550 1565 autem,
568 1519 599 1557 si
618 1518 652 1556 ei
669 1531 758 1569 quae
777 1531 866 1557 mea
893 1525 984 1557 sunt
1002 1518 1238 1571 possidenda
1262 1519 1515 1565 tradideritis,
1542 1520 1637 1558 nihil

174 1579 312 1618 horum
324 1586 385 1618 est
402 1579 592 1618 facturus.
647 1579 733 1618 Nec
752 1580 853 1618 enim
873 1586 1009 1633 putare
1026 1580 1192 1627 debetis,
1209 1580 1290 1618 fore
1304 1586 1348 1618 ut
1366 1581 1573 1632 quicquam
1588 1582 1638 1621 de

174 1641 220 1680 iis
239 1642 377 1693 opibus
395 1641 434 1680 in
453 1640 731 1693 rempublicam
751 1642 935 1680 collatum
957 1642 1062 1689 velit,
1082 1655 1177 1693 quas
1201 1641 1398 1692 accepisse
1420 1655 1460 1680 se
1486 1642 1551 1681 ivit
1577 1644 1636 1681 in-

174 1703 306 1743 ficias:
336 1702 407 1743 sed
437 1702 566 1755 potius
599 1703 795 1744 occultare
826 1703 1013 1752 studebit,
1044 1710 1089 1743 ut
1111 1704 1198 1755 jure
1230 1702 1434 1743 absolutus
1465 1716 1550 1743 esse
1579 1705 1636 1746 vi—

176 1763 326 1803 deatur.

871 3003 943 3041 31<
