1923 3149
632 141 862 180 CONTRA
894 141 1119 178 MlDIAM.
1544 142 1621 180 343

152 250 308 294 propter
327 244 433 294 quod
454 257 586 295 poenas
606 244 698 282 dare
718 244 836 284 debet
856 243 1091 295 reipublicae,
1112 245 1149 280 in
1175 243 1348 282 beneficii
1370 244 1455 282 loco
1474 258 1611 283 nume-

153 305 262 342 rabit.
311 305 444 354 Atqui,
464 306 580 343 talem
602 305 875 349 trierarchiam,
897 311 1038 350 utrum,
1059 317 1126 355 per
1147 304 1257 348 deos,
1278 305 1608 350 nundinationem,

153 372 192 403 et
210 367 464 411 exactionem,
485 373 524 404 ct
545 367 803 404 desertionem
823 366 1013 409 ordinum,
1033 365 1256 414 militiaeque
1275 365 1424 414 fugam,
1445 374 1483 403 et
1502 368 1610 416 quic-

155 427 247 477 quid
271 427 383 475 hujus
413 428 562 477 generis
592 434 664 472 est,
698 428 890 478 appellare
919 427 1046 477 potius
1069 425 1286 470 conveniet,
1314 439 1362 462 an
1382 428 1609 466 munificen-

152 488 243 525 tiam
264 494 304 525 ct
323 488 617 526 liberalitatem?
658 489 758 525 Nam
780 501 865 525 curn
884 487 990 524 nullo
1011 487 1085 523 alio
1104 486 1221 524 modo
1241 486 1427 536 equestris
1450 490 1609 539 expedi-

151 549 265 587 tionis
285 550 564 588 immunitatem
584 556 716 601 posset
735 550 906 599 adipisci,
926 549 1038 586 istam
1055 548 1287 598 excogitavit
1306 548 1450 586 Midias
1472 562 1609 588 novam

151 611 345 661 quandam
365 612 556 661 equitatus
576 610 907 648 nundinationem.
947 610 1076 660 Atque
1096 617 1177 647 tum
1197 610 1346 655 iterum,
1367 622 1453 647 cum
1475 611 1608 662 reliqui

151 673 348 711 trierarchi
368 686 515 718 omnes,
535 674 600 722 qui
620 672 765 723 aliquid
785 673 912 722 largiti
932 678 1054 717 erant,
1073 685 1140 709 vos
1161 672 1199 709 in
1219 672 1345 709 reditu
1362 685 1383 710 e
1405 672 1528 723 Styris
1545 687 1610 712 co-

152 734 378 771 mitarentur
396 746 442 772 ac
462 733 712 779 deducerent,
732 734 837 771 solus
863 734 934 771 iste
959 734 1164 771 comitatus
1190 747 1267 771 non
1295 741 1366 771 est.
1406 734 1483 771 Sed
1502 735 1611 773 vobis

152 795 354 845 neglectis,
382 795 519 840 vallos,
547 802 586 832 et
609 794 792 845 pecudes,
814 802 853 832 et
876 796 979 833 fores
1000 795 1048 832 ad
1070 808 1124 841 se,
1144 801 1183 832 et
1209 795 1314 844 ligna
1333 795 1382 832 ad
1403 797 1612 846 argentifo-

152 856 253 895 dinae
273 857 562 895 instructionem
583 857 804 907 asportavit.
835 857 1003 895 Proinde
1023 863 1194 908 quaestus
1216 857 1398 907 privatus,
1418 871 1495 895 non
1511 872 1610 896 onus

150 918 346 968 publicum
377 918 444 955 illa
470 918 693 956 trierarchia
711 917 853 954 homini
884 918 1130 969 spurcissimo
1155 918 1239 955 fuit.
1282 918 1379 956 Haec
1402 931 1425 956 a
1443 932 1504 956 me
1524 933 1610 958 vere

151 981 240 1027 dici,
259 995 478 1032 quanquam
498 981 571 1032 ipsi
593 981 670 1019 fere
692 982 840 1020 conscii
861 982 966 1028 estis,
985 988 1107 1019 testes
1127 982 1275 1019 vocabo
1295 987 1436 1019 tamen.

776 1119 986 1156 TESTES.

193 1206 268 1235 Cleo
284 1205 457 1241 Suniensis,
470 1205 640 1235 Aristocles
653 1205 854 1240 Paeaniensis,
865 1205 1222 1244 Pamphilus,Niceratus
1232 1206 1451 1240 Aoum-dusius,
1464 1207 1609 1236 Eneiemo

150 1256 318 1296 Sphettius,
335 1267 395 1295 quo
413 1261 552 1295 tempore
574 1267 641 1286 curn
659 1261 722 1286 tota
739 1257 837 1286 classe
856 1267 872 1286 e
888 1257 987 1295 Styris
1005 1258 1062 1286 huo
1078 1257 1345 1293 renavigabamus,
1362 1257 1522 1285 trierarchi
1546 1267 1611 1286 era-

150 1317 219 1337 mus
237 1313 266 1337 et
283 1308 353 1346 ipsi,
370 1312 400 1337 et
415 1308 528 1337 Midias
543 1307 594 1346 qui
615 1318 632 1337 a
651 1308 860 1337 Demosthene
878 1318 956 1336 nunc
974 1312 1145 1342 accusatur,
1161 1307 1209 1335 cui
1232 1317 1288 1335 nos
1310 1307 1517 1336 testiinonium
1535 1307 1612 1336 dici-

148 1367 226 1387 mus.
250 1360 412 1398 Quumque
427 1364 488 1388 tota
501 1359 609 1388 classis
625 1359 729 1388 ordine
744 1358 913 1392 incederet,
926 1363 955 1387 et
971 1358 1143 1387 trierarchis
1159 1358 1340 1397 imperatum
1356 1363 1437 1387 esset
1455 1369 1491 1386 ne
1508 1369 1611 1397 segre-

151 1414 256 1447 garent
267 1419 346 1443 sese,
364 1409 461 1438 donec
474 1410 532 1438 huc
548 1410 785 1448 appulissemus,
797 1409 911 1438 Midias
925 1410 1024 1438 classe
1043 1408 1159 1442 relicta,
1176 1419 1252 1438 nave
1267 1414 1366 1438 autern
1382 1409 1483 1447 lignis,
1504 1415 1534 1439 et
1547 1410 1612 1439 val-

149 1458 200 1493 lis,
217 1464 246 1489 et
263 1459 445 1498 pecudibus,
461 1459 590 1498 aliisque
607 1459 696 1488 rebus
706 1459 902 1498 quibusdam,
919 1465 1054 1495 onerata,
1070 1459 1099 1488 in
1115 1460 1267 1488 Pin-meum
1285 1460 1403 1498 appulit
1416 1460 1500 1489 solus
1518 1461 1611 1490 biduo

150 1515 232 1548 post,
244 1520 300 1539 nee
317 1520 370 1539 sua
386 1511 551 1549 praesentia
567 1520 634 1539 cum
649 1509 717 1539 aliis
735 1509 918 1549 trierarchis·
926 1510 1053 1539 classem
1069 1509 1199 1539 ornarit.
1611 1512 1613 1514 ’

203 1595 270 1630 47.
302 1593 418 1637 Quod
439 1593 469 1630 si
488 1606 591 1638 vero,
613 1593 880 1639 Athenienses,
902 1606 1141 1644 quaeeunque
1161 1594 1327 1644 proferet
1347 1600 1461 1644 atque
1483 1595 1611 1632 statim

150 1655 253 1705 apud
274 1668 339 1693 vos
372 1655 794 1706 insoleiiterjacti'tabit‚
817 1655 867 1693 ad
893 1668 980 1692 eum
1001 1655 1158 1693 modum
1186 1657 1232 1693 ab
1263 1668 1309 1692 eo
1335 1656 1510 1706 impensa
1537 1657 1610 1693 rei-

149 1716 314 1767 publicae
334 1722 372 1754 et
392 1716 657 1754 administrata
676 1723 820 1763 essent,
839 1724 877 1755 et
897 1730 975 1755 non
994 1718 1059 1761 ita,
1082 1724 1124 1753 ut
1144 1729 1217 1766 ego
1231 1717 1467 1763 demonstro,
1487 1731 1534 1755 ne
1555 1719 1611 1756 sie

148 1778 304 1828 quidem
326 1778 563 1830 injuriarum,
591 1778 729 1830 quibus
749 1792 809 1816 me
830 1779 969 1821 affecit,
991 1785 1147 1828 propter
1172 1779 1307 1816 merita
1336 1779 1374 1816 in
1402 1779 1611 1830 rempubli-

148 1852 245 1883 cam,
260 1839 294 1876 ei
313 1839 442 1876 danda
461 1847 564 1877 esset
581 1840 799 1890 impunitas.
830 1841 931 1877 Nam
953 1853 1026 1889 ego
1044 1840 1130 1877 novi
1152 1840 1308 1885 multos,
1328 1840 1390 1890 qui
1411 1841 1611 1890 complura

147 1900 185 1938 in
213 1914 283 1938 vos
304 1908 342 1938 et
368 1900 504 1937 Midiae
525 1900 723 1938 beneficiis
751 1901 873 1939 multo
895 1901 1081 1951 ampliora
1104 1901 1365 1947 contulerunt,
1396 1901 1457 1938 alii
1485 1902 1610 1939 classe

146 1962 256 2000 victis
275 1962 465 2008 hostibus,
485 1962 549 2000 alii
565 1963 719 2000 urbibus
740 1962 877 2013 captis,
899 1962 962 1999 alii
978 1963 1108 2000 multis
1123 1970 1162 2000 et
1176 1962 1372 2013 praeclaris
1390 1964 1608 2014 reipublicae

147 2025 348 2076 triumphis
368 2027 508 2076 partis:
536 2026 631 2063 nulli
651 2033 780 2064 tamen
809 2027 946 2064 horum
973 2040 1041 2064 vos
1061 2041 1232 2077 unquam
1261 2041 1346 2065 eam
1375 2035 1607 2078 potestatem

147 2087 324 2133 dedistis,
345 2095 384 2125 et
403 2089 501 2125 absit
519 2095 560 2125 ut
578 2087 689 2132 detis,
711 2095 754 2125 ut
773 2101 905 2126 eorum
926 2089 1107 2139 cuiquam
1125 2089 1258 2126 liceret
1271 2090 1428 2139 privatis
1446 2090 1608 2128 inimicis

146 2149 345 2193 insultare,
367 2148 522 2199 quando
543 2148 674 2196 vellet,
706 2155 745 2186 et
763 2162 840 2199 quo
858 2149 974 2186 modo
994 2156 1147 2199 posset;
1181 2162 1228 2187 ne
1258 2149 1413 2199 quidem
1437 2151 1606 2189 Harmo-

147 2209 211 2247 dio
247 2217 288 2248 et
325 2209 592 2260 Aristogitoni.
650 2209 722 2247 His
751 2211 854 2248 enim
885 2211 1055 2249 maxima
1085 2210 1187 2248 dona
1221 2224 1292 2262 pro
1329 2213 1504 2250 maximis
1540 2214 1607 2252 be-

146 2270 292 2309 neficiis
313 2284 336 2309 a
355 2270 464 2308 vobis
480 2271 572 2309 data
592 2277 693 2308 sunt.
734 2271 869 2322 Neque
890 2272 929 2308 id
942 2272 1141 2318 tulissetis,
1163 2272 1194 2309 si
1207 2272 1291 2322 quis
1307 2280 1444 2311 statuae
1461 2273 1607 2313 adscri-

147 2333 312 2384 psisset:
358 2333 515 2371 liceat
558 2346 715 2383 porro
763 2334 834 2371 eis
885 2335 1046 2372 etiam
1093 2334 1183 2372 laed
1200 2347 1284 2372 ere
1350 2336 1606 2385 quemvis.

149 2395 251 2439 Quia
275 2395 324 2432 ob
352 2394 427 2432 hoc
447 2395 570 2446 ipsum
590 2394 738 2446 reliqua
756 2395 859 2434 dona
879 2403 1122 2447 acceperant,
1142 2396 1247 2446 quod
1267 2397 1429 2435 aliorum
1449 2398 1605 2449 injurias

146 2456 490 2508 compescuissent.
520 2457 610 2495 Jam
631 2457 792 2495 relatam
813 2457 847 2494 ei
866 2471 1020 2508 quoque
1044 2472 1067 2496 a
1084 2458 1194 2496 vobis
1220 2471 1307 2496 esse
1334 2460 1509 2509 gratiam,
1528 2474 1605 2499 non

146 2525 295 2557 tantum
309 2517 392 2568 ejus
405 2517 704 2568 meritis‚—-quae
719 2531 837 2568 parva
855 2520 1011 2556 omnino
1029 2526 1200 2566 esset—‚
1217 2520 1288 2557 sed
1300 2521 1476 2559 maximis
1490 2522 1605 2559 etiam

145 2579 344 2618 beneficiis
359 2591 503 2629 parem,
519 2579 558 2616 id
576 2592 730 2630 quoque
745 2580 963 2626 ostendam,
984 2593 1033 2618 ne
1051 2580 1191 2619 debere
1211 2594 1278 2618 vos
1298 2581 1441 2632 aliquid
1460 2583 1606 2621 homini

119 2651 123 2654 ’
147 2640 397 2692 spurcissimo
420 2639 579 2690 putetis.
631 2641 727 2688 Vos,
757 2641 1029 2686 Athenienses,
1059 2642 1187 2687 istum,
1217 2642 1342 2692 qualis
1376 2643 1499 2693 qualis
1532 2649 1604 2688 est,

148 2702 277 2741 Parali
291 2707 523 2752 quaestorem
537 2702 711 2747 creastis,
729 2715 798 2740 nec
811 2716 889 2741 non
904 2703 1130 2753 magistrum
1143 2704 1328 2754 equitum,
1343 2717 1431 2741 cum
1447 2704 1604 2753 quidem

145 2764 185 2802 in
204 2763 477 2802 festivitatibus
494 2775 593 2812 equo
611 2775 679 2813 per
693 2763 825 2801 forum*
837 2764 1015 2802 incedere
1031 2778 1107 2803 non
1122 2771 1269 2815 posset,
1283 2770 1322 2801 et
1336 2765 1604 2815 mysteriorum

146 2832 378 2870 curatorem,
394 2830 434 2861 et
453 2818 662 2875 aliquando
681 2837 809 2874 regem
832 2824 1089 2863 sacrificulum
1107 2826 1302 2874 boumque
1321 2831 1546 2875 emptorem,
1566 2834 1605 2864 et

147 2886 179 2923 si
196 2892 390 2937 quaesunt
407 2885 490 2936 ejus
512 2885 663 2936 generis
682 2885 768 2923 aliae
788 2885 1011 2936 dignitates.
1044 2886 1136 2937 Ejus
1155 2884 1270 2934 igitur
1289 2885 1432 2936 ingenii
1450 2899 1608 2937 perver-r
