1923 3149
233 164 313 203 492
783 163 839 201 IN
870 162 1144 202 APHOBUM

232 265 333 304 enim
352 271 446 303 tunc
465 265 608 315 exigua
627 265 744 303 totius
758 266 878 304 nostri
904 268 1086 317 temporis
1112 272 1221 317 parte
1243 265 1341 304 inter
1367 272 1508 304 caetera
1529 278 1691 305 accusa-

231 341 422 376 veramus,
455 329 495 366 id
528 335 609 366 tum
636 336 721 367 toto
745 335 919 381 tempore
947 330 1074 368 solum
1106 341 1175 381 per
1202 342 1243 367 se
1271 328 1498 379 explicaturi
1526 340 1691 366 eramus.

234 390 349 435 Quod
369 390 400 434 si
427 402 655 441 responsum
680 390 937 441 improbasset
955 392 1130 442 putabat,
1151 389 1477 442 quemadmodum
1497 396 1580 427 turn
1599 402 1692 428 con-

232 451 361 490 fessus
379 458 494 497 esset,
511 452 568 489 sic
590 465 631 490 se
650 451 780 490 denuo
798 458 1052 503 negaturum:
1073 452 1148 491 hoc
1163 464 1254 491 vero
1273 463 1394 502 penes
1409 464 1451 490 se
1468 451 1564 490 fore.
1597 451 1694 490 Pro-

236 518 370 564 pterea
388 512 503 563 igitur
521 512 596 551 hoc
615 514 870 564 persequitur.

287 575 326 612 4.
348 574 465 618 Quod
484 586 572 613 esse
591 587 722 612 verum
744 574 1002 613 testimonium
1022 574 1220 614 evidenter
1236 573 1345 612 vobis
1360 573 1538 612 omnibus
1554 574 1690 625 proba·

233 635 297 681 bo,
317 647 397 674 non
417 634 665 686 conjecturis,
686 645 813 686 neque
833 636 1058 675 ratiunculis
1077 636 1193 687 hujus
1224 636 1406 686 temporis
1431 647 1551 674 causa
1571 636 1692 674 confi-

233 697 322 744 ctis,
343 697 411 736 sed
440 710 487 734 eo
506 696 610 748 quod
629 696 739 735 vobis
760 697 953 743 omnibus,
974 704 1016 735 ut
1034 710 1108 749 ego
1127 697 1304 743 arbitror,
1319 698 1469 746 justum
1488 695 1693 734 videbitur.

233 757 359 809 quue
379 756 509 795 audite
534 763 573 795 et
586 757 776 808 judicate.
834 758 932 808 Ego,
958 758 1135 804 Judices,
1165 771 1253 795 cum
1285 771 1364 795 non
1393 757 1614 808 ignorarem
1642 757 1692 797 de

234 818 457 856 testimonio
475 818 515 855 in
535 817 682 856 tabella
703 819 846 870 scripto
867 818 958 856 mihi
979 825 1176 857 certamen
1204 831 1306 864 esse,
1327 819 1451 870 deque
1471 832 1518 857 eo
1539 826 1693 858 senten-

229 879 322 918 tiam
341 892 410 918 vos
425 879 572 917 laturos
593 879 744 930 scirem,
758 880 852 918 nihil
872 880 1191 919 antevertendum
1208 893 1296 918 esse
1311 880 1416 926 duxi,
1431 880 1504 918 nisi
1519 886 1562 917 ut
1575 880 1692 918 istum

232 953 487 992 provocarem
520 946 638 992 atque
672 954 887 993 arguerem.
947 941 999 979 Et
1019 941 1113 992 quid
1133 941 1265 980 facio?
1305 941 1350 978 In
1369 940 1626 992 quaestionem
1656 941 1693 980 ei

231 1015 394 1053 puerum
415 1002 506 1040 dare
526 1002 718 1041 literatum
734 1003 852 1050 volui,
871 1004 938 1054 qui
957 1002 1135 1049 affuerat,
1151 1016 1239 1041 cum
1257 1003 1343 1042 haec
1359 1002 1430 1041 iste
1443 1003 1694 1041 confiteretur

231 1069 272 1101 et
290 1064 553 1103 testimonium
577 1064 799 1116 scripserat,
821 1064 915 1102 nihil
936 1077 958 1103 a
978 1065 1090 1104 nobis
1110 1065 1213 1103 mala
1240 1064 1318 1102 fide
1341 1076 1487 1116 perque
1515 1063 1693 1102 fraudem

233 1136 350 1175 agere
372 1128 518 1174 Jussus‚
538 1138 666 1176 neque
695 1125 799 1164 aliud
830 1127 1011 1173 scribere,
1030 1126 1135 1165 aliud
1155 1126 1344 1172 omittere,
1363 1137 1496 1164 eorum
1516 1137 1602 1176 quae
1619 1125 1694 1164 iste

230 1185 292 1224 his
309 1186 357 1226 de
369 1188 484 1226 rebus
504 1187 667 1234 dixerat,
686 1187 757 1226 sed
777 1187 998 1239 simpliciter
1013 1187 1142 1226 omnia
1163 1200 1251 1238 quae
1265 1199 1355 1225 vera
1375 1192 1415 1224 et
1429 1186 1477 1224 ab
1496 1186 1571 1224 isto
1589 1185 1695 1224 dicta

233 1254 366 1286 essent
396 1255 595 1287 annotare.
653 1249 731 1292 Qui
757 1262 850 1287 vero
872 1249 1006 1287 melius
1041 1248 1166 1299 potuit
1197 1260 1311 1298 quam
1336 1246 1554 1297 torquendo
1575 1259 1694 1298 puero

232 1310 439 1350 mendacia
472 1318 607 1349 nostra
635 1310 835 1350 refutare?
875 1310 953 1349 Sed
973 1311 1142 1348 omnium
1169 1309 1313 1360 optime
1337 1308 1498 1355 sciebat,
1521 1308 1692 1347 testimo-

232 1371 338 1409 nium
357 1384 444 1410 esse
465 1384 597 1410 verum
613 1385 622 1415 ;
653 1379 694 1410 et
710 1371 799 1409 ideo
818 1372 1072 1422 quaestionem
1090 1371 1277 1421 fugiebat.
1323 1369 1462 1419 Neque
1481 1382 1571 1407 vero
1589 1382 1693 1408 unus

231 1438 350 1483 atque
371 1432 468 1470 alter
486 1433 600 1484 hujus
620 1433 673 1471 rei
691 1432 840 1470 conscii
858 1432 1026 1479 fuerunt,
1045 1445 1174 1483 neque
1206 1432 1277 1469 sub
1304 1430 1366 1468 ala
1384 1436 1428 1468 ut
1445 1429 1584 1468 dicitur
1603 1443 1693 1481 pro-

230 1493 384 1532 vocatio
400 1493 509 1531 facta
532 1499 604 1539 est,
634 1493 704 1531 sed
735 1494 776 1531 in
807 1493 936 1532 medio
955 1494 1039 1532 foro
1057 1504 1277 1544 magnaque
1295 1491 1495 1531 hominurn
1514 1491 1695 1544 frequen-

232 1553 299 1594 tia.
347 1554 406 1593 Ac
425 1566 524 1593 voca
543 1554 636 1593 mihi
656 1554 794 1592 horum
809 1560 945 1593 testes.

850 1697 1064 1736 TESTES.

235 1791 310 1830 Est
326 1797 455 1830 autem
474 1791 548 1831 iste
567 1792 667 1830 adeo
686 1792 852 1831 callidus
871 1799 911 1830 et
929 1805 1055 1844 usque
1076 1792 1175 1831 adeo
1193 1792 1286 1843 quid
1306 1803 1462 1842 aequum
1483 1792 1532 1830 sit
1550 1791 1693 1830 intelli-

233 1865 323 1902 gere
342 1866 384 1891 se
404 1853 452 1891 de
472 1853 665 1892 industria
682 1846 916 1900 dissimulat,
934 1860 978 1891 ut
993 1866 1213 1904 quanquam
1240 1854 1327 1903 falsi
1347 1852 1554 1891 testimonii
1573 1851 1693 1891 actio-

233 1926 324 1951 nem
344 1915 525 1959 instituit,
540 1914 589 1952 de
601 1927 676 1964 quo
690 1927 760 1952 vos
772 1915 891 1965 jurati
907 1914 1224 1965 pronunciabitis‚
1241 1921 1365 1952 tamen
1387 1913 1469 1964 ejus
1485 1913 1694 1951 testimonii

234 1975 447 2021 veritatem,
467 1976 572 2026 quod
592 1989 666 2013 sua
683 1975 926 2026 potissimum
947 1976 1077 2022 refert,
1097 1976 1298 2026 explorare
1312 1975 1526 2026 quaestione
1543 1975 1693 2013 subter-

233 2034 399 2086 fugerit3
430 2036 607 2088 falsoque
627 2036 743 2082 dicat,
772 2049 813 2074 se
832 2036 941 2074 illum
969 2043 1126 2089 propter
1151 2037 1226 2075 alia
1245 2037 1528 2088 depoposcisse.
1585 2035 1692 2079 Quid

233 2109 324 2134 vero
345 2098 550 2136 absurdius
570 2111 688 2149 quam
707 2111 795 2136 eum
816 2111 905 2136 cum
924 2098 1126 2148 quirioetur
1145 2098 1276 2148 inique
1295 2111 1426 2136 secum
1447 2110 1534 2136 esse
1549 2103 1693 2146 actum,

235 2159 301 2209 qui
320 2159 516 2198 hominem
535 2160 695 2199 liberum
715 2161 950 2212 deposcens,
970 2168 1015 2199 ut
1039 2173 1114 2212 ego
1129 2161 1238 2199 vobis
1257 2161 1460 2212 perspicue
1474 2160 1694 2207 ostendam,

235 2229 312 2258 non
332 2223 536 2274 acceperit,
552 2229 671 2261 testes
691 2235 770 2260 non
790 2222 920 2274 iniqua
937 2222 1016 2274 pati
1034 2229 1182 2274 putare,
1196 2234 1283 2260 curn
1300 2235 1388 2262 eum
1406 2235 1519 2273 quem
1540 2233 1693 2260 servum

235 2294 324 2321 esse
341 2284 549 2322 constabat
567 2296 629 2322 me
649 2283 699 2321 de
719 2283 832 2322 dictis
851 2285 1082 2323 testimoniis
1110 2284 1294 2330 dedente,
1321 2283 1496 2334 accipere
1524 2283 1607 2334 ipse
1633 2296 1692 2321 re-

236 2344 406 2382 cusarit?
438 2345 523 2383 Nec
552 2344 651 2383 illud
680 2346 831 2384 causari
857 2353 998 2397 potest,
1023 2345 1258 2395 quibusdam
1277 2344 1326 2382 de
1344 2344 1474 2389 rebus,
1494 2356 1591 2395 quas
1610 2344 1693 2395 ipse

235 2404 355 2456 cupit,
373 2407 618 2457 perspicuam
638 2414 677 2446 et
696 2407 772 2446 fide
798 2408 957 2460 dignam
987 2421 1073 2446 esse
1102 2408 1370 2459 quaestionem,
1389 2406 1439 2445 de
1461 2406 1692 2458 quibusdam

236 2478 326 2504 vero
345 2467 551 2505 obscuram
571 2474 610 2505 et
627 2467 821 2506 fallacem.

290 2528 329 2564 6.
360 2526 568 2574 Praeterea,
600 2528 775 2578 Judices,
804 2529 922 2568 frater
949 2529 1059 2568 istius
1080 2529 1207 2567 AEsius
1226 2527 1373 2580 primus
1391 2529 1465 2567 hoc
1490 2541 1560 2580 pro
1585 2528 1693 2568 testi-

236 2587 368 2627 monio
386 2588 496 2634 dixit,
515 2588 581 2639 qui
596 2602 697 2627 nunc
718 2591 869 2639 adjutor
887 2591 970 2642 ejus
991 2591 1021 2629 it
1040 2591 1202 2637 inficias,
1217 2590 1286 2628 sed
1307 2597 1389 2628 turn
1409 2602 1487 2628 una
1505 2601 1594 2629 cum
1607 2590 1692 2629 aliis

239 2649 413 2695 asseruit,
432 2649 538 2700 quod
559 2661 683 2700 neque
701 2651 872 2702 pejerare
894 2664 1019 2702 neque
1035 2664 1124 2690 mox
1141 2664 1161 2689 e
1177 2652 1337 2702 vestigio
1353 2663 1375 2690 a
1388 2650 1584 2702 judicibus
1601 2663 1694 2690 con·

239 2709 411 2749 demnari
430 2710 596 2749 volebat.
653 2712 794 2758 Quem,
823 2713 854 2750 si
874 2713 973 2751 falso
991 2713 1212 2751 testimonio
1231 2712 1300 2751 niti
1329 2712 1554 2764 placuisset,
1587 2711 1692 2751 haud

238 2772 373 2821 utique
393 2772 432 2809 in
452 2779 574 2810 testes
602 2772 828 2819 retulissem,
850 2787 938 2811 cum
966 2774 1134 2812 viderem
1155 2787 1242 2812 eum
1263 2774 1428 2825 Aphobo
1454 2786 1538 2812 esse
1557 2773 1692 2812 intima

240 2832 522 2871 necessitudine
547 2834 919 2884 conjunctissimum,
939 2847 1009 2873 nec
1030 2835 1245 2885 ignorarem
1261 2835 1490 2873 advocatum
1512 2833 1563 2871 illi
1584 2833 1691 2872 futu-

242 2903 339 2942 rum,
366 2900 629 2946 praetereaque
663 2906 790 2935 meum
821 2909 905 2935 esse
937 2896 1197 2936 adversarium
1214 2909 1222 2934 :
1253 2909 1323 2935 nec
1361 2895 1462 2934 enim
1496 2907 1585 2934 cum
1612 2894 1691 2935 ulla
