1923 3149
295 76 323 119 4
881 66 1176 110 ANALYSIS

301 191 379 216 esse
403 181 498 214 ratas
514 180 550 213 et
568 178 795 220 immortales,
813 176 874 210 sed
892 177 986 211 vires
1002 175 1096 210 illius
1111 184 1215 218 posse
1232 171 1412 213 debellari,
1431 170 1494 205 sed
1510 171 1603 205 illius
1617 170 1751 215 proter-

305 246 398 279 viam
417 254 519 287 posse
537 241 721 276 contundi.

350 309 402 340 50.
429 305 597 350 Denique
613 315 655 338 eo
673 302 769 348 quod
787 303 844 337 ille
862 313 926 347 per
943 301 1119 346 ignaviam
1136 298 1412 333 Atheniensium
1431 297 1549 340 potius
1565 305 1673 340 quam
1691 304 1752 338 per

306 379 409 402 suum
425 368 534 411 ipsius
549 367 654 401 robur
668 377 710 400 co
728 365 896 410 potentiae
915 367 951 398 et
966 363 1140 408 superbiae
1158 361 1353 396 devenerit.
1403 359 1502 392 Ilinc
1518 357 1756 391 vehementis-

306 432 397 464 sima
413 431 457 463 ad
476 430 713 464 Athenienses
731 429 930 462 adhortatio
954 430 994 460 ut
1014 427 1119 460 istam
1143 425 1288 459 tandein
1307 425 1445 457 exuant
1461 420 1659 455 socordiam
1679 422 1754 452 tam

308 494 400 527 hosti
419 494 542 526 utilem
561 503 669 536 quam
688 492 771 536 ipsis
789 492 1092 525 detrimentosum.

353 559 403 590 6⁰.
431 556 666 590 Concluditur
683 555 795 599 prima
808 565 889 598 pars
903 553 1052 587 transitu
1070 555 1106 586 ct
1120 551 1392 596 praemunitione
1410 550 1454 583 ad
1469 547 1664 583 secundam
1676 555 1756 589 par-

306 620 391 651 tem.
443 619 645 651 Praemonet
660 616 921 650 Demosthenes
939 626 1011 648 non
1024 616 1075 648 eis
1089 614 1355 648 assentiendum
1370 624 1448 646 esse
1465 612 1528 657 qui
1544 613 1757 657 apparatum

308 680 471 715 celeriter
486 681 691 714 confectum
709 690 818 723 quam
836 678 1000 712 stabilem
1018 689 1058 711 ac
1077 678 1288 711 diuturnum
1305 676 1454 710 malunt.

897 788 1054 823 Secunda
1063 799 1163 834 pars.

357 869 531 904 Rationes
548 871 584 902 et
601 868 811 911 adjumenta
826 868 910 901 belli
927 868 1087 911 gerendi.

359 934 406 964 1⁰.
433 932 562 965 Certus
586 930 780 964 triremium
797 933 833 964 et
850 929 1074 973 navigiorum
1090 938 1260 962 numerus
1276 927 1532 961 instruendus:
1566 935 1677 959 eausa
1699 924 1762 958 ad·

306 992 440 1035 jieitur.

356 1056 405 1088 2⁰.
432 1053 557 1097 Copiae
577 1064 720 1098 quoque
745 1055 844 1087 certo
863 1064 1014 1087 numero
1030 1064 1169 1099 semper
1184 1053 1319 1087 debent
1335 1064 1413 1086 esse
1430 1053 1627 1096 expeditae,
1644 1061 1763 1096 neque

312 1127 361 1149 ex
378 1116 574 1160 peregrinis
592 1117 772 1150 duntaxat
788 1117 970 1159 militibus,
983 1116 1042 1150 sed
1058 1126 1104 1149 ex
1119 1115 1400 1149 Atheniensibus
1413 1116 1521 1149 ctiam
1536 1115 1763 1158 conscriptae.

314 1178 437 1221 Hujus
452 1189 595 1222 quoque
612 1178 663 1212 rei
682 1189 792 1212 causa
811 1180 966 1212 affertur.
1016 1178 1170 1222 Oportet
1186 1180 1227 1211 ut
1243 1179 1403 1221 strategi,
1420 1177 1608 1219 taxfflrchi,
1623 1176 1767 1220 phylar-

313 1242 383 1283 chi,
401 1241 597 1285 hipparchi,
614 1252 678 1286 per
701 1252 737 1274 se
755 1242 821 1285 ipsi
838 1241 1005 1283 militent,
1027 1252 1144 1285 neque
1166 1241 1299 1274 honore
1315 1242 1375 1274 illo
1393 1244 1539 1274 utantur
1555 1243 1695 1274 tantum
1720 1240 1766 1273 ad

313 1314 483 1347 pompam
502 1307 538 1337 et
554 1303 766 1347 dignitatem
784 1305 821 1337 in
836 1305 924 1338 urbe
941 1304 1189 1345 umbratilem
1213 1304 1311 1349 quod
1327 1304 1482 1347 eleganti
1499 1303 1764 1347 comparatione

313 1366 471 1399 illustrat
489 1369 617 1400 orator.

360 1432 409 1462 3⁰.
436 1429 599 1473 Exponit
613 1430 708 1463 idem
723 1432 859 1474 quanta
871 1429 1025 1474 pecunia
1035 1440 1127 1473 opus
1141 1430 1186 1463 sit
1199 1432 1236 1463 ct
1247 1429 1343 1463 unde
1356 1430 1436 1464 hoec
1449 1428 1617 1474 petenda.
1653 1427 1767 1462 Hune

316 1492 505 1525 articulum
524 1491 678 1525 absolvit
694 1493 853 1526 curando
870 1495 911 1526 ut
927 1493 1100 1526 recitetur
1116 1493 1206 1526 ratio
1223 1494 1392 1537 quaedam
1411 1491 1631 1535 pecuniaria.

360 1559 410 1590 4⁰.
438 1556 633 1589 Concludit
649 1556 740 1589 hanc
758 1557 957 1589 secundam
980 1559 1118 1600 partem
1138 1555 1362 1590 ostendendo
1384 1566 1467 1599 quae
1488 1554 1573 1588 inde
1595 1554 1771 1588 utilitates

314 1617 383 1649 sint
402 1617 656 1661 percipiendae3
682 1616 820 1650 scilicet
836 1620 971 1661 paratae
990 1617 1143 1651 aderunt
1155 1617 1269 1661 copiae
1284 1622 1320 1650 et
1333 1627 1440 1650 naves
1458 1627 1541 1661 quae
1559 1616 1770 1661 opportuni-

314 1683 407 1713 tates
423 1681 581 1714 locorum
599 1691 641 1713 ac
659 1682 860 1724 temporum
877 1683 1074 1721 sectentur,
1092 1691 1174 1724 quae
1191 1680 1402 1724 prohibeant
1419 1690 1463 1713 ne
1481 1680 1668 1724 Philippus
1690 1690 1772 1725 spo-

314 1742 378 1776 liet
393 1743 509 1776 socios
524 1742 812 1786 Atheniensium,
828 1743 995 1788 ipsosque
1015 1743 1255 1777 Athenienses
1271 1743 1431 1787 captivos
1448 1742 1617 1777 abducat.

930 1854 1053 1889 Tertia
1065 1867 1164 1902 pars.

363 1924 478 1958 Varia
492 1925 676 1958 momenta
691 1923 825 1970 quibus
845 1925 1070 1959 audientium
1093 1925 1203 1960 animi
1228 1926 1275 1960 ad
1298 1926 1433 1961 bellum
1455 1926 1623 1971 gnaviter
1643 1937 1775 1971 geren-

321 1987 411 2021 dum
428 1987 633 2021 incitentur.

368 2053 414 2084 1⁰.
439 2050 704 2083 Demosthenes
727 2049 883 2083 instituit
908 2051 1215 2095 comparationem
1234 2052 1327 2084 inter
1342 2051 1434 2085 festa
1453 2053 1490 2084 et
1513 2051 1617 2085 ludos
1637 2062 1679 2085 ac
1699 2052 1777 2087 bel·

322 2114 408 2152 lum,
426 2114 466 2145 ut
482 2115 604 2156 pateat
624 2123 697 2156 quo
719 2113 849 2154 studio,
873 2113 1011 2156 ordine,
1027 2115 1064 2146 et
1080 2115 1180 2146 certo
1204 2112 1375 2156 temporis
1391 2115 1525 2157 puncto
1546 2114 1606 2157 illa
1623 2116 1777 2150 admini-

322 2177 488 2215 strentur,
506 2175 592 2208 dum
609 2175 706 2208 nulla
719 2176 878 2219 suppetit
895 2175 978 2208 belli
996 2175 1144 2218 gerendi
1161 2175 1359 2218 diligentia,
1377 2176 1496 2208 nullus
1518 2177 1615 2218 ordo,
1632 2179 1775 2213 nullum

323 2241 465 2281 tempus
487 2240 676 2278 servatum,
694 2248 734 2270 ac
751 2237 901 2281 proinde
918 2248 1042 2271 omncs
1060 2237 1273 2271 amittuntur
1297 2237 1519 2272 occasiones.
1573 2238 1673 2273 Hinc
1690 2240 1778 2274 Ma-

326 2298 488 2334 eedoniae
505 2310 567 2332 rex
582 2298 766 2333 civitatem
783 2310 826 2333 eo
842 2310 958 2344 usque
975 2300 1186 2342 contemnit,
1208 2302 1249 2334 ut
1264 2300 1436 2345 superbas
1452 2301 1599 2335 omnino
1616 2302 1662 2336 ad
1676 2303 1775 2337 illam

325 2361 457 2395 scribat
472 2361 649 2405 epistolaS‚
665 2373 753 2406 quas
768 2363 971 2397 recitandas
989 2363 1134 2407 publice
1151 2366 1252 2397 curat
1268 2366 1393 2397 orator.

370 2426 421 2457 2¹¹.
448 2423 529 2457 Suis
546 2424 683 2458 civibus
703 2425 831 2460 incutit
848 2428 1024 2470 pudorem
1049 2429 1125 2460 tum
1148 2438 1211 2471 per
1232 2426 1338 2460 hasce
1355 2427 1536 2471 epistolas,
1554 2429 1631 2462 tum
1656 2429 1775 2464 confe-

326 2486 438 2520 rendo
455 2486 577 2520 horum
596 2487 794 2521 socordiam
813 2500 895 2522 cum
910 2490 1054 2524 rudium
1071 2489 1284 2524 athletarum
1301 2489 1491 2534 imperitia.
1531 2491 1643 2525 Hune
1655 2492 1776 2526 locum

329 2548 444 2592 lepide
461 2548 566 2581 simul
584 2552 619 2582 et
636 2550 787 2592 graviter
802 2553 943 2585 tractat.

375 2614 424 2643 3⁰.
452 2610 550 2644 Dicit
572 2612 719 2645 deorum
738 2624 823 2646 cura
846 2616 882 2647 ct
902 2614 1052 2649 consilio
1069 2615 1205 2648 sactum
1223 2617 1264 2648 ut
1287 2625 1378 2649 nova
1402 2626 1544 2660 semper
1568 2617 1605 2650 in
1629 2617 1705 2650 dies
1723 2617 1779 2651 in-

331 2676 453 2714 coepta
468 2673 632 2716 ‹lt-signet
649 2674 846 2719 Philippus,
862 2687 933 2720 quo
950 2677 1118 2711 nimirum
1131 2677 1370 2712 Athenienses
1388 2689 1407 2712 e
1429 2680 1523 2724 turpi
1545 2680 1692 2713 tandem
1715 2691 1780 2716 vc-

333 2737 431 2767 terno
449 2739 643 2778 emergant.

378 2799 427 2830 4⁰.
455 2797 594 2832 Civium
618 2800 818 2844 segnitiem,
837 2802 1014 2839 sociorum
1037 2806 1186 2847 metum,
1215 2803 1370 2840 hostium
1394 2804 1690 2851 dcspieationem,
1715 2805 1780 2841 du-
