1923 3149
470 213 542 253 DE
570 213 718 253 MALE
749 212 921 252 GESTA
951 211 1279 251 LEGATIONE.
1525 213 1604 252 269

149 330 319 364 nervam,
340 318 390 357 ad
407 317 580 358 dextram
597 318 712 357 situm
727 325 802 367 est,
824 329 939 368 quam
959 316 998 353 in
1015 316 1185 354 victoriae
1211 315 1433 354 memoriam
1459 315 1605 354 Barba-

149 379 214 420 rici
233 380 338 426 belli,
365 381 459 419 data
484 382 652 432 pecunia
676 380 743 418 illa
768 393 792 418 a
817 378 980 424 Graecis,
1008 378 1227 428 respublica
1254 378 1500 415 consecravit.
1547 379 1607 415 Ac

149 447 230 479 tum
251 442 406 492 quidem
427 442 521 480 tanti
542 441 834 493 fiebatjustitia,
858 446 1044 489 tantoque
1065 438 1194 493 studio
1226 445 1357 476 sontes
1383 438 1609 489 plecteban-

151 510 225 546 tur,
252 511 295 540 ut
316 504 451 542 eadem
472 505 582 541 statio
602 510 641 541 et
669 503 751 541 deae
777 501 946 553 praemio,
977 507 1016 538 et
1043 500 1177 538 talium
1207 499 1395 537 scelerum
1422 500 1611 550 supplicio

151 564 401 602 tribueretur:
433 578 536 602 nunc
558 571 685 602 autem
706 563 819 608 risus,
848 561 1069 611 impunitas,
1090 561 1275 606 dedecus,
1297 560 1369 597 nisi
1389 572 1456 598 vos
1475 561 1609 599 immoÎ‡

152 624 279 663 dicam
298 625 411 663 istam
426 625 622 662 licentiam
641 637 745 661 nunc
764 622 988 673 reprimetis.

208 689 270 724 77.
302 686 489 724 Existimo
509 692 636 723 autem
652 691 757 722 recte
777 697 844 722 vos
863 697 947 722 esse
967 684 1152 729 facturos,
1168 682 1292 721 sinon
1306 695 1385 719 una
1402 687 1554 719 tantum
1573 683 1613 720 iu

153 761 191 785 re
211 747 387 798 majores,
403 746 472 785 sed
492 759 539 784 ex
555 760 668 797 oequo
688 746 728 783 in
748 745 925 782 omnibus
947 758 993 783 ea
1011 744 1222 789 imitemini,
1244 756 1333 795 quae
1352 742 1408 780 illi
1425 742 1613 781 fecerunt.

155 808 215 846 Illi
243 808 370 859 igitur,
397 808 503 859 quod
535 821 601 846 vos
632 820 767 846 omnes
799 806 993 845 audivisse
1019 812 1259 856 compertum
1285 804 1425 851 habeo,
1449 805 1616 844 Calliam

155 869 363 921 Hipponici
381 870 423 907 F.
445 870 510 921 qui
528 870 680 921 legatus
700 869 934 908 celebratam
954 868 1057 905 illam
1078 879 1216 917 pacem
1235 866 1341 913 fecit,
1359 872 1406 904 ut
1422 879 1496 904 nec
1514 866 1617 905 intra

153 931 335 982 spatium,
353 938 540 982 quantum
561 945 677 970 cursu
695 931 785 983 equi
803 943 881 968 uno
912 929 975 968 die
996 928 1134 968 confici
1153 934 1299 978 posset,
1322 941 1389 965 rex
1409 927 1616 966 Persarum

155 1005 244 1030 cum
276 993 445 1031 exercitu
465 993 514 1032 ad
533 1006 638 1031 mare
658 992 927 1039 descenderet,
947 1004 1019 1029 nec
1039 990 1088 1029 ad
1109 989 1358 1028 Chelidonias
1378 996 1418 1027 et
1437 990 1616 1042 Cyaneas

154 1053 274 1105 longa
295 1067 391 1093 nave
422 1055 636 1102 accederet,
670 1055 775 1106 quod
808 1054 848 1091 in
877 1053 1068 1104 legatione
1096 1065 1257 1090 munera
1282 1050 1480 1102 accepisse
1510 1050 1617 1089 visus

155 1114 238 1161 fuit,
258 1128 393 1167 parum
413 1116 537 1155 abfuit
553 1117 645 1167 quin
665 1116 913 1160 occidissent,
935 1115 973 1152 in
992 1113 1202 1152 referendis
1222 1118 1326 1152 certe
1346 1112 1558 1151 rationibus
1579 1125 1617 1152 L.

156 1177 302 1215 talenta
322 1179 369 1215 ab
387 1190 433 1216 eo
453 1169 679 1229 exegerunt.
726 1178 846 1228 Atqui
865 1176 1096 1228 pulcriorem
1122 1189 1169 1214 ea
1196 1188 1332 1227 pacem
1359 1188 1486 1226 neque
1517 1180 1620 1226 post,

157 1251 283 1288 neque
302 1239 406 1289 prius
433 1239 552 1277 ullam
580 1253 602 1277 a
627 1239 780 1277 civitate
807 1246 940 1277 nostra
967 1251 1053 1276 esse
1081 1237 1238 1283 factam,
1268 1237 1473 1287 quisquam
1503 1236 1620 1274 dicet.

158 1299 300 1337 Verum
321 1313 397 1338 non
418 1300 514 1338 illud
535 1301 778 1352 spectabant.
810 1301 855 1338 Id
876 1301 977 1339 enim
1001 1312 1082 1337 suae
1102 1298 1232 1337 virtuti
1252 1306 1290 1336 et
1307 1298 1528 1349 reipublicae
1551 1310 1620 1335 au-

159 1360 327 1399 ctoritati
361 1368 562 1412 acceptum
588 1362 830 1400 referebant:
858 1375 906 1399 an
935 1374 1025 1399 vero
1044 1361 1164 1411 gratis
1188 1359 1312 1406 fieret,
1337 1372 1474 1406 necne,
1502 1359 1622 1410 legati

156 1421 323 1472 ingenio.
361 1423 422 1461 Ab
443 1437 489 1462 eo
509 1424 609 1461 enim
635 1423 700 1475 qui
720 1423 770 1462 ad
789 1423 1067 1474 rempublicam
1087 1429 1194 1460 esset
1211 1434 1453 1466 accessurus,
1473 1433 1622 1458 morum

158 1485 414 1536 integritatem
435 1494 473 1524 et
495 1487 763 1525 abstinentiam
784 1486 1028 1537 flagitabant.
1060 1486 1122 1523 Illi
1142 1486 1258 1536 igitur
1276 1485 1330 1522 ita
1349 1484 1521 1522 inimicas
1550 1482 1622 1520 du-

158 1547 298 1584 cebant
314 1547 547 1598 largitioneS,
566 1555 606 1587 et
631 1548 853 1600 reipublicae
872 1549 1122 1598 perniciosas,
1144 1555 1189 1585 ut
1208 1560 1280 1585 nee
1300 1547 1337 1584 in
1359 1546 1509 1584 actione
1529 1546 1624 1593 ulla,

160 1619 230 1645 nec
257 1608 337 1646 viro
357 1609 485 1648 locum
505 1610 647 1648 habere
668 1617 919 1661 paterentur:
951 1610 1022 1647 sed
1046 1622 1130 1655 vos,
1157 1608 1428 1654 Athenienses,
1461 1619 1550 1646 cum
1569 1607 1623 1646 vi-

161 1668 292 1708 deritis
319 1671 485 1709 eandem
514 1684 649 1721 pacem
680 1678 719 1709 et
744 1671 884 1709 moenia
910 1677 1125 1709 vestrorum
1152 1670 1346 1708 sociorum
1374 1669 1554 1715 diruisse,
1586 1675 1626 1708 et

161 1729 376 1781 legatorum
396 1733 501 1771 aedes
521 1734 770 1778 exstruxisse,
791 1739 831 1771 et
848 1733 1068 1784 reipublicae
1089 1745 1180 1770 suas
1206 1744 1299 1783 opes
1324 1731 1524 1782 eripuisse,
1542 1731 1626 1770 istis

164 1799 293 1831 autem
313 1807 359 1833 ea
381 1809 467 1845 quae
487 1809 558 1834 nec
575 1809 643 1847 per
664 1796 855 1834 somnium
876 1808 1047 1846 unquam
1075 1800 1287 1846 sperarant,
1304 1793 1529 1840 contulisse,
1548 1806 1628 1831 non

162 1853 235 1904 ipsi
265 1869 331 1894 eos
358 1857 568 1903 occidistis,
599 1857 667 1895 sed
694 1863 919 1895 accusatore
950 1856 1147 1907 indigetis,
1178 1863 1218 1894 et
1242 1855 1367 1893 verbis
1402 1855 1627 1906 disceptatis

163 1927 321 1955 causam
348 1931 492 1965 eorum,
513 1932 675 1969 quorum
701 1919 857 1968 injurias
876 1932 916 1957 re
940 1919 1025 1969 ipsa
1049 1930 1183 1955 omnes
1202 1917 1348 1954 vident.
1382 1915 1520 1966 Neque
1537 1929 1629 1954 vero

164 1983 297 2016 vetera
314 1979 503 2019 duntaxat
522 1980 651 2019 referri
678 1987 857 2032 possunt,
878 1986 916 2018 et
934 1993 1004 2031 per
1018 1979 1196 2030 exempla
1212 1991 1283 2015 vos
1302 1977 1350 2015 ad
1364 1977 1548 2015 ultionem
1570 1978 1627 2016 in-

165 2038 288 2085 citari,
306 2042 375 2080 sed
395 2049 524 2080 vestra
549 2049 678 2089 aetate,
701 2043 765 2094 qui
785 2042 915 2080 adhuc
941 2041 1080 2087 vivitis,
1105 2039 1215 2077 multi
1242 2052 1381 2090 poenas
1413 2038 1628 2077 dederunt:

167 2112 329 2150 quorum
338 2116 412 2153 ego
425 2103 518 2142 alios
528 2105 746 2155 praeteribo,
756 2117 888 2142 eorum
901 2110 1044 2149 autem,
1052 2103 1118 2152 qui
1131 2109 1288 2154 propter
1299 2100 1546 2152 legationem,
1555 2101 1629 2139 hac

169 2162 292 2202 multo
306 2164 431 2202 minus
447 2172 652 2203 nocentem
670 2166 910 2217 reipublicae,
928 2165 1054 2216 capite
1071 2163 1247 2201 mulctati
1267 2169 1372 2209 sunt,
1384 2163 1498 2200 unius
1511 2169 1628 2213 atque

171 2223 328 2264 alterius
355 2226 589 2265 mentionem
614 2227 768 2266 faciam.
804 2228 888 2278 Age
911 2238 1008 2277 cape
1026 2225 1101 2264 hoc
1121 2224 1335 2270 decretum,
1355 2230 1394 2262 et
1411 2225 1544 2262 recita.

733 2378 1057 2418 DECRETUM.

173 2470 232 2508 Ex
249 2471 324 2511 hoc
345 2473 515 2521 decreto,
537 2474 816 2521 Athenienses,
832 2474 980 2525 legatos
995 2473 1082 2512 illos
1095 2473 1230 2525 capitis
1242 2485 1311 2511 vos
1327 2472 1631 2522 condemnastis,

172 2545 335 2582 quorum
353 2547 454 2573 unus
472 2535 547 2574 fuit
575 2536 792 2587 EpicrateS,
809 2534 939 2581 homo,
964 2542 1010 2574 ut
1027 2548 1101 2587 ego
1120 2549 1141 2574 e
1160 2542 1251 2573 natu
1273 2535 1482 2586 majoribus
1503 2536 1632 2583 audio,

170 2592 285 2644 frugi,
308 2601 347 2633 et
360 2596 524 2635 multum
538 2597 641 2635 utilis
656 2597 891 2649 reipublicae,
909 2604 952 2635 et
966 2611 1013 2636 ex
1028 2610 1162 2636 eorum
1176 2609 1352 2641 numero,
1367 2597 1431 2647 qui
1444 2598 1632 2648 populum

171 2667 194 2692 e
214 2653 362 2695 Piraeeo
381 2657 629 2706 reduxerunt,
641 2666 681 2697 et
693 2659 837 2710 alioqui
851 2659 1062 2711 popularis.
1092 2659 1170 2697 Sed
1189 2665 1321 2697 tamen
1333 2658 1428 2695 nihil
1448 2659 1482 2696 ei
1495 2658 1632 2696 horum

172 2718 328 2768 profuit.
369 2719 525 2758 Merito.
563 2721 699 2772 Neque
719 2722 821 2760 enim
837 2735 888 2760 ex
907 2721 1069 2760 semisse
1086 2721 1233 2759 bonurn
1250 2725 1403 2771 oportet
1421 2732 1509 2756 esse
1529 2732 1632 2771 eum,

172 2779 240 2829 qui
259 2787 369 2819 tanta
393 2782 554 2832 negotia
583 2783 757 2835 suscipit,
784 2797 857 2822 nec
881 2783 916 2822 si
934 2783 1032 2822 fides
1062 2782 1097 2821 ei
1120 2783 1358 2834 adjungatur
1388 2793 1411 2817 a
1434 2781 1558 2826 vobis,
1586 2793 1634 2819 ea

174 2844 283 2884 abuti
302 2844 352 2881 ad
378 2844 567 2895 majorum
583 2845 773 2883 scelerum
792 2845 1010 2890 licentiam3
1041 2844 1109 2884 sed
1136 2845 1252 2896 plane
1266 2855 1334 2881 vos
1361 2841 1470 2880 nulla
1496 2842 1636 2894 injuria

175 2907 224 2946 de
243 2906 435 2945 industria
453 2905 620 2944 afficere.

197 3008 200 3009 Î³
232 2969 296 3006 78.
309 3022 312 3023 â·
327 2966 367 3006 Si
394 2967 487 3017 quid
506 2966 622 3018 igitur
649 2979 782 3008 'eorum
802 2967 865 3008 isti
892 2982 970 3008 non
991 2972 1275 3020 perpetrarunt,
1296 2972 1452 3017 propter
1472 2979 1561 3017 quae
1577 2967 1636 3006 illi
