1923 3149
767 138 839 176 DE
868 137 1115 177 CORONA.
1574 137 1646 174 169

197 239 280 270 illum
296 244 326 270 et
342 240 487 279 populum
505 241 718 271 Atheniensem
736 246 952 277 convenerunt,
968 241 1074 271 eodem
1092 240 1302 281 etiamfoedere
1318 239 1548 280 comprehensis
1564 245 1647 270 utro-

197 301 322 330 rumque
347 291 453 321 sociis.
483 292 591 331 Legati
617 291 728 321 delecti
760 297 828 321 sunt
854 293 991 321 Eubulus
1014 291 1244 331 Anaplilystius,
1268 292 1430 322 AEschines
1454 292 1604 323 Auometi
1628 292 1648 322 s.

197 341 394 377 Cothocides,
412 343 628 383 Cepliisoplion
647 340 863 377 Rhamnusius,
887 343 1085 371 Democrates
1103 341 1274 380 l'lilyensis‚
1291 344 1384 372 Cleon
1402 343 1597 372 Coihocides.

255 471 315 507 10.
348 471 445 508 Haec
465 483 553 509 cum
568 483 640 520 ego
661 476 742 507 tum
762 468 1032 515 demevissem‚
1053 469 1272 521 reipublicae
1292 482 1368 507 non
1390 469 1554 520 Philippi
1574 471 1646 508 uti-

196 531 341 569 litatem
362 538 558 582 spectans,
577 543 709 581 parum
731 530 866 569 soliciti
885 530 974 568 boni
993 530 1053 568 isti
1074 530 1191 581 legati
1211 537 1288 569 tres
1309 538 1410 569 totos
1441 544 1590 568 menses
1610 532 1647 567 in

198 593 432 631 Macedonia
447 591 718 639 consederunt,
739 605 860 642 usque
875 605 920 630 eo
933 592 1025 629 dum
1046 592 1246 644 Philippus
1266 607 1285 631 e
1307 592 1474 630 Thracia
1488 592 1648 636 veniret,

196 655 373 692 omnibus
386 654 463 692 illic
478 655 591 691 rebus
607 654 762 700 eversis,
780 667 867 692 cum
884 653 1020 691 decem
1040 653 1188 700 diebus,
1208 655 1268 693 vel
1289 655 1415 692 triduo
1434 655 1561 705 potius
1582 660 1649 690 aut

195 716 401 766 quatriduo
434 715 565 753 liceret
593 717 631 754 in
662 716 958 768 Hellespontum
988 716 1181 766 pervenire
1215 724 1254 754 et
1279 717 1365 754 loca
1390 716 1455 753 illa
1483 727 1647 760 servare,

188 777 439 828 jurejurando
458 778 562 828 prius
578 784 714 816 exacto
730 791 846 829 quam
863 779 909 816 ab
924 777 989 815 illo
1008 785 1330 829 expugnarentur.
1360 778 1452 816 Non
1472 777 1571 815 enim
1589 783 1646 815 at-

193 838 346 889 tigisset
359 852 405 877 ea
423 839 534 876 nobis
553 840 823 890 praesentibus,
840 839 1182 888 autJusjurandum
1205 841 1252 878 ab
1268 853 1312 877 eo
1334 853 1410 877 non
1431 839 1647 890 accepisse·

194 913 293 947 mus,
314 902 368 939 ita
388 914 483 952 pace
504 908 605 939 certe
626 901 836 939 decidisset
850 915 922 939 nec
939 908 1098 952 utraque
1119 902 1231 940 simul
1247 902 1445 946 tenuisset,
1461 907 1498 938 et
1512 913 1648 951 pacem

195 969 234 1000 et
253 963 350 1001 loca.
393 963 544 1001 Primus
564 963 677 1014 igitur
698 963 736 1000 in
754 963 825 1001 hac
854 963 1045 1013 legatione
1066 963 1231 1014 Philippi
1258 962 1412 1014 quidem
1433 962 1560 1007 dolus,
1580 960 1648 998 ho-

193 1024 336 1062 minum
365 1038 455 1062 vero
476 1025 636 1063 istorum
656 1025 882 1077 injustorum
910 1032 949 1062 et
969 1025 1040 1062 diis
1060 1025 1267 1063 invisorum
1291 1031 1482 1062 mercatus
1508 1023 1648 1074 impro-

195 1087 267 1124 bus
283 1086 369 1124 talis
389 1087 544 1132 exstitit,
565 1093 719 1138 propter
734 1100 847 1137 quem
865 1093 904 1124 et
920 1086 984 1124 illo
1001 1094 1171 1138 tempore
1191 1095 1229 1125 et
1243 1099 1345 1124 nunc
1359 1093 1398 1124 et
1412 1085 1450 1122 in
1465 1091 1650 1123 aeternum

194 1148 374 1198 profiteor
392 1161 453 1185 me
473 1161 560 1186 cum
579 1148 660 1185 istis
681 1161 854 1198 pugnare
874 1155 912 1185 et
930 1148 1143 1186 inimicitias
1161 1161 1305 1199 gerere.

251 1210 311 1245 11.
340 1209 429 1246 Jam
459 1209 562 1246 aliud
583 1209 712 1246 statim
733 1210 847 1260 longe
874 1209 939 1247 illo
960 1211 1115 1260 gravius
1137 1210 1322 1260 flagitium
1344 1207 1648 1246 animadvertite.

193 1270 453 1322 Posteaquam
467 1271 718 1322 jurejurando
747 1284 884 1322 pacem
902 1271 1067 1309 firmavit
1094 1271 1308 1322 Philippus,
1337 1277 1528 1321 occupata
1546 1269 1649 1319 prius

192 1333 356 1371 Thracia
386 1333 547 1371 istorum
567 1333 681 1384 culpa
701 1333 765 1383 qui
785 1333 940 1371 decreto
959 1346 1044 1371 meo
1070 1345 1147 1371 non
1175 1334 1404 1383 paruissent,
1424 1343 1572 1367 rursum
1601 1329 1649 1366 ab

192 1395 237 1432 iis
257 1396 379 1445 pretio
404 1402 611 1440 mercatur,
632 1402 675 1431 ut
693 1409 741 1431 ne
763 1395 995 1432 decederent
1014 1409 1058 1432 ex
1081 1395 1327 1440 Macedonia,
1349 1394 1473 1431 donec
1499 1406 1543 1429 ea
1563 1405 1650 1442 quae

193 1457 244 1494 ad
269 1455 555 1507 expeditionem
576 1456 816 1506 pertinebant
833 1463 967 1494 contra
985 1456 1206 1494 Phocenses
1237 1461 1435 1504 susceptam
1463 1455 1652 1492 instructa

194 1517 407 1563 habuisset,
422 1530 484 1563 ne,
501 1517 532 1554 si
547 1517 655 1554 vobis
675 1516 736 1554 isti
756 1517 1040 1555 renuntiassent
1057 1530 1144 1555 eum
1164 1530 1297 1567 parare
1315 1530 1355 1555 se
1377 1523 1416 1554 et
1429 1516 1533 1553 brevi
1552 1523 1649 1553 tem-

194 1592 286 1630 pore
306 1578 580 1629 profecturum,
610 1578 762 1616 exiretis
780 1579 848 1628 ipsi
869 1578 1189 1628 circumactisque
1219 1577 1433 1615 triremibus
1454 1576 1503 1614 ad
1533 1576 1649 1627 Pylas

193 1643 418 1694 navigantes
438 1642 667 1682 Porthmum
687 1642 722 1679 ei
733 1642 1058 1693 quemadmodum
1074 1649 1187 1679 antea
1201 1641 1507 1685 intercluderitis,
1525 1641 1594 1678 sed
1608 1647 1651 1677 ut

193 1705 305 1743 simul
336 1705 419 1742 haec
441 1704 746 1742 renuntiantibus
767 1705 850 1742 istis
870 1717 936 1742 vos
965 1703 1160 1749 audiretis,
1193 1703 1305 1740 simul
1325 1703 1387 1740 ille
1408 1702 1506 1740 intra
1533 1702 1648 1753 Pylas

192 1767 388 1817 ingressus
404 1772 520 1811 esset,
533 1766 786 1816 vosque'nihil
807 1767 1011 1816 quicquam
1031 1778 1143 1815 agere
1162 1764 1340 1815 possetis.
1373 1764 1501 1801 Tanto
1521 1772 1648 1801 autem

193 1829 233 1866 in
253 1828 385 1866 timore
413 1834 494 1865 erat
515 1834 670 1878 tamque
691 1828 936 1865 vehementer
955 1827 1147 1864 aestuabat
1166 1825 1381 1876 Philippus,
1411 1838 1473 1870 ne,
1500 1825 1649 1862 etiamsi

192 1891 277 1928 haec
304 1895 628 1941 praeoccupasset,
658 1903 724 1927 vos
753 1897 960 1941 antequam
988 1888 1208 1926 Phocenses
1239 1886 1441 1938 periissent
1460 1886 1592 1923 audita
1609 1899 1649 1923 re

192 1952 423 1990 mittendum
442 1952 488 1989 iis
513 1952 695 1989 auxilium
721 1951 976 1990 decerneretis
1000 1958 1115 1999 atque
1133 1950 1187 1987 ita
1212 1962 1273 1986 res
1303 1948 1374 1985 sibi
1402 1946 1449 1984 de
1471 1946 1648 1984 manibus

193 2014 449 2060 elaberentur,
462 2021 504 2051 ut
518 2014 655 2052 iterum
679 2015 976 2066 impurissimum
999 2013 1103 2050 hunc
1125 2011 1320 2056 conducit,
1339 2023 1416 2047 non
1435 2012 1516 2057 jam
1546 2022 1649 2046 corn-

194 2076 358 2114 muniter
385 2089 473 2114 cum
506 2076 655 2113 caeteris
687 2077 823 2127 legatis
857 2076 924 2114 sed
949 2076 1075 2127 ipsum
1105 2073 1324 2124 separatim,
1357 2084 1433 2122 quo
1464 2083 1511 2108 ea
1542 2070 1648 2108 vobis

194 2137 338 2177 diceret
358 2151 402 2176 ac
422 2138 669 2185 renuntiaret,
685 2152 750 2189 per
768 2153 854 2189 quae
869 2139 996 2176 omnia
1015 2137 1328 2188 perierunt.———-

250 2201 311 2237 12.
342 2199 421 2236 Oro
454 2204 583 2236 autem
603 2212 684 2244 vos,
707 2199 981 2243 Athenienses,
1007 2204 1123 2247 atque
1152 2197 1336 2241 obtestor,
1367 2201 1409 2232 ut
1435 2207 1502 2245 per
1523 2201 1648 2232 totum

192 2261 266 2299 hoc
280 2259 469 2312 judicium
490 2259 748 2307 memineritis,
765 2261 795 2298 si
810 2261 903 2298 nihil
918 2259 1116 2297 AEschines
1132 2263 1241 2295 extra
1254 2269 1411 2294 causam
1427 2256 1648 2294 criminatus

195 2329 313 2369 esset,
332 2336 392 2359 me
420 2334 572 2372 quoque
598 2323 741 2359 nullum
769 2324 812 2359 ab
841 2323 905 2359 hac
930 2322 1095 2359 alienum
1121 2320 1279 2357 verbum
1306 2318 1424 2356 fuisse
1443 2318 1646 2363 facturum,

196 2384 265 2422 sed
284 2396 372 2422 cum
391 2384 464 2421 iste
483 2384 611 2421 omnia
631 2384 790 2421 crimina
809 2391 847 2421 et
868 2383 1074 2420 maledicta
1091 2380 1338 2424 coacervarit,
1366 2391 1525 2418 necesse
1554 2392 1647 2429 quo-

197 2458 271 2496 que
284 2445 445 2482 mihiest
457 2451 500 2482 ut
514 2445 563 2482 ad
577 2445 751 2496 singulas
765 2445 1049 2484 criminationes
1064 2456 1188 2495 pauca
1203 2441 1648 2493 respondeam.—-Quae-

195 2519 285 2544 nam
311 2505 427 2556 igitur
444 2505 542 2544 illius
561 2508 678 2544 verba
695 2514 775 2544 tum
794 2507 947 2544 fuerunt
974 2519 1041 2556 per
1060 2518 1145 2554 quae
1164 2503 1358 2554 perierunt
1377 2501 1529 2540 omnia?
1560 2501 1648 2538 Non

196 2581 281 2606 esse
319 2566 644 2614 tumultuandum,
672 2575 873 2619 propterea
907 2568 1011 2619 quod
1040 2566 1240 2617 Philippus
1269 2570 1376 2602 esset
1403 2564 1504 2601 intra
1533 2562 1648 2613 Pylas

193 2640 446 2680 progressus:
476 2630 602 2667 omnia
635 2630 736 2668 enim
765 2630 871 2667 vobis
900 2643 949 2667 ex
983 2627 1099 2667 animi
1125 2626 1315 2665 sententia
1342 2636 1586 2677 processura,
1618 2623 1649 2660 si

196 2689 311 2728 modo
340 2689 558 2741 quiescatis,
589 2696 704 2740 atque
737 2691 838 2728 intra
864 2690 1024 2728 biduum
1043 2703 1111 2727 vos
1140 2695 1207 2726 aut
1234 2687 1402 2726 triduum
1432 2685 1646 2733 audituros,

195 2766 355 2804 quorum
376 2752 499 2790 hostis
520 2752 703 2797 venisset,
725 2753 769 2791 iis
795 2754 973 2800 amicum,
993 2760 1139 2798 contra,
1159 2752 1296 2802 quibus
1328 2750 1486 2791 amicus,
1506 2747 1550 2784 iis
1576 2747 1647 2784 ho-

197 2822 295 2854 stem
313 2828 400 2854 esse
425 2816 582 2853 factum.
629 2815 768 2865 Neque
795 2816 895 2853 enim
916 2816 1040 2854 verbis
1059 2814 1187 2852 aiebat
1211 2810 1395 2850 amicitias
1419 2808 1647 2854 confirmari,

199 2877 362 2927 graviter
379 2883 420 2916 et
438 2876 638 2928 magnifice
657 2876 924 2927 pronuntians,
945 2877 1014 2915 sed
1033 2875 1240 2914 utilitatum
1259 2869 1550 2910 communione:
1580 2881 1646 2906 ex·

913 2951 934 2974 z
