1923 3149
304 111 381 148 100
823 108 1137 148 PHILIPPICA
1168 108 1234 146 IV.

298 223 368 249 vos
383 210 518 248 animis
538 223 561 249 a
578 212 692 250 rebus
711 212 886 262 gerendis
910 211 1135 257 abhorretis,
1155 217 1192 249 et
1210 210 1396 260 tantisper
1414 210 1562 248 navatis
1581 219 1749 260 operam,

302 271 396 309 dum
414 270 557 310 sedetis
578 279 616 310 et
634 271 771 310 auditis
790 273 855 311 ubi
877 273 982 323 quod
998 273 1085 311 novi
1103 271 1319 309 nuntiatum
1335 271 1460 308 fuerit.
1515 269 1666 308 Deinde
1687 281 1751 306 ve-

299 339 422 372 strum
433 335 595 386 quisque
608 335 816 386 digressus,
836 349 913 373 non
928 336 1043 373 modo
1056 348 1133 372 non
1148 341 1257 372 curat
1273 347 1332 380 ea,
1345 333 1414 371 sed
1431 346 1502 371 nec
1514 332 1695 371 meminit.

354 396 393 433 2.
422 396 480 434 Ac
499 397 721 447 petulantiae
736 397 890 447 quidem
905 404 944 435 et
964 396 1144 442 avaritiae,
1163 408 1239 446 qua
1253 408 1345 446 erga
1357 395 1553 432 universos
1570 393 1750 432 mortales

301 455 502 509 Philippus
517 458 646 504 utitur,
667 465 774 496 tanta
792 458 1017 509 magnitudo
1037 464 1109 503 est,
1123 463 1304 508 quantam
1324 456 1478 494 auditis.
1510 456 1606 492 Eum
1624 463 1752 493 autern

301 530 380 556 non
395 531 509 569 posse
521 519 687 557 coerceri
707 520 834 557 verbis
844 527 882 557 et
897 519 1161 564 concionibus,
1175 531 1286 556 nemo
1303 525 1405 555 certe
1419 517 1590 568 ignorat3
1612 515 1753 554 etenim

303 579 372 617 sie
389 580 495 617 nulla
513 593 551 618 re
572 581 646 618 alia
665 580 704 617 id
724 580 871 618 discere
891 581 1012 631 possit
1039 580 1188 630 aliquis,
1204 579 1277 617 hoc
1299 579 1413 617 modo
1432 592 1504 616 rem
1525 576 1750 628 perpendat.

303 639 386 678 Nos
407 641 514 678 nullo
535 653 702 691 unquam
730 641 830 685 loco,
850 654 938 679 cum
963 642 1010 679 de
1031 642 1117 693 jure
1146 641 1418 691 disputandum
1445 640 1530 683 fuit,
1553 638 1657 682 victi,
1680 650 1751 675 nec

301 700 477 752 injuriam
498 702 637 740 fecisse
657 702 724 739 visi
745 714 891 747 sumus,
913 703 983 740 sed
1003 715 1136 740 omnes
1158 703 1298 753 ubique
1319 714 1555 752 superamus,
1576 706 1616 737 et
1634 698 1752 737 vinci-

300 774 387 801 mus
406 763 602 802 oratione:
633 763 807 814 nunquid
833 764 950 814 igitur
975 772 1178 815 propterea
1204 764 1255 801 illi
1278 777 1335 801 res
1356 764 1528 800 adversae
1555 769 1658 806 sunt,
1684 767 1754 798 aut

300 824 522 876 reipublicae
541 824 762 876 prosperae?
793 825 963 863 Multum
984 834 1086 864 certe
1107 827 1236 864 abest:
1268 838 1353 862 011111
1378 824 1479 861 enim
1507 823 1570 860 ille
1595 821 1754 873 sumptis

300 893 390 938 post
409 888 524 925 armis
552 888 808 938 progreditur,
835 901 968 926 omnes
988 889 1162 926 fortunas
1191 888 1365 925 alacriter
1394 887 1430 924 in
1459 885 1664 923 discrimen
1685 885 1753 922 ad-

302 948 476 987 ducens:
505 961 575 986 nos
596 962 686 986 vero
707 949 898 995 sedemus,
920 956 1124 1000 postquam
1144 949 1205 986 alii
1233 961 1347 998 sequa
1367 948 1545 992 diximus,
1564 946 1626 983 alii
1645 945 1755 983 audi-

300 1008 439 1055 vimus,
457 1010 514 1056 fit,
543 1011 598 1047 uti
623 1023 691 1060 par
718 1017 778 1047 est
804 1016 912 1060 puto,
936 1016 980 1047 ut
997 1010 1109 1047 factis
1134 1010 1253 1047 verba
1277 1015 1526 1059 superentur3
1558 1013 1596 1045 et
1622 1019 1754 1044 omnes

301 1076 491 1120 spectent,
507 1083 584 1108 non
600 1084 675 1121 qua
690 1083 759 1108 nos
775 1070 956 1121 aequitate
967 1070 1028 1108 vel
1041 1070 1130 1108 olim
1147 1070 1364 1114 dixerimus,
1381 1069 1440 1107 vel
1455 1081 1555 1106 nunc
1569 1068 1756 1113 dicamus,

301 1131 372 1169 sed
391 1131 485 1181 quid
504 1132 702 1170 faciamus.
747 1132 865 1183 Atqui
886 1132 1075 1183 ejusmodi
1095 1145 1141 1170 ea
1161 1138 1264 1176 sunt,
1285 1144 1370 1181 quae
1386 1130 1571 1168 neminem
1593 1136 1755 1180 possunt

301 1193 350 1231 ab
367 1192 504 1243 injuria
523 1193 738 1236 vindicare2
769 1206 894 1244 neque
914 1194 1013 1232 enim
1033 1194 1145 1244 plura
1163 1193 1211 1230 ‹le
1231 1192 1276 1230 iis
1297 1192 1372 1230 dici
1392 1204 1489 1242 opus
1509 1198 1582 1228 est.

355 1256 392 1292 3.
423 1253 590 1293 Proinde
611 1268 696 1293 curn
715 1255 753 1292 in
773 1255 927 1292 Groecz'oe
945 1255 1159 1294 civitatibus
1179 1256 1217 1292 in
1237 1254 1333 1291 duas
1354 1254 1471 1290 hasce
1491 1259 1620 1302 partes
1641 1250 1751 1289 divisi

302 1322 394 1354 sunt
412 1317 528 1361 cives,
548 1316 625 1363 alii,
639 1323 681 1354 ut
702 1330 826 1368 neque
845 1317 881 1355 vi
900 1317 938 1354 in
960 1330 1190 1368 quemquam
1211 1316 1407 1366 imperium
1427 1327 1605 1351 exercere
1622 1313 1753 1360 velint,

301 1391 428 1428 neque
449 1378 589 1416 servire
605 1378 798 1429 cuiquam,
819 1377 889 1415 sed
918 1378 956 1414 in
976 1377 1151 1415 libertate
1177 1384 1216 1414 et
1232 1376 1382 1427 legibus
1398 1388 1444 1412 ex
1469 1387 1582 1424 aequo
1602 1387 1754 1425 rempu-

299 1440 441 1478 blicam
464 1453 615 1491 gerere;
645 1440 720 1487 alii,
735 1446 779 1478 ut
792 1440 936 1477 civibus
954 1440 1137 1491 imperare
1157 1440 1327 1490 cupiant,
1347 1445 1384 1476 et
1398 1437 1505 1475 alteri
1524 1449 1671 1487 parere,
1686 1449 1755 1487 per

301 1514 583 1552 quemcumque
613 1501 652 1538 id
672 1515 713 1539 se
739 1506 1015 1538 consecuturos
1042 1501 1230 1551 putarint:
1261 1500 1285 1536 ii
1306 1499 1370 1549 qui
1398 1498 1497 1535 illius
1522 1505 1666 1534 sectam
1692 1511 1755 1534 se-

300 1569 486 1612 quuntur,
506 1563 646 1612 quique
664 1562 885 1614 tyrannides
907 1568 945 1599 et
964 1562 1198 1612 principatus
1214 1559 1505 1610 concupiscunt,
1524 1558 1667 1607 ubique
1687 1558 1755 1596 do-

300 1624 518 1666 minantur:
549 1629 590 1661 et
604 1624 695 1662 urbs
715 1624 753 1661 in
780 1637 857 1675 qua
883 1630 1106 1661 constanter
1130 1623 1278 1660 colatur
1303 1621 1459 1659 libertas
1482 1619 1630 1670 populi,
1649 1620 1754 1657 haud

301 1685 380 1723 scio
401 1698 451 1723 an
471 1685 551 1723 ulla
566 1685 615 1723 sit
629 1685 777 1735 reliqua
802 1698 849 1724 ex
864 1685 1055 1730 omnibus,
1079 1690 1205 1722 vestra
1223 1689 1411 1732 excepta:
1442 1686 1481 1717 et
1504 1687 1608 1724 sunt,
1629 1682 1692 1730 qui
1709 1681 1754 1718 il-

300 1746 371 1785 lius
383 1759 455 1797 ope
467 1753 638 1796 praesunt
651 1746 814 1796 oppidis,
838 1747 1015 1784 omnibus
1029 1746 1072 1783 iis
1085 1747 1196 1782 rebus
1212 1744 1348 1794 quibus
1365 1742 1521 1794 negotia
1543 1743 1753 1780 conficiun-

299 1814 359 1845 tur
371 1807 606 1858 superiores:
641 1820 801 1857 quorum
816 1807 910 1845 illud
927 1807 1087 1858 primum
1102 1806 1269 1843 omnium
1286 1812 1324 1842 et
1343 1806 1549 1843 maximum
1564 1811 1636 1849 est,
1649 1804 1753 1854 quod

299 1869 541 1920 praebitorem
572 1868 719 1906 habent
739 1869 788 1906 ad
819 1882 885 1907 eos
914 1868 1230 1919 corrumpendos,
1250 1867 1313 1917 qui
1345 1867 1551 1917 pecuniam
1579 1866 1754 1916 accipere

300 1930 455 1968 volunt:
486 1929 660 1974 alterum,
691 1930 729 1967 in
760 1943 836 1980 quo
864 1943 941 1968 non
969 1931 1094 1967 minus
1122 1929 1258 1966 virium
1286 1935 1358 1974 est,
1385 1929 1489 1978 quod
1518 1928 1591 1966 illis
1617 1927 1752 1979 copiae,

299 1993 439 2042 quibus
455 2004 583 2030 eorum
600 1991 806 2029 adversarii
826 1998 1055 2036 evertantur,
1077 2004 1307 2042 quocunque
1322 1997 1494 2040 tempore
1511 1990 1753 2040 postularint,

302 2061 444 2104 praesto
460 2060 561 2091 sunt.
606 2053 687 2091 Nos
706 2065 796 2090 vero
817 2067 894 2091 non
915 2054 973 2091 his
993 2053 1108 2090 modo
1127 2054 1238 2090 rebus
1256 2065 1386 2089 sumus
1408 2052 1618 2095 inferiores,
1634 2052 1754 2089 Athe·

304 2115 472 2160 nienses,
493 2115 560 2151 sed
584 2127 653 2151 nec
674 2114 920 2164 expergefieri
940 2127 1166 2165 possumus3
1197 2113 1413 2151 hominibus
1437 2114 1501 2163 qui
1522 2113 1754 2162 mandrago-

304 2190 383 2214 ram
405 2183 471 2213 aut
491 2176 647 2225 aliquod
667 2176 855 2223 ejusmodi
874 2176 1195 2213 medicamentum
1217 2175 1396 2212 biberunt
1415 2173 1556 2211 similes
1575 2186 1583 2210 ε
1614 2173 1753 2211 deinde

303 2244 564 2288 putoz——vera
581 2236 694 2282 enim,
714 2244 757 2274 ut
775 2237 1005 2288 egojudico,
1025 2236 1185 2274 fatenda
1199 2242 1410 2273 surm—eo
1434 2235 1563 2284 utique
1586 2242 1698 2284 pacto
1714 2235 1752 2272 in

302 2311 388 2336 eain
419 2298 649 2336 calumniam
679 2304 718 2335 et
748 2305 1014 2349 contemptum
1035 2298 1221 2342 venimus,
1249 2304 1293 2334 ut
1318 2296 1439 2346 quiin
1461 2296 1552 2346 ipsis
1572 2296 1752 2346 periculis

301 2366 517 2405 versantur,
534 2359 668 2409 partim
688 2359 736 2396 de
755 2358 972 2410 principatu
993 2359 1102 2396 nobis
1118 2357 1405 2396 contradicant:
1437 2357 1572 2407 partim
1593 2357 1640 2394 de
1661 2370 1751 2395 con-

303 2420 378 2458 cilii
408 2420 514 2458 loco:
545 2420 699 2470 quidam
727 2420 842 2457 ctiam
876 2421 945 2458 soli
979 2420 1119 2470 potiuS,
1151 2431 1266 2468 quam
1287 2418 1393 2455 vobis
1429 2418 1682 2468 adjutoribus,
1711 2432 1752 2457 se

303 2482 511 2520 defendere
538 2482 787 2520 decreverint.
845 2482 925 2520 Cur
952 2481 1066 2531 igitur
1092 2481 1176 2517 haee
1197 2479 1285 2517 dico
1311 2486 1348 2517 et
1374 2479 1584 2517 recenseo?
1615 2479 1753 2530 Neque

303 2545 405 2582 enim
425 2544 528 2589 mihi,
557 2544 695 2581 Jovem
716 2550 838 2581 testor
862 2545 1033 2593 deosque
1060 2555 1208 2587 omnes,
1229 2541 1359 2578 odium
1386 2554 1529 2591 quaero,
1561 2554 1692 2578 verum
1711 2548 1754 2580 ut

303 2606 566 2656 unusquisque
581 2610 762 2649 vestrum,
790 2605 1058 2648 Athenienses,
1086 2603 1160 2640 11οο
1180 2608 1391 2652 cognoscat
1410 2609 1448 2639 et
1463 2601 1606 2646 videat,
1625 2602 1752 2650 quoti·

304 2668 457 2706 dianam
479 2666 680 2717 segnitiem
695 2671 733 2702 ct
750 2665 978 2710 socordiam,
996 2671 1037 2701 ut
1057 2664 1092 2701 in
1109 2664 1256 2714 privata
1275 2663 1364 2706 vita,
1382 2662 1434 2700 sic
1455 2662 1569 2699 etiam
1589 2662 1626 2698 in
1647 2662 1751 2699 urbi-

302 2730 390 2775 bus,
417 2742 494 2766 non
515 2728 551 2765 in
573 2727 618 2765 iis
639 2726 799 2777 singulis
820 2739 905 2776 quae
923 2725 1167 2775 negliguntur
1187 2724 1314 2762 statim
1335 2723 1599 2767 animadverti,
1625 2723 1693 2760 scd
1713 2723 1751 2761 in

303 2803 453 2828 summa
471 2802 597 2828 rerum
612 2800 822 2826 occurrero.
881 2786 1026 2824 Videtis
1049 2786 1214 2823 Serrium
1231 2792 1269 2823 et
1288 2784 1517 2823 Doriscum:
1547 2783 1628 2821 hoee
1650 2785 1750 2822 enim

304 2851 465 2902 primum
486 2850 662 2901 neglecta
680 2856 769 2887 sunt
788 2856 876 2900 post
896 2861 1028 2899 pacem
1051 2847 1204 2891 factam,
1225 2860 1310 2897 quoe
1337 2845 1465 2884 multis
1486 2851 1651 2883 vestrum
1678 2859 1750 2884 nec
