1923 3149
264 134 340 171 208
823 138 894 176 DE
924 136 1165 177 CORONA.

265 234 301 271 in
323 247 381 281 eo,
398 235 501 285 quod
523 237 741 275 muneribus
755 239 944 290 corrumpi
963 238 1118 285 nollem,
1137 238 1308 289 superior
1322 238 1374 276 sui
1391 237 1580 289 Philippo.
1611 237 1710 275 Nam

263 302 306 333 ut
340 296 370 334 is
390 297 452 347 qui
474 298 565 336 emit
581 299 671 338 vicit
689 314 776 338 eum
798 302 862 352 qui
895 301 1057 352 pretium
1087 301 1250 352 accepit,
1272 301 1302 338 si
1330 300 1446 338 modo
1472 300 1616 345 emerit,
1646 299 1712 344 sic,

263 358 327 406 qui
364 371 434 395 nec
460 360 608 411 accepit
636 374 708 399 nec
741 368 945 412 corruptus
972 368 1045 408 est,
1066 361 1156 399 vicit
1174 368 1405 413 emptorem:
1435 374 1552 412 quare
1571 361 1713 398 invicta

261 417 396 455 civitas
414 425 471 456 est
489 421 616 470 quoad
636 433 707 458 me.

315 480 378 516 74.
409 481 507 522 Quae
526 482 639 532 igitur
658 494 729 532 ego
757 494 802 520 eo
821 483 977 529 contuli,
997 484 1138 533 utjure
1167 482 1258 520 talia
1285 483 1450 521 scribere
1482 489 1615 533 posset
1639 483 1711 519 iste

262 539 308 577 de
329 553 402 587 me,
423 549 562 591 praeter
582 542 656 579 alia
674 542 807 589 multa,
827 543 910 582 haec
931 551 969 581 et
987 544 1044 582 his
1064 544 1202 582 similia
1221 550 1332 581 sunt:
1363 557 1450 594 quae
1475 550 1604 581 autem
1629 556 1711 580 om-

260 600 372 638 nibus
392 609 484 639 nota
502 602 609 640 vobis
632 610 731 649 sunt,
745 606 825 652 jam
844 617 1045 656 exponam,
1078 605 1214 642 Statim
1234 611 1323 656 post
1343 617 1511 655 pugnam
1531 603 1713 655 populus,

259 663 322 712 qui
342 663 456 700 sciret
483 675 530 700 ac
549 663 710 717 vidisset
727 677 812 714 quae
831 678 904 716 ego
924 679 1117 716 gesseram
1138 667 1277 712 omnia,
1297 679 1384 703 cum
1413 679 1481 717 per
1499 666 1604 717 ipsos
1624 663 1711 701 illos

258 731 420 761 terrores
440 736 485 761 ac
504 724 723 762 discrimina
746 726 896 764 medius
923 726 1130 773 incederet,
1151 739 1226 778 quo
1251 733 1424 778 tempore
1446 739 1522 764 non
1543 731 1625 763 erat
1643 723 1712 761 mi-

260 786 422 823 randum
442 786 472 822 si
493 786 645 836 gravius
664 786 808 836 aliquid
829 787 867 824 in
887 800 947 825 me
968 795 1098 838 ageret
1116 788 1334 833 multitudo,
1359 789 1534 839 primum,
1555 799 1643 824 cum
1663 785 1712 823 de

258 846 382 884 salute
411 847 566 897 publica
594 847 826 894 consuleret,
861 849 1073 887 sententias
1101 862 1205 887 meas
1236 849 1500 893 confirmabat,
1526 855 1564 885 et
1584 846 1714 885 omnia

258 920 500 958 quaecunque
520 910 683 959 praesidii
702 921 820 947 causa
846 911 1076 961 agebantur,
1098 910 1303 949 custodum
1323 909 1553 953 distributio,
1582 908 1712 954 fossae,

258 970 436 1020 pecuniae*
452 971 490 1007 in
520 984 647 1009 muros
667 973 868 1021 erogandoe,
888 972 980 1009 meis
1002 972 1165 1010 decretis
1186 971 1353 1008 fiebant:
1383 970 1534 1015 deinde,
1555 981 1641 1007 cum
1661 968 1714 1005 rei

255 1029 514 1068 frumentariae
534 1040 748 1070 curatorem
770 1039 927 1079 crearet,
943 1045 1003 1070 me
1024 1046 1143 1070 unum
1164 1045 1212 1069 ex
1232 1032 1408 1069 omnibus
1429 1030 1573 1081 delegit
1591 1041 1714 1079 popu-

256 1090 329 1128 lus.
363 1091 414 1128 Et
433 1105 521 1128 cum
550 1101 683 1147 postea
702 1094 993 1144 conspirassent
1012 1094 1047 1140 ii,
1069 1094 1205 1144 quibus
1226 1100 1308 1131 erat
1329 1105 1431 1130 curae
1459 1098 1501 1129 ut
1518 1103 1577 1127 me
1596 1089 1713 1126 laede-

256 1158 353 1196 rent,
367 1158 405 1189 et
419 1153 589 1188 actiones
610 1154 657 1188 de
678 1155 840 1190 decretis
858 1155 1013 1198 illicitis,
1028 1155 1218 1191 rationum
1233 1153 1421 1198 examina,
1441 1149 1713 1203 perduellionis

250 1213 409 1262 judicia,
429 1219 569 1250 caetera
595 1211 863 1262 hujuscemodi
891 1214 1018 1249 omnia
1038 1214 1075 1249 in
1096 1225 1155 1250 me
1175 1213 1443 1257 intendissent,
1469 1225 1546 1249 non
1573 1224 1642 1262 per
1672 1223 1713 1248 se

256 1273 324 1323 ipsi
343 1273 498 1322 quidem
519 1273 624 1310 initio
654 1273 724 1310 sed
744 1286 810 1323 per
841 1286 937 1322 quos
967 1273 1128 1309 maxime
1149 1286 1232 1310 sese
1259 1274 1449 1323 putabant
1471 1272 1712 1318 latituros,—-

256 1335 378 1372 nostis
394 1334 492 1372 enim
515 1335 644 1384 utique
665 1341 704 1372 et
721 1334 961 1379 meministis,
981 1334 1111 1384 primis
1132 1334 1205 1372 illis
1225 1334 1464 1384 temporibus
1485 1332 1617 1369 diebus
1633 1332 1712 1369 fere

258 1395 419 1445 singulis
439 1408 498 1432 me
527 1395 769 1446 injudicium
797 1395 937 1440 vocari,
958 1402 996 1432 et
1014 1408 1139 1444 neque
1167 1395 1370 1432 amentiam
1401 1393 1559 1431 Sosiclis
1589 1405 1712 1443 neque

257 1456 486 1494 calumniam
517 1456 742 1494 Philocratis
772 1469 895 1506 neque
921 1456 1087 1493 Diondae
1119 1463 1157 1493 et
1188 1455 1351 1492 Melanii
1377 1454 1562 1492 insaniam
1591 1466 1716 1503 neque

256 1517 360 1556 aliud
382 1517 583 1568 quicquam
605 1518 835 1555 intentatum
855 1520 903 1555 ab
922 1517 965 1554 iis
985 1518 1141 1568 relinqui
1162 1523 1297 1554 contra
1321 1516 1492 1559 me‚-in
1519 1515 1579 1553 his
1599 1515 1716 1566 igitur

257 1581 435 1618 omnibus
466 1580 629 1617 maxime
657 1579 811 1629 quidem
832 1579 989 1617 deorum
1015 1579 1300 1624 immortalium,
1322 1578 1464 1615 deinde
1479 1583 1604 1615 vestro
1623 1576 1716 1614 alio-

256 1654 417 1691 rumque
437 1640 728 1678 Atheniensium
749 1641 917 1678 omnium
938 1641 1127 1678 beneficio
1146 1646 1392 1677 conservatus
1413 1651 1511 1675 sum.
1552 1638 1638 1675 Nec
1656 1637 1715 1675 in-

249 1703 374 1753 juria:
404 1702 481 1740 hoc
502 1702 599 1740 enim
621 1709 661 1740 et
688 1715 819 1740 verum
845 1710 904 1740 est
931 1701 1119 1753 etjuratis
1140 1700 1336 1752 judicibus
1365 1707 1404 1737 et
1430 1699 1606 1751 religiose
1625 1710 1715 1750 pro-

255 1764 520 1802 nuntiantibus
541 1764 846 1802 accommodum.
888 1764 1025 1814 Itaque
1045 1776 1132 1801 cum
1146 1776 1205 1799 me
1225 1761 1500 1812 perduellionis
1520 1773 1627 1798 reum
1647 1760 1714 1797 ab·

257 1826 453 1864 solveretiS
474 1833 513 1864 et
530 1826 700 1876 quintam
720 1826 985 1876 suffragiorum
1001 1831 1147 1875 partem
1163 1823 1453 1861 accusatoribus
1468 1834 1545 1859 non
1562 1820 1714 1866 daretis,

257 1894 337 1925 tum
359 1888 570 1926 rectissime
599 1900 714 1938 agere
743 1900 803 1924 me
832 1886 1133 1937 pronuntiastis:
1164 1897 1252 1922 cum
1293 1885 1343 1921 de
1372 1883 1514 1921 illicitis
1549 1881 1714 1920 decretis

256 1949 472 1999 postulatus
492 1947 624 1999 effugi,
644 1948 793 1998 legibus
813 1954 1074 1986 consentanea
1092 1954 1131 1984 et
1158 1947 1366 1984 decernere
1396 1951 1436 1982 et
1453 1945 1579 1981 dicere
1609 1955 1715 1981 com-

257 2019 388 2062 pertus
409 2024 491 2048 sum
513 2024 521 2048 ε
559 2023 646 2048 cum
667 2011 832 2048 rationes
853 2023 957 2047 meas
984 2009 1251 2059 comprobatas
1270 2006 1538 2057 obsignaretis,
1553 2004 1658 2055 juste
1677 2009 1717 2041 et

258 2073 478 2123 incorrupte
499 2084 522 2108 a
539 2084 600 2108 me
619 2080 705 2108 acta
726 2084 810 2109 esse
831 2070 961 2108 omnia
979 2069 1146 2107 confessi
1166 2068 1271 2106 estis.

313 2136 376 2171 75.
399 2134 497 2171 Cum
512 2132 594 2169 haec
608 2132 722 2182 igitur
737 2133 790 2169 ita
804 2145 845 2169 se
856 2132 1038 2177 habeant,
1055 2129 1160 2181 quod
1176 2129 1428 2169 conveniebat
1442 2133 1508 2165 aut
1520 2126 1716 2177 quodnam

260 2209 412 2246 aequum
426 2202 505 2233 erat
523 2196 637 2232 rebus
655 2207 677 2231 a
696 2207 755 2231 me
772 2194 890 2244 gestis
904 2194 1100 2244 imponere
1117 2191 1407 2242 Ctesiphontem
1419 2201 1573 2234 nomen,
1588 2199 1717 2225 nonne

260 2258 299 2295 id
317 2258 421 2308 quod
443 2257 627 2308 populum
655 2255 812 2293 videbat
830 2255 1068 2305 imposuisse,
1093 2266 1170 2290 non
1196 2253 1235 2290 id
1264 2251 1366 2302 quod
1387 2250 1535 2301 juratos
1550 2248 1715 2300 judices,

262 2331 338 2355 non
359 2318 393 2354 id
417 2318 520 2368 quod
539 2317 739 2354 veritatem
761 2316 864 2367 apud
886 2328 1019 2353 omnes
1037 2312 1211 2352 certam?
1268 2313 1389 2349 Immo
1409 2310 1545 2360 inquit,
1573 2309 1642 2346 sed
1671 2309 1716 2346 il-

262 2382 329 2418 lud
356 2380 517 2430 Cephali
537 2379 777 2430 praeclarum,
801 2378 907 2415 nullo
933 2389 1103 2427 unquam
1135 2387 1222 2412 eum
1235 2372 1390 2422 judicio?
1410 2370 1608 2422 postulari.
1665 2369 1716 2406 Et

261 2441 481 2479 mehercule
497 2441 731 2478 fortunatum
746 2452 914 2489 quoque.
972 2437 1050 2474 Sed
1067 2436 1130 2486 qui
1151 2435 1272 2485 magis
1293 2434 1371 2477 ille,
1393 2433 1456 2483 qui
1477 2445 1577 2482 saepe
1597 2431 1636 2467 in
1651 2430 1715 2480 ju-

261 2503 404 2541 dicium
423 2509 598 2547 vocatus,
626 2514 824 2551 nunquam
852 2499 965 2537 ullius
994 2498 1160 2536 criminis
1185 2496 1386 2534 convictus
1417 2494 1478 2539 sit,
1505 2494 1650 2531 idcirco
1676 2492 1716 2530 in

261 2565 376 2614 culpa
391 2567 475 2612 jure
492 2563 605 2600 suerit
618 2561 843 2613 ponendus?
900 2562 1130 2608 Quanquam
1149 2558 1252 2608 quod
1273 2557 1321 2594 ad
1342 2557 1455 2594 istum
1483 2555 1637 2606 quidem
1656 2559 1715 2591 at-

260 2627 369 2671 tinet,
387 2623 658 2667 Athenienses,
682 2623 796 2660 etiam
822 2621 917 2659 illud
946 2620 1107 2671 Cephali
1129 2619 1355 2670 praeclarum
1375 2618 1466 2655 mihi
1486 2617 1534 2655 de
1557 2620 1718 2653 memet-

263 2687 347 2737 ipso
378 2684 586 2737 praedicare
612 2684 714 2721 licet.
754 2683 911 2720 Nullam
931 2682 1032 2719 enim
1052 2694 1220 2731 unquam
1242 2681 1279 2717 in
1302 2692 1362 2716 me
1381 2685 1447 2717 aut
1464 2677 1630 2716 instituit
1648 2682 1715 2714 aut

262 2753 488 2796 prosecutus
508 2751 568 2783 est
587 2744 790 2789 actionem,
816 2743 944 2793 itaque
965 2749 1031 2779 tua
1055 2742 1211 2792 quidem
1239 2740 1481 2779 confessione
1504 2737 1621 2775 nihilo
1640 2748 1714 2787 ego

264 2806 436 2856 Cephalo
456 2805 621 2843 deterior
635 2804 729 2842 civis
749 2816 847 2841 sum.

317 2869 381 2907 76.
409 2867 507 2904 Cum
528 2866 656 2905 multis
675 2865 790 2917 igitur
809 2879 857 2904 ex
875 2866 989 2904 rebus
1020 2864 1258 2914 iniquitatem
1278 2863 1363 2914 quis
1381 2861 1480 2900 illius
1499 2866 1538 2899 et
1555 2858 1713 2898 livorem
