1923 3149
286 167 363 205 350
767 166 996 205 CONTRA
1030 165 1254 203 MlDIAM.

283 267 450 319 quidem,
467 276 505 306 et
524 268 799 319 rempublicam
815 270 915 320 geris
933 282 941 306 :
961 269 1029 306 sed
1044 269 1195 319 legibus
1214 268 1372 319 quodvis
1389 279 1412 305 a
1430 279 1491 305 me
1512 267 1739 318 supplicium

282 328 438 380 exigito.
490 329 642 368 Ultione
663 338 790 368 tamen
819 330 1040 381 injuriarum
1068 337 1107 367 et
1134 329 1469 372 contumeliarum,
1499 329 1636 378 quibus
1665 340 1740 379 ego

283 403 368 428 sum
388 398 523 428 contra
541 390 648 442 leges
677 391 853 438 affectus,
874 391 949 429 noli
969 404 1028 428 me
1049 390 1227 441 spoliare.
1281 390 1348 428 Sin
1375 390 1439 428 illo
1460 389 1575 427 modo
1595 389 1685 427 mihi
1702 397 1740 427 te

280 465 394 503 posse
414 451 512 490 male
532 453 658 491 facere
678 453 834 499 diffidis,
850 455 929 503 jam
952 453 1025 490 hoc
1046 465 1201 503 quoque
1220 453 1371 502 signum
1395 451 1510 488 fuerit
1538 463 1634 488 meae
1653 463 1739 500 pro-

281 514 422 559 bitatis,
441 521 478 551 te
498 514 562 564 qui
581 514 675 552 alios
696 514 808 551 facile
829 527 1011 551 accusare
1032 513 1171 559 soleas,
1199 513 1293 550 nihil
1314 513 1353 550 in
1373 525 1433 549 me
1452 511 1614 562 reperire
1634 511 1740 562 quod

281 587 505 613 crimineris.

335 638 398 674 58.
429 636 556 674 Audio
576 648 690 686 porro
712 643 750 672 et
770 634 1042 686 Philippidem,
1064 643 1103 673 et
1122 633 1445 679 Mnesarchidem,
1467 640 1506 671 et
1529 632 1741 671 Diotimutn

282 697 562 749 Euonymeum,
585 709 631 734 ac
661 696 756 734 tales
783 696 974 746 quosdam
1003 697 1140 735 divites
1168 704 1208 735 et
1233 695 1475 740 trierarchos,
1505 694 1741 732 intercedere

280 771 349 810 pro
369 771 415 796 eo
434 757 545 804 velle,
565 764 603 795 et
622 757 910 807 deprecaturos,
925 763 969 794 ut
984 757 1055 795 sibi
1072 758 1163 808 ipsis
1179 757 1219 795 id
1234 756 1463 795 beneficium
1480 769 1503 793 a
1520 755 1625 792 vobis
1641 766 1740 806 proe-

281 827 415 858 stetur.
444 819 509 857 De
529 819 668 869 quibus
689 819 784 856 nihil
805 818 964 857 dixerim
984 819 1088 870 apud
1105 833 1174 858 vos
1199 819 1304 856 mali.
1354 818 1567 856 Insanirem
1587 817 1689 855 enim
1708 817 1739 855 si

279 881 458 919 facerem.
498 881 575 918 Sed
595 894 682 932 quae
711 881 927 932 spectanda
945 881 1067 926 vobis,
1097 894 1187 919 cum
1205 881 1265 918 isti
1283 881 1558 931 precabuntur,
1579 880 1668 925 sint,
1701 885 1742 917 et

279 943 575 989 consideranda,
588 943 673 981 haec
688 943 830 981 dicam.
860 942 1038 993 Cogitate
1047 942 1216 993 judices,
1231 941 1422 992 si—quod
1437 941 1488 978 dii
1503 953 1618 978 omen
1633 952 1741 977 aver-

279 1011 376 1051 tant,
402 1018 526 1055 neque
546 1004 732 1043 fiet-isti
752 1017 854 1043 nunc
873 1017 960 1042 cum
987 1004 1124 1050 Midia,
1151 1010 1191 1042 et
1209 1002 1427 1041 hominibus
1449 1002 1582 1040 Midiae
1608 1000 1740 1039 simili-

277 1067 365 1113 bus,
385 1066 662 1116 rempublicam
682 1072 929 1118 occuparent,
949 1072 986 1103 et
1005 1072 1174 1103 vestrum
1194 1065 1332 1115 aliquis
1352 1078 1373 1102 e
1391 1064 1508 1115 vulgo
1524 1070 1563 1102 et
1580 1060 1740 1114 plebeiis

277 1128 509 1174 hominibus,
527 1127 566 1165 in
586 1128 746 1166 istorum
766 1128 984 1179 quempiam
1006 1127 1276 1173 commisisset,
1296 1139 1375 1164 non
1394 1127 1499 1172 talia,
1513 1125 1643 1176 qualia
1662 1124 1739 1162 Mi-

279 1189 361 1227 dias
392 1190 430 1227 in
449 1203 522 1236 me,
543 1190 614 1228 sed
641 1189 793 1241 quidvis
813 1189 932 1236 aliud,
953 1196 1066 1240 atque
1091 1189 1128 1226 in
1142 1187 1332 1240 judicium
1356 1187 1498 1226 talibus
1519 1185 1739 1224 hominibus

276 1251 458 1292 refertum
480 1251 760 1302 ingrederetur,
788 1250 878 1301 quid
909 1250 1030 1287 veniae
1058 1256 1125 1288 aut
1146 1248 1419 1287 misericordiae
1447 1242 1738 1299 impetraturum

277 1312 484 1350 crederetis
501 1312 516 1348 ’ζ
563 1312 740 1350 Fortasse
777 1310 1109 1362 gratificarentur?
1141 1323 1407 1360 nequaquam:
1445 1315 1513 1346 aut
1543 1308 1737 1359 plebeium

277 1386 512 1424 quemquam
544 1373 818 1424 deprecantem
839 1371 1043 1410 audirent?
1086 1371 1165 1409 Sed
1183 1384 1313 1408 nonne
1343 1371 1472 1422 potius
1493 1369 1736 1408 intonarent:

277 1435 478 1472 huncce
506 1434 765 1472 invidum!
795 1433 931 1471 hunc
961 1433 1107 1484 pesti
1125 1433 1341 1470 lentem!
1373 1432 1508 1469 hunc
1536 1431 1737 1468 demum

277 1497 352 1534 ita
384 1508 501 1534 esse
532 1494 906 1547 petulantem?
935 1507 995 1532 ac
1030 1493 1216 1531 efferri
1255 1492 1478 1530 animis?
1507 1491 1595 1530 cui
1627 1491 1739 1529 vita

277 1557 445 1595 licere
479 1556 583 1594 frui
613 1556 818 1595 abunde
855 1569 905 1593 es
923 1568 976 1593 se
1009 1554 1304 1606 oportebat.
1363 1553 1425 1592 Ne
1456 1553 1584 1604 igitur,
1616 1552 1737 1590 Athe-

276 1620 446 1664 nienses,
467 1619 506 1656 in
526 1632 593 1656 eos
625 1620 690 1669 qui
718 1619 771 1656 ita
794 1618 995 1655 vobiscum
1022 1623 1192 1667 agerent,
1220 1616 1330 1653 aliter
1356 1629 1425 1653 vos
1452 1614 1609 1652 animati
1640 1614 1736 1661 sitis,

275 1696 401 1734 neque
430 1681 696 1720 auctoritatem
726 1681 885 1719 istorum
915 1678 1169 1724 admiremini,
1199 1678 1267 1715 scd
1296 1676 1565 1727 vosmetipsos.
1609 1675 1739 1713 Multa

273 1746 348 1784 illis
379 1747 482 1783 bona
499 1751 601 1789 sunt,
623 1756 709 1794 quae
736 1742 937 1794 possidere
969 1754 1083 1779 nemo
1112 1754 1177 1778 eos
1205 1740 1397 1791 prohibet.
1440 1739 1501 1776 Ne
1529 1737 1644 1789 igitur
1664 1737 1736 1788 ipsi

274 1819 427 1858 quoque
446 1818 514 1844 vos
535 1805 764 1849 libertatem,
784 1816 899 1854 quam
919 1803 1029 1840 nobis
1053 1814 1295 1840 communem
1314 1799 1600 1852 possessionem
1627 1799 1734 1850 leges

273 1874 470 1919 praestant,
491 1867 689 1917 possidere
706 1865 947 1917 prohibentO.

329 1931 394 1968 59.
425 1927 532 1966 Nihil
561 1928 740 1965 acerbum
769 1932 836 1963 aut
854 1938 969 1975 grave
991 1923 1132 1961 Midias
1151 1924 1332 1974 patietur,
1359 1923 1390 1959 si
1417 1921 1502 1972 ejus
1531 1920 1734 1960 facultates

273 1989 509 2042 plebeiorum
541 1988 694 2039 opibus,
713 1999 812 2036 quos
832 1998 935 2023 nunc
954 1985 1176 2028 insectatur,
1202 1995 1299 2033 quos
1324 1983 1525 2020 mendicos
1546 1982 1734 2029 nominat,

272 2053 551 2103 aequabuntur:
582 2056 622 2087 et
640 2061 726 2099 quae
745 2048 867 2097 copiae
887 2059 993 2084 nunc
1008 2058 1096 2083 eum
1117 2045 1167 2082 ad
1186 2044 1368 2082 ferociam
1383 2043 1557 2089 incitant,
1577 2056 1634 2081 eae
1652 2044 1734 2083 adi·

272 2120 438 2152 mentur.
478 2112 614 2161 Neque
633 2110 727 2146 istos
747 2108 894 2146 scilicet
920 2107 1034 2145 decet
1053 2104 1198 2142 avobis
1219 2105 1302 2143 haec
1323 2105 1495 2156 precari:
1525 2117 1574 2142 ne
1595 2117 1733 2143 secun-

273 2176 364 2214 dum
384 2175 492 2226 leges
521 2173 615 2210 ferte
642 2171 888 2214 sententiam,
918 2168 1090 2219 judices:
1121 2180 1171 2205 ne
1199 2167 1437 2218 opitulamini
1467 2167 1635 2217 indignis
1655 2174 1732 2205 tra·

271 2245 377 2276 ctato
391 2236 514 2274 modis
531 2249 539 2273 :
561 2247 610 2272 ne
623 2240 754 2272 curate
767 2232 1038 2283 jusjurandum
1055 2243 1064 2266 :
1085 2230 1123 2266 in
1136 2235 1305 2267 nostram
1327 2229 1488 2279 gratiam
1508 2229 1582 2265 hoc
1603 2228 1731 2266 facite.

273 2298 370 2336 Haec
390 2299 505 2343 enim,
534 2297 564 2334 si
583 2295 676 2346 quid
694 2295 966 2346 precabuntur,
995 2305 1063 2343 pro
1088 2291 1163 2328 isto
1182 2291 1455 2341 precabuntur,
1484 2290 1635 2327 tametsi
1653 2302 1731 2328 non

270 2359 355 2397 haec
379 2360 494 2397 verba
516 2357 751 2408 usurparint.
800 2354 916 2398 Quod
944 2353 974 2391 si
994 2352 1106 2390 amici
1127 2359 1230 2397 sunt,
1250 2363 1322 2388 nec
1350 2350 1565 2392 ferendum,
1594 2350 1625 2386 si
1654 2349 1729 2387 Mi-

270 2420 353 2458 dias
382 2421 489 2458 dives
524 2433 600 2457 non
629 2419 690 2463 sit,
720 2430 807 2455 esse
833 2422 989 2467 putant:
1031 2414 1103 2465 ipsi
1125 2425 1212 2451 cum
1242 2411 1373 2461 primis
1402 2411 1548 2461 pollent
1578 2412 1729 2462 opibus,

267 2480 385 2531 idque
415 2493 528 2519 nemo
556 2480 610 2517 eis
638 2478 798 2516 invidet.
841 2476 1051 2514 Pecuniam
1073 2474 1185 2525 igitur
1204 2473 1257 2510 illi
1278 2472 1326 2509 de
1346 2485 1416 2509 suo
1435 2472 1660 2522 largiantur,
1686 2480 1730 2510 ut

269 2552 309 2583 et
337 2558 418 2590 vos,
449 2544 586 2594 quibus
613 2542 660 2579 de
686 2542 800 2578 rebus
833 2539 951 2590 jurati
983 2538 1126 2576 sedetis
1155 2535 1320 2588 judices,
1358 2535 1402 2572 iis
1440 2536 1488 2573 de
1524 2537 1640 2574 rebus
1675 2535 1733 2574 ita·

267 2606 543 2659 pronuncietis,
563 2603 769 2655 utjustitia
788 2601 971 2653 postulat,
991 2608 1030 2638 et
1049 2600 1110 2637 isti
1132 2599 1181 2636 de
1203 2597 1428 2648 semetipsis,
1458 2609 1535 2635 non
1555 2611 1643 2635 cum
1669 2598 1727 2648 ig-

268 2669 439 2708 nominia
456 2674 594 2712 vestra,
614 2664 834 2715 largiantur.
874 2664 941 2700 Sin
969 2661 1105 2699 divites
1128 2660 1190 2698 isti
1216 2659 1418 2711 pecuniam
1438 2659 1633 2710 negligere
1660 2667 1728 2697 aut

268 2732 440 2769 amittere
472 2728 622 2772 nolunt,
642 2739 715 2777 qua
739 2725 865 2763 fronte
886 2737 951 2761 vos
967 2722 1216 2773 jurisjurandi
1240 2721 1463 2772 religionem
1494 2718 1728 2770 negligetis?

267 2784 594 2842 Opulenti‘multi,
615 2787 898 2839 conspiratione
919 2786 1022 2829 mita,
1043 2783 1317 2828 Athenienses,
1339 2783 1529 2833 opinionis
1549 2781 1664 2819 etiam
1685 2788 1726 2820 et

266 2853 503 2891 auctoritatis
523 2850 664 2901 aliquid
685 2856 842 2901 propter
874 2846 1024 2884 divitias
1044 2845 1257 2889 consecuti,
1279 2843 1495 2895 procedunt
1523 2855 1592 2881 vos
1611 2855 1726 2893 roga-

266 2914 352 2951 turi.
385 2914 533 2952 Horum
556 2912 651 2951 nulli
671 2925 744 2957 me,
764 2909 1037 2952 Athenienses,
1052 2907 1294 2952 condonetis,
1312 2905 1379 2944 sed
1394 2904 1722 2956 quemadmodum
