1923 3149
536 153 757 192 CONTRA
792 155 1248 194 ARISTOGITONEM
1286 159 1313 193 1.
1559 161 1638 196 4613

190 255 322 300 vastis,
342 255 444 305 quod
466 257 513 294 ab
533 257 608 294 isto
627 256 826 294 calumniis
846 255 1143 305 exagitarentur,
1166 263 1206 294 et
1224 257 1450 304 absolvistis,
1470 265 1508 296 et
1528 260 1638 310 qnin-

191 322 268 355 tam
288 316 348 354 isti
369 317 635 367 suffragiorum
658 324 807 368 partem
827 329 906 354 non
936 316 1123 354 dedistis:
1155 317 1263 355 istius
1286 326 1413 356 autem
1435 321 1637 366 acerbitas,

182 384 231 414 >et
244 379 489 429 sanguinaria
511 392 631 424 mens,
651 385 690 416 et
708 377 915 416 crudelitas
935 383 1076 427 praesto
1096 386 1178 415 erat
1191 385 1229 415 et
1247 379 1284 415 in
1302 380 1381 417 acie
1400 383 1638 421 versabatur.

192 437 282 475 Non
313 440 498 489 puerulis,
519 453 596 476 non
620 439 805 476 matribus
825 451 988 482 reorum,
1008 450 1169 487 quarum
1198 438 1389 488 pleraeque
1417 454 1527 479 senes
1557 457 1639 481 mu-

190 498 302 537 lieres
315 507 436 545 erant,
453 501 651 538 adstantes
666 512 752 537 cum
769 498 927 543 videret,
939 498 1009 535 iste
1028 498 1265 536 movebatur.
1288 498 1424 537 Tibine
1440 500 1640 552 ignoscen-

191 560 310 597 dum?
341 561 487 599 Unde?
516 562 596 599 Aut
627 574 650 601 a
677 559 782 609 quo?
820 560 899 596 Aut
926 565 1079 596 tuorum
1108 558 1268 596 liberum
1297 560 1467 598 misereri
1496 563 1640 601 decet?

191 620 354 659 Minime
368 635 458 660 vero
473 621 656 672 gentium.
686 620 743 656 Tu
759 619 1070 663 misericordiam,
1087 632 1174 669 quae
1190 632 1283 670 erga
1296 619 1366 658 hos
1383 621 1513 660 haberi
1529 625 1640 671 solet,

188 683 402 732 prodidisti,
423 682 650 732 Aristogito‚
671 682 746 718 imo
765 680 915 731 penitus
937 680 1142 718 sustulisti.
1177 681 1236 718 Ne
1257 681 1371 731 igitur
1384 683 1430 719 ad
1449 696 1528 728 eos,
1543 698 1640 734 qnos

188 748 230 780 tu
251 743 330 792 ipse
353 743 552 780 ruderibus
573 742 794 792 implevisti,
814 748 853 779 et
871 741 1079 779 muricibus
1099 741 1384 780 circumdedisti
1403 752 1552 794 portus,
1573 760 1640 797 ap-

189 803 336 853 pellito.
368 803 507 853 Neque
526 803 626 843 enim
640 806 792 851 justum
813 808 884 840 est.

248 866 310 902 19.
340 865 457 908 Quod
479 866 510 903 si
526 865 732 903 maledicta
751 864 931 910 audietis,
955 877 1041 914 quae
1068 864 1107 901 in
1136 865 1220 903 foro
1240 867 1494 906 obambulans
1514 869 1551 906 in
1571 884 1640 909 vos

190 925 341 975 ingerit,
361 927 484 976 magis
505 927 620 964 etiam
640 940 727 964 eum
744 926 917 971 oderitis,
939 933 978 964 et
1007 926 1153 964 merito.
1200 928 1264 965 Ait
1293 929 1393 965 enim
1414 930 1554 968 multos
1576 933 1643 971 de-

190 987 282 1024 bere
302 987 450 1033 aerario,
470 1001 610 1037 eosque
633 1001 765 1025 omnes
788 987 845 1024 sui
865 1000 952 1024 esse
980 987 1135 1024 similes.
1182 988 1266 1038 Ego
1286 1003 1375 1026 vero
1396 992 1538 1029 multos
1557 1007 1643 1031 esse

190 1049 436 1086 calamitosos
450 1049 637 1094 homines,
658 1049 730 1086 etsi
747 1049 824 1086 duo
845 1049 1033 1086 duntaxat
1053 1056 1156 1092 sunt,
1178 1050 1522 1096 fateor‚—oinnino
1541 1057 1642 1093 enini

188 1110 317 1160 plures
347 1118 437 1148 sunt
462 1124 575 1162 quam
603 1112 818 1161 oportebat,
843 1117 881 1148 et
901 1110 1090 1148 neminem
1113 1111 1228 1149 alium
1252 1113 1414 1151 decebat
1433 1116 1642 1155 obaeratum

192 1185 344 1218 esse—-,
366 1186 443 1210 non
470 1180 614 1220 tamen,
643 1173 697 1210 ita
715 1186 777 1210 me
807 1172 857 1209 dii
879 1173 977 1210 bene
999 1180 1141 1218 ament,
1169 1186 1234 1210 cos
1259 1174 1368 1212 istius
1390 1190 1474 1214 csse
1501 1178 1644 1218 similes

190 1234 544 1284 arbitror,—-neque
575 1234 704 1271 multis
740 1240 800 1271 est
831 1247 993 1284 opus—,
1023 1234 1100 1271 imo
1133 1235 1362 1273 contrarium
1394 1239 1550 1277 omnino
1584 1247 1644 1278 est

190 1307 336 1332 verum.
378 1295 500 1344 quue
529 1295 583 1332 ita
612 1294 847 1348 intelligetis.
895 1295 1031 1344 Neque
1058 1308 1130 1337 me,
1164 1295 1434 1345 Athenienses,
1457 1300 1509 1336 ita
1539 1301 1644 1351 loqui

189 1356 403 1402 vobiscum,
435 1363 478 1393 ut
497 1356 561 1406 qui
584 1355 756 1393 debeatis
787 1355 933 1400 aerario,
957 1356 1153 1406 putabitis.
1184 1356 1321 1407 Neque
1340 1359 1441 1396 enim
1461 1361 1514 1398 ita
1533 1370 1645 1400 est—

190 1418 290 1455 absit
312 1418 568 1467 hoc—neque
588 1430 660 1467 ego
678 1416 732 1453 ita
751 1429 834 1453 esse
853 1415 1044 1454 existimo.
1083 1417 1160 1454 Sed
1181 1418 1211 1455 si
1231 1418 1326 1456 forte
1347 1420 1432 1470 quis
1454 1429 1511 1459 est
1530 1423 1642 1461 alicui

188 1485 359 1516 vestrum
380 1479 458 1516 sive
478 1478 635 1522 amicus,
657 1479 734 1515 sive
755 1477 951 1515 familiaris
974 1478 1071 1515 inter
1098 1479 1199 1523 illos,
1221 1487 1368 1529 quanto
1389 1481 1470 1532 ejus
1488 1485 1642 1523 nomine

187 1538 304 1580 istum
324 1539 413 1576 odio
432 1540 613 1590 prosequi
632 1539 785 1584 debeat,
805 1539 914 1576 vobis
935 1539 1149 1577 ostendam.
1185 1540 1355 1578 Primum
1376 1556 1421 1580 eo
1440 1545 1546 1593 quod
1573 1546 1642 1584 ho-

189 1601 312 1638 mines
341 1614 475 1651 aequos
505 1601 569 1651 qui
598 1600 791 1651 spondent
815 1613 884 1652 pro
905 1601 1003 1646 aliis,
1031 1601 1095 1651 qui
1122 1602 1370 1640 humanitatis
1390 1605 1517 1643 officia
1542 1620 1641 1656 prae-

188 1667 304 1708 stant,
324 1669 437 1711 atque
456 1661 508 1698 ita
527 1658 716 1711 privatum
738 1674 792 1698 aes
812 1661 979 1698 alienum
999 1662 1244 1708 contrahunt,
1266 1664 1406 1714 quique
1426 1666 1465 1703 in
1488 1680 1641 1720 rempu-

189 1721 330 1759 blicam
350 1722 442 1760 nihil
469 1722 727 1773 deliquerunt,
753 1723 823 1760 sed
853 1723 1007 1760 fortuna
1026 1736 1160 1773 parum
1192 1737 1376 1775 prospera
1394 1735 1483 1765 sunt
1503 1730 1576 1777 usi,
1603 1731 1642 1768 in

189 1783 352 1821 eundern
392 1797 525 1822 seeum
555 1784 728 1822 ordinem
759 1785 880 1830 ducit,
914 1785 1126 1835 eodemque
1163 1786 1335 1823 convicio
1363 1787 1532 1837 involvit,
1563 1805 1641 1829 non

188 1851 293 1882 recte
313 1859 438 1895 neque
459 1847 743 1883 convenienter.
774 1846 911 1895 Neque
932 1846 1033 1883 enim
1053 1847 1150 1883 idem
1173 1854 1247 1891 est,
1268 1848 1495 1899 Ari-stogito,
1515 1865 1641 1903 neque

189 1907 321 1944 multis
329 1907 453 1944 verbis
463 1913 524 1944 est
537 1920 646 1957 opus.
670 1907 730 1944 Tu
747 1907 836 1957 quia
849 1913 927 1944 tres
941 1907 1060 1952 cives,
1073 1906 1230 1945 decreto
1244 1908 1360 1955 facto,
1371 1909 1515 1949 indicta
1523 1926 1642 1952 causa

188 1967 313 2005 occidi
325 1967 491 2018 jussisti,
506 1968 788 2006 condemnatus
804 1981 845 2009 es
861 1968 1087 2005 violatarum
1101 1968 1250 2018 legum:
1272 1970 1376 2019 quod
1392 1972 1532 2010 crimen
1553 1988 1641 2013 cum

189 2034 311 2064 morte
331 2028 516 2064 luendum
532 2028 683 2073 fuisset,
700 2028 747 2065 lis
762 2028 926 2077 pecunia
944 2029 1013 2065 tibi
1036 2036 1094 2066 est
1114 2029 1315 2067 aestimata.
1351 2031 1462 2070 Alius
1488 2033 1639 2085 aliquis,

189 2101 278 2126 cum
309 2101 377 2138 pro
409 2088 532 2126 amieo
561 2088 844 2138 sposponderit,
877 2089 1060 2126 damnum
1091 2089 1400 2140 inexspectatum
1433 2093 1529 2132 ferre
1565 2109 1641 2134 non

189 2156 340 2199 potest:
370 2162 447 2186 non
466 2149 568 2186 idem
586 2155 658 2192 est,
678 2161 767 2187 non.

244 2211 309 2246 20.
341 2208 509 2253 Deinde,
532 2221 773 2246 communem
794 2208 1083 2255 humanitatem,
1104 2222 1217 2260 quam
1247 2224 1314 2249 vos
1335 2220 1474 2252 natura
1492 2215 1641 2257 habetis

191 2270 253 2308 alii
273 2270 312 2307 in
329 2270 438 2316 alios,
458 2270 573 2307 istum
593 2270 725 2307 tollere
745 2276 783 2306 et
797 2269 971 2321 perdere,
989 2278 1175 2320 quantum
1195 2271 1233 2308 in
1248 2272 1331 2323 ipso
1352 2281 1424 2319 est,
1445 2276 1534 2314 hine
1554 2291 1641 2328 per-

190 2332 374 2383 spicietis.
418 2332 512 2377 Vos,
534 2331 810 2376 Athenienses,
836 2338 973 2370 natura
991 2332 1120 2377 insita,
1152 2333 1257 2382 quod
1285 2334 1376 2382 dixi,
1396 2336 1457 2373 alii
1484 2337 1522 2374 in
1545 2339 1640 2378 alios

188 2393 427 2430 humanitate
445 2398 611 2436 utentes,
634 2392 960 2441 quemadmodum
979 2392 1135 2442 cognati
1154 2393 1192 2429 in
1212 2393 1345 2431 iisdem
1364 2395 1513 2434 aedib'us
1533 2398 1642 2437 habi-

190 2459 288 2499 tant,
309 2453 365 2490 sie
385 2452 424 2489 in
443 2454 537 2490 urbe
565 2453 720 2504 publice
740 2452 935 2499 habitatis.
967 2454 1174 2496 Quomodo
1194 2454 1311 2504 igitur
1329 2456 1410 2493 illi?
1440 2458 1517 2496 Ubi
1536 2467 1643 2510 pater

190 2520 265 2563 est,
297 2520 336 2550 et
353 2512 418 2550 filii
438 2513 573 2560 adulti,
603 2514 776 2552 fortassis
794 2521 834 2551 et
850 2514 987 2552 horum
1006 2514 1128 2560 liberi,
1149 2515 1199 2552 ibi
1226 2529 1384 2555 neeesse
1414 2526 1471 2556 est
1499 2521 1640 2558 multas

190 2581 231 2612 et
244 2574 353 2611 nulla
370 2588 410 2611 re
427 2574 567 2612 similes
586 2575 769 2613 exsistere
784 2575 1015 2614 voluntates.
1045 2575 1181 2625 Neque
1196 2577 1296 2614 enim
1317 2579 1452 2616 eadem
1472 2587 1532 2617 est
1547 2581 1640 2618 ado-

188 2635 386 2673 lescentiae
414 2635 474 2673 vel
493 2636 627 2682 oratio,
645 2636 707 2674 vel
727 2638 839 2681 actio,
861 2650 947 2686 quae
977 2637 1200 2674 senectutis.
1233 2638 1311 2675 Sed
1341 2645 1467 2676 tamen
1488 2647 1527 2677 et
1546 2641 1639 2678 ado-

179 2698 378 2740 lescentes
406 2696 588 2746 quicquid
608 2704 742 2746 agunt,
762 2697 794 2734 si
823 2698 1007 2735 moderati
1030 2705 1133 2744 sunt,
1151 2698 1189 2736 id
1219 2692 1273 2736 ita
1297 2698 1454 2744 faciunt,
1475 2702 1638 2740 maxime

189 2765 234 2794 ut
258 2769 416 2807 prorsus
436 2756 536 2794 elam
565 2756 705 2794 habere
733 2758 930 2808 studeant,
951 2759 1010 2796 sin
1029 2759 1169 2805 minus,
1189 2773 1266 2809 prae
1287 2772 1327 2796 se
1354 2760 1480 2798 ferunt
1504 2768 1638 2805 ¹tamen

191 2816 344 2856 celandi
376 2817 573 2855 studium:
603 2824 641 2855 et
667 2824 760 2855 natu
790 2819 954 2869 majores
982 2820 1165 2864 vicissim,
1199 2820 1229 2856 si
1258 2820 1354 2857 forte
1379 2821 1543 2859 viderint
1571 2831 1638 2861 aut

190 2885 397 2930 sumptum,
426 2884 492 2916 aut
519 2879 867 2934 potationemsaut
895 2880 1170 2918 oblectationes
1197 2880 1479 2929 immoderatas,
1509 2896 1555 2921 ea
1585 2885 1638 2922 ita
