1923 3149
765 169 838 207 DE
869 169 1114 208 CORONA.
1590 175 1659 210 177

210 269 391 308 quibusdam
421 269 523 308 utique
547 271 773 310 magistratibus
803 271 943 311 aliisque,
972 271 1024 311 qui
1058 281 1134 301 nunc
1158 271 1278 310 quidem
1298 274 1407 312 privati
1431 281 1512 311 sunt,
1535 275 1662 315 cupiunt

210 325 308 350 autem
326 321 521 351 vehementer
537 327 569 350 ut
585 321 708 360 dirupta
725 333 790 361 qum
814 333 890 351 nunc
908 321 979 351 mihi
996 332 1063 351 cum
1081 333 1117 352 eo
1135 323 1297 352 intercedit
1319 325 1451 354 amicitia
1474 326 1586 355 bellum
1603 336 1661 366 po-

209 372 299 410 pulus
316 372 472 407 instauret,
489 373 579 410 quue
596 377 627 401 ut
650 373 699 401 fiat
721 372 814 401 multo
831 374 942 410 majore
959 373 1060 402 studio
1075 374 1260 403 contendunt
1277 385 1363 412 quam
1382 382 1412 404 ut
1438 377 1656 415 Selymbrianis

207 423 406 462 opitulentur.
439 425 574 462 Eamque
592 434 652 453 rem
667 424 725 453 sibi
743 424 871 462 quaesiui
889 424 952 453 fore
968 424 1144 454 existimant
1163 436 1168 453 z
1195 436 1297 455 verum
1314 437 1370 465 ego
1388 438 1444 456 non
1458 429 1586 457 arbitror
1601 440 1656 458 nec

208 474 282 502 mihi
298 484 354 503 nec
371 475 458 503 vobis
475 474 504 503 id
522 474 681 513 quicquam
699 474 898 512 profuturum.
936 475 1141 512 Quamobrem
1158 480 1188 504 et
1206 476 1324 516 navigia
1341 487 1408 515 quae
1433 478 1469 506 ad
1488 488 1540 507 nos
1557 479 1658 508 delata

210 530 280 554 sunt
295 526 382 554 vobis
402 526 508 555 iterum
524 524 655 560 remitto,
667 535 701 554 ac
716 524 744 554 in
762 530 915 564 posterum
932 526 956 555 si
970 526 1091 564 quidem
1112 527 1303 564 magistratus
1320 533 1442 557 vestros
1459 539 1554 567 remp.
1572 530 1655 559 mali-

209 575 288 605 tiose
315 575 524 605 administrare
540 585 596 604 non
613 575 730 610 sinetis,
753 575 824 615 quin
839 575 868 605 in
887 586 940 605 eos
957 576 1216 613 animadvertetis,
1242 588 1298 617 ego
1315 589 1435 617 quoque
1450 580 1518 618 paci
1535 589 1657 610 conser-

208 629 314 659 vandae
326 638 447 669 operam
459 629 548 658 dabo.
595 628 713 658 Valete.

257 744 322 780 24.
352 741 553 792 Nusquam
568 742 633 780 hic
651 742 919 780 Demosthenis
939 755 1077 780 nomen
1099 745 1240 794 posuit,
1261 744 1405 782 nullam
1435 744 1471 781 in
1494 757 1552 782 me
1572 745 1653 782 cul-

202 816 291 855 pam
320 803 461 852 injecit.
532 804 610 840 Cur
642 804 770 854 igitur,
799 816 887 841 cum
926 804 1018 841 alios
1046 804 1276 851 criminetur,
1304 806 1448 842 nullam
1475 805 1523 843 de
1557 806 1650 843 meis

200 865 312 902 rebus
345 865 466 915 gestis
494 864 729 902 mentionem
759 865 878 902 fecit?
934 865 1037 906 Quia
1056 866 1103 902 dc
1126 867 1204 903 suis
1225 868 1259 902 z'n
1290 881 1351 903 nos
1377 867 1520 918 injuriis
1542 881 1650 905 men-

199 927 340 964 tionem
356 926 524 971 fecisset,
543 927 574 964 si
591 926 684 978 quid
705 927 752 964 de
774 939 835 963 me
849 926 1075 975 scripsisset.
1106 927 1176 963 His
1192 927 1293 963 enim
1313 941 1384 977 ego
1404 928 1649 973 inhaerebam,

199 987 333 1038 hisque
349 987 591 1026 adversabar.
649 989 710 1025 Ac
729 988 891 1038 primum
911 986 1015 1023 illam
1034 986 1072 1023 in
1094 986 1402 1038 Peloponnesum
1419 988 1649 1039 legationem

199 1049 364 1095 decrevi,
385 1062 460 1099 quo
480 1056 651 1100 tempore
670 1049 702 1085 is
724 1049 760 1085 in
782 1047 1094 1097 Peloponnesum
1114 1048 1289 1099 irrepsit:
1320 1049 1459 1087 deinde
1491 1050 1650 1087 alteram

196 1111 234 1148 in
258 1111 459 1156 Euboeam,
491 1122 579 1147 cum
618 1109 807 1147 Euboeam
844 1110 1070 1145 attentavit:
1113 1109 1397 1160 expeditionem
1430 1111 1571 1148 deinde
1607 1111 1646 1148 in

197 1172 352 1217 Oreum,
372 1184 449 1209 non
467 1171 549 1221 jam
578 1171 821 1220 legationem,
854 1176 970 1219 atque
1001 1170 1160 1207 alteram
1189 1171 1226 1207 in
1255 1171 1455 1217 Eretriam,
1490 1179 1645 1223 postea-

195 1246 309 1284 quam
329 1241 512 1283 tyrannos
529 1231 599 1269 iste
616 1231 653 1268 in
674 1230 732 1268 his
746 1231 903 1267 urbibus
919 1231 1183 1269 constituerat.
1204 1232 1405 1271 Postremo
1420 1234 1563 1272 classes
1579 1247 1644 1272 eas
1686 1263 1689 1267 .

197 1307 329 1332 omnes
358 1294 506 1340 immisi,
527 1293 663 1343 quibus
684 1297 722 1329 et
746 1292 1011 1330 Chersonesus
1039 1299 1077 1330 et
1092 1292 1322 1344 Byzantium
1349 1303 1387 1332 et
1407 1296 1499 1333 socii
1515 1308 1646 1333 omnes

198 1363 288 1395 sunt
312 1355 540 1394 conservati.
600 1353 713 1391 Unde
733 1353 838 1391 vobis
866 1354 1126 1404 pulcherrima
1157 1355 1223 1393 illa
1249 1363 1340 1394 nata
1370 1364 1471 1402 sunt,
1498 1358 1648 1403 laudes,

196 1418 328 1470 gloria,
348 1419 527 1464 honores,
555 1428 724 1466 coronae,
743 1415 875 1466 gratIae
890 1417 937 1454 ab
957 1417 1000 1454 iis
1028 1417 1093 1467 qui
1111 1418 1341 1456 beneficium
1363 1432 1385 1456 a
1403 1419 1511 1457 vobis
1534 1433 1646 1458 acce-

194 1488 355 1531 perant:
398 1491 530 1517 eorum
565 1482 690 1514 autem
723 1477 861 1527 quibus
895 1478 925 1514 is
953 1477 1129 1529 injurIam
1162 1479 1341 1527 faciebat,
1379 1481 1409 1517 si
1441 1480 1505 1531 qui
1537 1481 1645 1519 vobis

193 1547 413 1593 paruerunt,
445 1538 609 1576 salutem
640 1537 768 1588 adepti
799 1545 904 1585 sunt,
935 1539 999 1589 qui
1030 1546 1159 1577 autem
1189 1541 1452 1591 neglexerunt,
1475 1542 1537 1578 hoc
1561 1549 1646 1579 sunt

194 1603 371 1642 consecuti
390 1608 431 1638 ut
450 1607 489 1638 et
506 1613 553 1637 ea
567 1613 653 1650 quae
673 1599 932 1650 praedixeratis
952 1614 1056 1651 saepe
1085 1602 1393 1649 recordarentur,
1407 1616 1551 1653 vosque
1566 1616 1644 1641 non

193 1665 319 1704 solum
346 1663 485 1714 optime
513 1661 583 1699 sibi
611 1661 778 1699 voluisse
809 1661 879 1698 sed
911 1667 949 1699 et
967 1662 1173 1712 prudentes
1201 1664 1302 1701 viros
1336 1670 1375 1701 et
1399 1672 1505 1702 vates
1525 1664 1644 1703 fuisse

187 1727 428 1780 judicarent3
459 1723 589 1761 omnia
608 1723 708 1761 enim
730 1736 971 1774 quaecunque
986 1723 1030 1761 iis
1046 1724 1290 1774 praedixistis,
1311 1733 1534 1763 evenerunt.

245 1789 310 1824 25.
339 1785 456 1836 Atqui
474 1796 615 1835 magno
635 1790 853 1834 empturum
885 1783 1003 1822 fuisse
1038 1784 1294 1832 Philistidem,
1313 1792 1357 1823 ut
1377 1786 1518 1827 Oreum
1533 1793 1641 1825 tene·

191 1856 262 1895 ret,
280 1861 423 1899 magno
444 1845 695 1892 Clitarchum,
715 1851 758 1883 ut
782 1845 971 1883 Eretriam
999 1846 1222 1896 possideret,
1256 1860 1398 1897 magno
1421 1847 1641 1899 Philippum

189 1911 329 1963 ipsum,
342 1917 385 1947 ut
401 1910 486 1947 haec
509 1914 645 1946 contra
662 1920 732 1945 vos
744 1907 924 1958 praesidia
941 1906 1115 1954 haberet,
1131 1921 1202 1945 nec
1217 1907 1266 1946 de
1281 1908 1427 1946 caeteris
1443 1909 1556 1947 rebus
1572 1923 1639 1947 co-

192 1978 429 2024 argueretur,
448 1984 524 2008 neu
542 1970 627 2021 quis
642 1970 680 2007 in
693 1982 758 2006 eas
773 1981 869 2020 quas
883 1968 1050 2007 faciebat
1063 1969 1221 2021 injurias
1240 1983 1405 2021 usquam
1421 1971 1642 2022 inquireret,

191 2046 305 2072 nemo
337 2039 396 2070 est
424 2032 488 2082 qui
516 2031 680 2081 ignorat,
701 2030 870 2068 omnium
902 2043 992 2068 vero
1017 2030 1171 2069 minime
1199 2038 1265 2068 tu:
1294 2031 1412 2082 legati
1445 2032 1545 2070 enim
1575 2032 1640 2082 qui

190 2103 273 2134 tum
300 2108 323 2132 a
353 2093 548 2132 Clitarcho
578 2100 617 2130 et
647 2092 849 2130 Philistide
873 2092 949 2130 huc
976 2092 1195 2138 veniebant,
1232 2093 1334 2144 apud
1367 2101 1417 2138 te,
1444 2093 1639 2137 AEschine,

189 2159 490 2201 diversabantur,
510 2162 627 2205 tuque
657 2154 743 2191 illos
775 2153 943 2204 ho'spitio
975 2154 1128 2204 publico
1158 2154 1360 2204 excepist13
1390 2167 1486 2204 quos
1505 2155 1638 2192 civitas

189 2225 313 2258 nostra
330 2226 512 2268 tanquam
530 2216 659 2254 hostes
679 2208 718 2253 et
735 2228 860 2266 neque
875 2215 981 2266 justa
1007 2228 1133 2264 neque
1156 2215 1263 2252 utilia
1284 2215 1489 2253 suadentes
1510 2215 1637 2265 ejecit,

189 2281 231 2320 at
246 2281 314 2319 tibi
333 2289 441 2318 erant
466 2278 588 2317 amici.
646 2276 750 2314 Nihil
772 2276 883 2327 igitur
901 2276 1037 2314 horum
1059 2276 1202 2314 factum
1221 2283 1293 2323 est,
1314 2289 1337 2314 o
1356 2277 1428 2314 mei
1450 2276 1637 2314 maledice

187 2343 412 2387 insectator,
431 2341 496 2391 qui
515 2339 622 2384 dicis,
643 2352 703 2376 me
737 2345 897 2388 accepto
915 2350 1071 2374 munere
1099 2344 1239 2382 tacere,
1274 2343 1504 2388 consumpto
1534 2338 1637 2375 voci·

188 2403 315 2441 serari.
371 2402 433 2439 Tu
459 2414 551 2439 vero
575 2412 653 2438 non
685 2400 790 2443 item,
818 2398 886 2436 sed
917 2404 955 2435 et
986 2404 1066 2434 tum
1091 2397 1313 2435 vociferaris
1334 2411 1422 2435 cum
1442 2398 1575 2443 habes,
1597 2406 1636 2436 et

190 2476 385 2514 nunquam
401 2462 567 2508 desines,
586 2461 663 2498 nisi.
678 2460 718 2497 hi
729 2460 796 2498 tibi
807 2471 942 2496 vocem
953 2458 1264 2509 compresserint,
1281 2458 1437 2496 infamia
1448 2459 1634 2497 hodierno

191 2527 253 2564 die
272 2531 419 2563 notato.

242 2588 308 2625 26.
338 2586 437 2623 Cum
461 2584 576 2634 igitur
593 2589 746 2634 propter
763 2581 834 2620 has
857 2593 996 2620 causas
1015 2593 1082 2618 vos
1101 2593 1162 2618 me
1181 2588 1264 2618 tum
1284 2593 1426 2618 corona
1446 2580 1633 2618 donasse-

188 2651 251 2695 tis,
280 2647 566 2699 scripsissetque
586 2643 825 2682 Aristonicus
857 2643 1056 2680 decretum
1075 2642 1209 2687 iisdem
1229 2642 1343 2692 plane
1362 2641 1529 2692 syllabis,
1550 2640 1633 2690 qui-

187 2713 260 2749 bus
279 2722 383 2747 nunc
401 2707 518 2745 utitur
539 2706 764 2756 Ctesiphon,
787 2717 953 2755 cumque
982 2716 1135 2742 coronae
1154 2703 1379 2755 praedicatio
1412 2703 1513 2739 facta
1531 2708 1634 2739 esset

188 2772 229 2810 in
259 2771 439 2815 Theatr0‚
470 2774 584 2818 atque
610 2767 685 2804 hoc
717 2766 924 2804 seeundum
952 2765 1044 2802 mihi
1071 2769 1151 2813 jam
1177 2764 1355 2814 obtigerit
1383 2762 1633 2813 praeeonium,

192 2842 318 2884 neque
335 2839 418 2870 tum
436 2827 665 2869 contradixit
685 2826 897 2873 AEschines,
917 2839 1005 2864 cum
1026 2833 1166 2877 praesto
1193 2830 1306 2871 esset,
1322 2835 1443 2873 neque
1462 2835 1549 2861 eum
1569 2823 1635 2874 qui

878 2891 902 2925 2
934 2900 963 2925 A
