1923 3149
291 116 366 153 310
712 118 1000 157 ADVERSUS
1032 118 1331 156 LEPTINEM.

287 219 455 257 fectibus
489 220 663 258 laborare
697 222 847 260 videtur
881 229 1016 260 auctor
1047 222 1171 259 illius:
1201 222 1308 260 vobis
1343 234 1431 259 vero
1465 236 1541 260 non
1568 222 1747 262 convenit

288 280 381 318 talia
407 281 558 327 imitari,
587 295 713 333 neque
731 283 1024 328 ,virtutevestra
1044 284 1250 333 quiequam
1269 283 1467 333 indignum
1496 284 1742 331 committere.

288 342 393 385 Quid
413 343 512 379 enim
533 344 692 382 obsecro
712 352 782 389 est,
809 345 911 395 quod
935 344 1108 382 vmaxime
1138 346 1387 396 deprecemur
1419 358 1567 390 omnes,
1582 352 1625 396 ,et
1651 345 1744 395 quid

287 403 463 441 omnibus
492 404 641 454 legibus
676 407 964 444 accuratissime
998 414 1152 444 cautum
1192 405 1280 443 est?
1339 405 1398 443 Ne
1435 414 1580 444 mutuae
1614 406 1744 444 caedes

286 465 401 510 fiant;
431 466 541 517 cujus
561 467 613 504 rei
634 475 764 505 custos
784 469 945 505 eximius
975 474 1132 506 senatus
1159 467 1457 517 Areopagiticus
1479 474 1538 505 cst
1557 468 1745 506 constitu·

285 533 361 564 tus.
419 528 464 564 In
489 527 638 579 legibus
673 529 788 578 igitur
823 530 949 567 Draco
976 543 1064 580 quae
1093 529 1140 566 de
1169 528 1382 566 homicidiis
1414 529 1503 566 latae
1534 536 1636 574 sunt,
1657 542 1743 567 cum

285 588 494 626 maximum
517 596 699 627 terrorem
719 590 892 627 incutere
914 591 1090 640 omnibus
1111 590 1241 636 vellet,
1262 603 1309 628 ne
1331 591 1415 641 quis
1430 590 1631 641 jugularet
1649 591 1744 628 alte·

284 650 567 700 rum,*scripsit‚
588 650 821 688 homicidam
849 651 1059 689 arcendum
1077 665 1161 690 esse
1183 666 1204 689 a
1223 651 1529 702 purgationibus,
1550 652 1741 690 libationi-

283 711 368 756 bus,
391 711 617 757 crateribus,
638 711 751 756 fanis,
773 711 870 757 soro,
899 719 938 749 et
965 719 1093 762 cetera
1112 713 1426 752 commemoravit
1446 714 1585 758 omnia,
1603 714 1742 763 quibus

224 786 227 789 ·
282 786 322 809 se
341 772 516 810 homines
537 773 699 810 maxime
715 786 977 823 repressurum
992 774 1172 825 opinatus
1189 782 1247 813 est
1267 788 1314 812 ne
1335 775 1427 825 quid
1447 775 1525 812 tale
1542 776 1742 821 auderent,

282 845 355 870 nec
375 840 504 871 tamen
519 834 616 884 juris
638 834 810 872 ordinem
833 836 1002 880 sustulit,
1027 836 1096 874 sed
1127 837 1312 882 definivit,
1332 843 1488 887 propter
1507 850 1591 887 quae
1614 837 1743 876 liceret

280 894 428 932 caedem
461 895 612 933 facere:
643 902 681 933 ct
711 896 741 932 si
774 897 859 946 quis
889 910 935 934 eo
963 897 1078 934 modo
1109 898 1257 935 caedem
1292 897 1460 941 fecisset,
1493 911 1629 947 purum
1663 899 1743 936 sore

280 955 558 1007 pronunciavit.
617 956 806 994 Occidere
838 957 952 1007 igitur
964 961 1063 1005 jure,
1087 958 1221 995 vestris
1242 958 1394 1008 quidem
1416 957 1564 1008 legibus
1587 958 1740 997 licebit:

279 1019 440 1068 gratiam
461 1024 647 1068 repetere,
668 1031 794 1068 neque
821 1021 920 1065 jure,
951 1032 1022 1055 nec
1056 1018 1136 1056 ullo
1168 1019 1284 1056 modo
1303 1019 1447 1063 licebit,
1468 1031 1535 1069 per
1553 1018 1662 1056 istius
1684 1019 1739 1058 le-

280 1080 398 1130 gem?
455 1080 617 1118 Minime
636 1093 739 1125 vero,
761 1080 1036 1124 Athenienses,
1069 1080 1224 1118 minime
1258 1081 1306 1118 de
1334 1081 1442 1119 vobis
1475 1093 1561 1118 eam
1593 1081 1740 1132 opinio-

279 1155 367 1179 nem
388 1142 547 1180 suboriri
569 1143 781 1193 patiamini,
802 1149 845 1179 ut
873 1142 950 1180 hoc
980 1142 1115 1192 majori
1138 1142 1266 1180 studio
1288 1143 1394 1180 vobis
1415 1143 1529 1180 fuisse
1551 1143 1738 1188 videatur,-

278 1217 327 1241 ne
351 1204 571 1254 cuigratia
600 1204 798 1250 referatur,
821 1216 936 1254 quam
967 1217 1016 1240 ne
1048 1216 1126 1254 qua
1158 1204 1285 1240 caedes
1317 1204 1354 1240 in
1387 1205 1480 1241 urbe
1504 1212 1630 1241 vestra
1656 1204 1737 1256 fiat.

280 1266 359 1303 Sed
392 1265 582 1303 recordati
617 1278 748 1303 eorum
781 1273 1009 1315 temporum,
1032 1265 1169 1315 quibus
1189 1264 1317 1302 affecti
1349 1265 1543 1302 beneficiis
1573 1265 1736 1315 gratiam

277 1327 474 1373 retulistis,
494 1327 732 1364 immunitate
753 1326 854 1371 data,
876 1334 914 1364 et
931 1326 1193 1377 Demophanti
1221 1333 1373 1371 statuae,
1394 1326 1442 1376 de
1462 1340 1540 1376 qua
1555 1326 1738 1364 Phormio

279 1388 389 1438 dixit,
421 1389 457 1425 in
491 1401 570 1438 qua
588 1389 784 1439 ¹scriptum
819 1396 856 1426 et
881 1389 1135 1440 jurejurando
1169 1389 1437 1426 confirmatum
1470 1396 1551 1427 est:
1589 1390 1631 1426 si
1661 1391 1737 1428 cui

277 1450 396 1500 quid
438 1463 530 1500 pro
572 1450 822 1487 libertate
849 1450 1052 1500 ‘Populi
1092 1450 1737 1501 propugnantiacciderit,

275 1512 447 1550 eadem
476 1525 564 1549 vos
606 1511 684 1549 illi
713 1512 930 1562 proemia
969 1512 1200 1558 daturos,
1231 1526 1341 1564 quae
1371 1512 1659 1550 Harmodio
1687 1520 1737 1550 et

277 1574 673 1623 Aristogitoni:
704 1574 961 1611 condemnate
993 1573 1119 1624 legem
1139 1574 1276 1612 istam!
1334 1573 1453 1616 Quod
1483 1573 1558 1611 nisi
1589 1574 1734 1618 factum

274 1636 400 1681 fuerit,
415 1636 668 1687 jurisjurandi
685 1636 801 1673 vest-ri
821 1635 1043 1686 religionem
1064 1635 1269 1673 violabitis.
1375 1631 1378 1635 ’
1496 1679 1502 1684 .

276 1718 278 1720 ·
331 1700 393 1736 35.
424 1697 570 1735 Praeter
590 1697 671 1734 haec
705 1697 847 1743 onmia,
869 1697 983 1735 etiarn
1004 1696 1100 1734 illud
1121 1696 1264 1734 audite.
1322 1697 1420 1735 Fieri
1453 1698 1587 1748 nequit
1617 1705 1660 1736 ut
1689 1711 1735 1736 ea

273 1760 336 1798 lex
352 1759 553 1798 commode
573 1759 652 1796 lata
671 1759 731 1803 sit,
754 1772 840 1809 quae
862 1759 909 1803 de
930 1758 1131 1809 praeteritis
1163 1766 1202 1796 et
1230 1757 1369 1797 futuris
1395 1772 1472 1797 non
1502 1759 1636 1797 eadem
1659 1767 1735 1798 sta·

275 1822 371 1859 tuit:
393 1821 619 1872 nequis,
642 1820 777 1870 inquit,
810 1820 1041 1857 immunis
1072 1826 1194 1864 esto,
1227 1821 1452 1870 exceptis
1484 1820 1732 1858 Harmodii

274 1890 323 1920 et
371 1881 732 1931 Aristogitonis
780 1881 1024 1931 posteris:
1074 1881 1198 1918 bene!
1230 1893 1318 1930 nec·
1353 1880 1584 1931 deinceps
1621 1881 1731 1919 dare

273 1943 436 1982 liceat.
456 1982 459 1983 γ
496 1943 554 1980 Ne
577 1950 657 1980 tum
677 1942 847 1992 quidem,
869 1942 1041 1993 Leptine,
1065 1942 1094 1979 si
1127 1941 1225 1979 tales
1246 1941 1362 1992 aliqui
1383 1934 1627 1980 exstiterint?
1684 1943 1735 1980 At
1764 1990 1767 1993 ῃ

272 2008 336 2057 qui
358 2013 539 2044 anteacta
557 2005 839 2056 reprehendere
856 2018 931 2041 non
951 2018 992 2042 es
1013 2017 1143 2048 ausus,
1160 2003 1281 2054 quid?
1303 2017 1395 2041 num
1416 2011 1456 2042 tu
1477 2005 1591 2042 etiam
1606 2005 1736 2043 futura

272 2082 385 2107 noras
401 2068 427 2107 ?,
463 2067 591 2107 ,Dices
630 2066 783 2116 quidcni
825 2066 955 2116 procul
990 2079 1060 2103 uos
1101 2067 1235 2103 abesse
1274 2078 1295 2103 a
1329 2065 1398 2102 tuli
1433 2068 1731 2117 exspectatione.

273 2132 427 2169 Utinam
447 2130 600 2181 quidem
632 2130 684 2166 ita
705 2129 768 2173 sit,
794 2129 1075 2166 Athenienses!
1117 2127 1195 2168 Sed
1216 2140 1302 2165 cum
1324 2127 1498 2166 homines
1525 2129 1654 2174 simus,
1683 2142 1730 2167 ea

271 2201 349 2230 tum
371 2193 653 2237 dicendarum
674 2190 824 2240 legibus
845 2190 1058 2228 sancienda
1077 2196 1180 2235 sunt,
1201 2202 1286 2240 quae
1306 2202 1418 2226 nemo
1433 2190 1519 2239 jure
1539 2189 1728 2241 culparit:

269 2261 307 2291 et
325 2255 428 2292 bona
443 2254 598 2304 quidem
620 2252 897 2302 exspectanda,
918 2259 957 2289 et
972 2252 1068 2289 votis
1087 2265 1110 2301 a
1123 2251 1195 2288 diis
1212 2249 1488 2288 immortalibus
1507 2252 1731 2303 exoptanda

269 2322 372 2358 sunt,
394 2316 463 2353 sed
485 2315 576 2352 nihil
595 2314 751 2353 humani
774 2321 900 2351 tamen
922 2313 1087 2351 alienum
1108 2326 1130 2350 a
1150 2313 1260 2350 nobis
1278 2311 1496 2350 existimare
1527 2312 1727 2352 debemus.

271 2377 354 2414 Nec
370 2377 468 2413 enim
486 2375 773 2413 Lacedaemonii
796 2389 962 2426 unquam
984 2382 1186 2426 sperarunt
1201 2375 1256 2411 ita
1273 2387 1403 2412 secum
1420 2382 1545 2413 actum
1562 2375 1606 2413 iri
1622 2389 1631 2414 ε
1662 2390 1728 2414 ne·

266 2452 339 2489 que
354 2439 451 2476 sorte
473 2437 718 2488 Syracusani,
739 2437 803 2487 qui
823 2437 999 2488 populari
1018 2443 1108 2474 sunt
1128 2435 1215 2473 olim
1239 2436 1296 2473 usi
1318 2436 1464 2486 republ.
1486 2442 1525 2474 et
1543 2437 1685 2476 tributa
1704 2452 1727 2477 a

267 2499 638 2551 Carthaginensibus
657 2506 883 2547 exegerunt,
901 2507 938 2536 et
968 2498 1136 2536 finitimis
1164 2498 1341 2535 omnibus
1363 2498 1611 2549 imperarunt,
1638 2513 1724 2538 cum

265 2575 336 2600 nos
357 2562 483 2600 navali
502 2560 633 2612 proelio
655 2568 918 2610 superassent,
932 2573 979 2597 ne
999 2561 1046 2608 ab
1073 2572 1150 2596 uno
1169 2559 1309 2603 scriba,
1334 2560 1429 2610 [qui,
1450 2567 1490 2598 ut
1511 2561 1633 2606 aiunt,
1655 2563 1723 2600 mi·

265 2625 381 2663 nister
394 2621 549 2670 suerat‚]
563 2622 768 2674 tyrannide
782 2623 1099 2673 opprimerentur.
1124 2620 1260 2672 Neque
1278 2621 1500 2673 Dionysius,
1516 2623 1582 2673 qui
1597 2623 1722 2661 adhuc

263 2694 458 2738 superstes
488 2694 561 2731 est,
583 2697 751 2736 unquam
770 2684 961 2734 ¹fortassis
990 2684 1169 2733 opinatus
1190 2691 1250 2721 est
1280 2684 1375 2730 fore,
1395 2691 1438 2722 ut
1458 2697 1481 2722 a
1502 2684 1642 2730 Dione,
1661 2698 1722 2724 ro-

261 2748 384 2786 tunda
404 2761 500 2786 nave
531 2754 569 2785 et
600 2746 734 2798 paucis
769 2759 856 2783 cum
889 2745 1072 2783 militibus
1093 2745 1280 2783 adversus
1301 2758 1341 2782 se
1361 2744 1550 2796 profecto,
1565 2745 1724 2797 irnperio

261 2810 502 2861 spoliaretur,
519 2810 582 2859 qui
604 2809 775 2846 triremes
799 2808 938 2845 multas
955 2815 994 2845 et
1010 2807 1146 2845 milites
1167 2814 1207 2845 et
1224 2808 1335 2845 urbes
1354 2807 1584 2858 possideret.
1629 2808 1721 2854 Sed,

260 2885 344 2911 mea
365 2871 567 2913 sententia,
591 2871 680 2921 quid
703 2870 875 2908 futurum
897 2869 1155 2919 sit,¹omnibus
1176 2869 1392 2907 hominibus
1414 2870 1619 2908 obscurum
1640 2878 1719 2908 est:
