1923 3149
480 223 691 262 LIBANII
723 223 1123 263 ARGUMENTUM
1156 223 1212 261 lN
1244 220 1641 260 OLYNTHIACAM

744 294 1055 333 SECUNDAM
1084 293 1381 344 (TERTIAM.)

373 387 618 418 Arnemnxsus
634 387 790 426 Olynthiis
804 388 918 418 auxilia
933 388 1086 423 miserant,
1114 389 1224 428 quibus
1249 387 1365 428 aliquid
1389 387 1559 426 profecisse
1585 384 1781 414 videbantur.

333 438 425 475 Quod
446 448 514 467 cum
539 437 584 467 cis
599 438 804 474 nunciaretur,
819 444 849 468 et
865 439 994 478 populus
1012 440 1123 479 gaudio
1138 439 1323 474 exsultabat,
1343 442 1374 467 et
1391 442 1532 468 oratores
1548 437 1585 465 ad
1600 434 1781 477 <Philippum

335 489 540 519 ulciscendum
558 489 763 518 hortabantur.
826 490 1048 520 Demosthenes
1065 495 1164 520 autem
1181 489 1297 519 veritus
1322 499 1358 518 ne
1377 487 1488 517 fiducia
1508 486 1602 526 pleni,
1621 489 1654 514 ut
1669 485 1720 524 qui
1737 483 1784 514 vi-

335 539 450 569 cissent
471 540 583 575 omnia,
599 543 630 568 et
654 540 771 569 auxilia
789 540 862 570 satis
887 550 995 579 magna
1019 540 1171 569 misissent
1189 538 1358 578 Olynthiis,
1377 537 1494 577 reliqua
1518 536 1725 575 negligerent,
1748 543 1786 563 ea

333 591 373 620 de
386 600 477 620 causa
491 600 683 629 progressus,
701 600 804 620 eorum
817 591 1020 630 arrogantiam
1034 590 1179 625 retundit,
1196 595 1227 619 et
1242 589 1280 618 ad
1300 589 1467 618 modestam
1484 588 1652 617 cautionem
1668 585 1785 615 animos

334 641 486 672 traducit:
504 641 585 680 quod
602 651 659 670 non
679 641 718 670 de
734 640 872 681 Philippi
896 642 1010 671 ultione
1026 651 1105 670 nunc
1121 641 1166 670 eis
1182 640 1413 671 deliberandum
1430 640 1479 676 sit,
1497 639 1550 668 sed
1566 639 1605 668 de
1620 636 1720 667 salute
1737 645 1788 664 so-

334 688 471 722 ciorum.⁴
505 691 630 721 Sciebat
645 691 723 721 enim
740 697 770 721 et
786 691 1000 727 Athenienses,
1017 696 1048 721 et
1065 691 1140 721 alios
1154 692 1285 721 sortasse
1304 690 1477 725 nonnullos,
1493 699 1548 719 sua
1569 688 1692 728 quidem
1709 685 1787 717 reti-

331 743 424 773 nendi
439 752 541 772 curam
558 742 713 780 suscipere
728 743 817 777 velle,
831 742 868 771 de
886 742 1070 771 ulciscendis
1087 746 1187 771 autem
1203 741 1387 771 adversariis
1400 741 1498 770 minus
1510 740 1656 770 laborare.

376 795 412 824 In
425 794 482 823 hac
493 793 631 823 oratione
643 793 715 822 illud
735 793 825 823 etiam
840 793 999 823 consilium
1016 794 1053 822 de
1067 792 1206 822 theatrali
1218 793 1346 832 pecunia
1363 792 1486 831 attingit
1497 790 1646 832 apertius,
1658 793 1691 819 et
1700 789 1786 826 leges

331 845 468 887 postulat
490 844 639 884 abrogari,
660 855 726 883 quae
743 844 882 873 mulctam
905 844 1064 883 imponant
1080 843 1132 878 iis,
1145 843 1196 882 qui
1212 844 1412 873 decernerent
1427 847 1459 872 ut
1473 852 1509 872 ea
1527 842 1611 871 fieret
1626 839 1787 876 militaris5

335 905 395 935 quo
407 894 534 924 suadere
551 893 665 934 optima
678 894 776 923 liceat.
799 895 906 923 Monet
923 904 975 923 eos
990 894 1130 932 denique,
1146 897 1181 922 ut
1196 894 1233 922 ad
1250 895 1398 932 majorum
1415 891 1636 922 aemulatiouem
1649 889 1788 920 exciten-

333 951 394 982 tur,
409 951 439 976 et
454 946 515 987 ipsi
531 946 616 975 cives
633 946 783 983 militent3
807 946 999 985 graviterque
1022 947 1162 986 objurgat
1189 951 1220 975 et
1250 947 1412 987 populum,
1429 955 1465 975 eo
1481 950 1621 984 tempore
1643 943 1786 974 remolle-

335 1002 467 1028 scentem
485 1001 574 1036 atque
592 996 808 1031 effeminatum,
820 1001 850 1026 ct
862 996 1071 1036 magistratus,
1086 1002 1119 1026 ut
1135 997 1186 1036 qui
1202 1007 1261 1027 non
1277 1003 1361 1028 recte
1373 997 1499 1037 praesint
1510 995 1703 1036 reipublicae.

763 1215 1351 1270 DEMOSTHENIS

655 1340 1179 1388 OLYNTHIACA
1229 1340 1306 1389 III
1358 1340 1468 1404 (II).

390 1465 424 1502 l.
455 1464 546 1502 Non
569 1464 670 1502 idem
690 1471 858 1503 statuere
873 1478 1046 1515 possum,
1067 1465 1340 1512 Athenienses,
1360 1478 1450 1503 cum
1482 1464 1522 1501 in
1546 1476 1608 1502 res
1634 1463 1783 1502 intueor

331 1525 426 1563 etin
456 1525 645 1563 orationes
675 1538 770 1575 quas
797 1526 939 1564 audio:
969 1539 1060 1564 nam
1087 1526 1278 1564 orationes
1308 1527 1464 1576 quidem
1491 1525 1539 1563 de
1564 1524 1790 1580 ulciscendo

331 1584 506 1636 Philippo
539 1586 682 1631 haberi,
713 1600 772 1625 res
801 1594 929 1625 autem
960 1600 1006 1625 eo
1031 1600 1257 1638 progressas
1276 1587 1402 1635 video,
1422 1594 1466 1625 ut
1501 1600 1549 1625 ne
1576 1586 1651 1638 ipsi
1681 1586 1789 1637 prius

327 1647 575 1685 infortunium
596 1648 762 1686 feramus
784 1650 833 1686 sit
852 1648 1144 1699 providendum.
1203 1650 1464 1691 Quamobrem
1480 1648 1573 1686 nihil
1590 1648 1694 1686 aliud
1715 1647 1788 1685 nisi

329 1721 453 1746 errare
475 1709 566 1746 mihi
588 1709 765 1747 videntur
791 1710 830 1755 ii,
855 1710 921 1759 qui
946 1710 1020 1747 ista
1045 1710 1195 1755 dicunt,
1218 1723 1306 1747 cum
1326 1716 1597 1760 argumentum
1620 1715 1790 1751 tractent

330 1781 485 1820 prorsus
504 1770 550 1807 ab
575 1769 648 1807 hac
669 1777 794 1807 vestra
820 1770 1096 1808 deliberatione
1122 1769 1303 1808 alienum.
1359 1771 1444 1821 Ego
1463 1783 1554 1808 vero
1579 1769 1790 1821 aliquando

330 1830 487 1867 licuisse
513 1831 655 1868 civitati
680 1839 719 1868 et
755 1843 825 1869 sua
855 1839 983 1869 tenere
1008 1838 1092 1869 tuto
1120 1838 1160 1870 et
1182 1831 1405 1883 Philippum
1431 1832 1578 1878 ulcisci,
1600 1831 1786 1883 praeclare

331 1893 443 1936 novi;
476 1904 560 1929 mea
579 1892 679 1929 enim
701 1899 830 1937 aetate,
856 1906 933 1931 non
959 1892 1050 1931 olim
1070 1893 1318 1944 contigerunt
1350 1894 1434 1932 haec
1467 1900 1651 1943 utraque:
1685 1901 1791 1932 nunc

331 1960 460 1991 autem
477 1954 532 1992 sic
553 1954 727 1999 arbitror,
746 1954 840 1991 satis
866 1966 950 1991 esse
970 1954 1094 2000 nobis,
1116 1955 1148 1992 si
1174 1954 1248 1992 hoc
1266 1954 1428 2005 primum
1457 1954 1790 2000 anteverterimus,

332 2022 376 2052 ut
395 2016 519 2053 socios
539 2028 824 2053 conservemus.
880 2015 1029 2053 Horum
1055 2016 1157 2054 enim
1177 2016 1281 2054 salus
1300 2017 1330 2054 si
1353 2017 1391 2053 in
1409 2022 1494 2054 tuto
1513 2015 1704 2054 collocata
1729 2016 1791 2054 fu-

332 2075 416 2121 erit,
437 2082 517 2113 tum
532 2082 572 2113 et
590 2088 666 2126 qua
685 2076 831 2113 ratione
847 2075 950 2113 illum
967 2076 1100 2115 ulcisci
1119 2077 1286 2128 possitis,
1308 2076 1496 2127 dispicere
1512 2077 1661 2115 licebit:
1682 2083 1791 2116 ante-

331 2149 449 2187 quam
481 2143 608 2174 autem
641 2136 870 2188 principium
901 2145 1004 2176 recte
1040 2138 1312 2185 constituatur,
1343 2150 1674 2190 supervacaneum
1706 2151 1794 2178 esse

335 2197 436 2236 duco
455 2197 502 2235 de
525 2198 599 2234 fine
621 2197 739 2234 ullum
762 2198 887 2236 facere
909 2212 1137 2237 sermonem.

387 2260 426 2295 2.
455 2258 513 2296 Ac
533 2265 706 2308 tempora
725 2258 880 2308 quidem
908 2259 1005 2304 haec,
1033 2261 1308 2307 Athenienses,
1332 2261 1364 2299 si
1383 2261 1723 2312 unquam,[nunc]
1754 2261 1791 2299 in

330 2318 461 2371 primis
481 2332 659 2369 magnam
689 2319 971 2358 solicitudinem
992 2328 1030 2359 et
1050 2321 1292 2372 prudentIam
1312 2322 1524 2373 requirunt.
1581 2322 1667 2373 Ego
1686 2335 1804 2369 ver0‚·

331 2393 409 2417 non
425 2379 516 2430 quid
536 2380 571 2417 in
593 2380 697 2418 hisce
716 2381 829 2418 rebus
857 2381 1095 2419 suadendum
1112 2383 1173 2429 sit,
1195 2382 1461 2422 difficillimum
1481 2397 1566 2422 esse
1586 2383 1700 2431 duco,
1722 2383 1794 2422 sed

331 2441 429 2478 illud
449 2440 597 2491 dubito,
618 2453 694 2491 quo
715 2441 762 2479 sit
782 2449 912 2492 pacto,
930 2443 1202 2489 Athenienses,
1223 2443 1327 2494 apud
1341 2457 1409 2482 vos
1429 2445 1477 2482 de
1494 2445 1549 2482 eis
1569 2443 1795 2484 dicendum.

334 2502 564 2540 Persuasum
586 2503 687 2540 enim
707 2502 832 2540 habeo
854 2516 899 2541 ex
918 2504 962 2541 iis
983 2516 1070 2554 quse
1091 2517 1222 2542 coram
1244 2505 1370 2543 audivi
1390 2513 1429 2543 et
1446 2506 1635 2552 intellexi,
1665 2505 1793 2557 plera-

332 2577 408 2614 que
427 2564 534 2601 vobis
555 2563 749 2602 effluxisse
769 2565 936 2615 negotia,
957 2579 1003 2602 co
1021 2566 1125 2616 quod
1144 2567 1272 2606 nolitis
1295 2568 1424 2606 officio
1443 2568 1567 2619 fungi,
1589 2581 1667 2606 non
1686 2567 1793 2618 quod

333 2625 524 2663 nesciatis.
573 2626 700 2668 Quare
718 2633 805 2677 peto
821 2640 844 2664 a
864 2628 985 2673 vobis,
1005 2635 1048 2666 ut
1067 2642 1143 2675 me,
1159 2629 1189 2667 si
1208 2630 1324 2681 paulo
1339 2630 1493 2668 liberius
1512 2632 1630 2669 verba
1647 2630 1790 2678 fecero,

333 2685 478 2731 seratis,
507 2693 546 2724 et
565 2686 603 2724 id
624 2688 820 2737 spectetis,
854 2702 902 2726 an
922 2702 1011 2727 vera
1039 2689 1314 2742 dicam,eaque
1332 2692 1380 2730 de
1410 2705 1542 2738 causa,
1572 2698 1618 2730 ut
1645 2690 1792 2742 reliqua

332 2746 425 2783 fiant
441 2746 615 2789 meliorum
646 2747 781 2785 videtis
799 2749 897 2785 euim
913 2762 959 2786 ex
980 2762 1025 2787 co
1041 2750 1145 2800 quod
1165 2752 1320 2801 quidam
1337 2752 1386 2790 ad
1405 2753 1568 2804 gratiam
1582 2752 1789 2791 conciones

333 2805 488 2852 habent,
510 2821 565 2845 res
588 2815 737 2847 nostras
760 2810 797 2846 in
820 2823 971 2848 omnem
988 2824 1211 2863 progressas
1234 2827 1320 2853 esse
1336 2814 1609 2854 calamitatem.
1644 2814 1792 2854 Neces-
