1923 3149
456 199 532 239 DE
559 198 795 241 FOEDERE
823 199 1207 240 ALEXANDREO.
1480 197 1554 234 153

113 299 196 351 ejus
214 300 414 352 participes
434 315 566 342 sumus
582 317 668 355 quae
690 305 812 357 jubet,
843 315 910 342 eos
928 302 1021 341 talia
1044 302 1110 353 qui
1129 299 1289 340 fecerint
1305 299 1436 338 hostes
1448 298 1553 350 judi-

112 361 202 400 cari.
248 360 345 406 Quae
373 375 491 414 quum
528 364 583 404 ita
613 365 705 411 sint,
733 371 860 404 utrum
886 363 1152 403 communibus
1175 361 1293 411 jussis
1320 361 1552 411 parebimus,

110 421 275 460 hostium
293 422 381 462 loco
408 436 475 463 eos
504 425 683 471 habituri,
710 439 758 464 an
777 438 866 464 vero
894 425 1046 475 aliquis,
1065 435 1115 460 ex
1142 433 1273 460 eorum
1302 433 1459 460 numero
1488 421 1553 472 qui

111 483 323 522 Macedoni
341 485 516 524 mercede
536 483 719 523 conducti
739 484 907 522 serviunt
924 491 962 520 et
979 485 1020 520 iu
1040 488 1205 520 vestram
1224 480 1428 531 perniciem
1446 482 1555 520 locu·

108 543 241 594 pletati
261 552 362 589 sunt,
383 551 461 581 tam
480 543 551 580 erit
569 543 763 593 improbus
783 547 821 579 et
840 543 1028 592 perfrictae
1054 541 1190 580 frontis
1208 547 1253 578 ut
1271 540 1312 578 id
1342 541 1423 579 fieri
1441 555 1553 593 opor-

109 610 186 642 tere
207 603 350 654 neget'?
380 603 462 642 Nec
481 602 582 641 enim
600 602 736 641 horum
754 602 957 653 quicquam
984 615 1050 641 eos
1071 601 1251 653 praeterit,
1277 601 1347 639 sed
1371 608 1482 640 tanta
1507 603 1552 639 il-

108 665 231 703 lorum
249 664 454 703 insolentia
469 670 540 711 est,
565 670 608 702 ut
637 663 867 703 exercitibus
885 663 1036 716 tyranni
1053 670 1236 714 tanquam
1263 661 1440 700 custodia
1467 674 1553 700 mu-

107 726 189 772 niti,
200 739 266 764 vos
279 732 317 764 et
328 725 378 765 ad
391 725 574 765 violatum
583 725 853 777 jusjurandum
861 725 1073 773 hortentur,
1087 724 1198 776 quasi
1209 736 1298 762 vero
1316 723 1380 761 ille
1398 722 1555 774 perjurii

107 786 220 825 etiam
240 787 418 825 dominus
447 786 517 825 sit:
547 794 586 825 et
603 793 752 826 vestras
780 787 889 838 leges
913 799 980 824 vos
1007 787 1193 837 abrogare
1221 790 1374 835 cogant,
1403 783 1493 821 dum
1514 791 1554 822 et

106 847 304 886 sententiis
317 848 494 900 judicum
512 848 714 888 damnatos
734 848 953 894 absolvunt,
975 854 1014 886 et
1032 848 1106 886 alia
1123 846 1295 898 ejusdem
1320 845 1471 897 generis
1492 845 1551 883 in-

104 909 211 948 finita
238 923 323 961 quae
351 916 528 962 pugnant
552 924 641 950 cum
670 911 820 963 legibus
851 910 1086 949 committere
1105 922 1174 947 vos
1201 914 1356 958 cogant.
1409 907 1492 945 Nec
1511 907 1552 946 id

105 971 240 1008 mirum
272 976 354 1009 est:
383 984 471 1010 nam
489 972 554 1023 qui
574 973 799 1023 semetipsos
830 972 867 1009 in
887 972 1019 1023 patriae
1047 970 1253 1023 perniciem
1280 967 1551 1016 vendiderunt,

103 1032 143 1070 hi
163 1032 242 1070 fieri
259 1032 391 1084 nequit
408 1040 452 1072 ut
469 1033 574 1086 leges
594 1040 632 1072 et
644 1034 914 1086 jusjurandum
932 1039 1090 1079 curent;
1121 1031 1190 1071 sed
1216 1031 1307 1070 solis
1332 1029 1550 1068 nominibus

104 1093 305 1132 abutentes
324 1093 455 1133 fucum
474 1095 622 1133 faciunt
639 1095 713 1142 his,
741 1095 806 1146 qui
826 1108 903 1133 non
922 1101 967 1132 ut
988 1094 1152 1144 Judices,
1180 1092 1248 1131 sed
1274 1089 1433 1130 fallendi
1451 1097 1550 1128 tem-

103 1155 204 1206 poris
232 1155 356 1206 gratia
388 1156 590 1203 duntaxat,
617 1157 866 1195 concionibus
893 1156 1095 1203 intersunt,
1122 1167 1250 1206 neque
1284 1158 1422 1204 putant
1449 1151 1550 1190 hanc

101 1216 411 1266 tranquillitatem
431 1218 636 1269 aliquando
656 1219 736 1257 fore
753 1230 910 1257 causam
925 1219 1062 1256 subitae
1076 1223 1116 1255 et
1130 1228 1281 1267 magnae
1296 1213 1549 1265 tempestatis.

155 1277 192 1314 6.
223 1276 306 1328 Ego
326 1290 416 1316 vero
434 1278 567 1330 jubeo,
595 1278 920 1330 quemadmodum
938 1278 1045 1316 initio
1064 1277 1155 1324 dixi,
1170 1289 1302 1328 parere
1321 1275 1381 1324 his
1406 1274 1470 1324 qui
1490 1273 1548 1312 af-

101 1337 251 1376 firmant
275 1339 492 1378 communia
518 1346 633 1391 pacta
659 1340 800 1379 servari
828 1346 1025 1391 oportere:
1053 1338 1127 1377 nisi
1155 1338 1253 1375 forte
1280 1335 1374 1374 illud
1393 1340 1545 1385 putant,

99 1411 187 1436 cum
206 1399 340 1437 dicunt
352 1400 532 1438 standum
547 1414 632 1440 esse
646 1401 909 1453 jurejurando,
924 1413 965 1439 se
984 1411 1062 1438 non
1081 1399 1155 1437 hoc
1175 1398 1301 1436 dicere
1315 1396 1460 1433 nullam
1480 1408 1545 1433 ac-

99 1459 313 1511 cipiendam
328 1474 410 1500 esse
426 1461 617 1514 injuriam;
639 1469 678 1500 et
690 1462 881 1501 neminem
895 1461 1247 1500 animadversurum
1261 1458 1474 1509 opinantur,
1483 1463 1543 1508 ty-

98 1521 276 1560 rannides
294 1535 364 1573 pro
376 1523 618 1562 democratiis
633 1523 812 1562 constitui
830 1528 869 1561 et
882 1523 1115 1574 respublicas
1128 1519 1317 1571 abrogari.
1350 1519 1437 1556 Hoc
1452 1530 1544 1555 vero

101 1595 188 1620 cum
204 1582 331 1634 primis
344 1591 403 1622 est
417 1584 616 1622 ridiculum
630 1597 639 1622 ε
654 1598 772 1636 quum
784 1584 927 1623 foedere
940 1584 989 1623 sit
1001 1583 1298 1635 promulgatum,
1318 1593 1340 1618 a
1353 1594 1370 1618 s
1380 1593 1397 1618 s
1411 1593 1430 1618 e
1441 1593 1458 1617 s
1472 1592 1488 1617 s
1499 1591 1542 1616 o-

100 1642 239 1680 ribus
267 1649 313 1681 et
338 1643 453 1682 aliis
479 1644 535 1682 ad
562 1657 868 1683 communem
893 1644 1165 1683 custodiam
1191 1642 1416 1681 delectis
1438 1653 1542 1679 esse

99 1703 486 1753 providendum,
515 1718 571 1743 ne
603 1705 652 1742 in
681 1706 902 1744 urbibus
931 1706 992 1744 ad
1021 1717 1149 1756 quas
1180 1716 1271 1755 pax
1308 1702 1542 1741 attineat

97 1765 258 1803 caedes
297 1766 414 1804 fiant
447 1774 534 1804 aut
565 1768 764 1806 exsilia
796 1774 971 1806 contra
1008 1767 1144 1818 leges
1185 1765 1291 1803 illis
1333 1764 1538 1801 urbibus

98 1826 341 1873 usitatas,
385 1840 510 1865 neve
549 1829 789 1878 pecuniae
827 1829 1190 1880 publicentur,
1238 1839 1367 1864 neve
1406 1825 1537 1875 leges

97 1887 304 1938 agrariae
327 1887 577 1935 ferantur,
604 1902 724 1928 neve
752 1903 777 1927 n
793 1902 892 1927 ovae
918 1889 1109 1928 tabulae
1137 1887 1273 1932 fiant,
1299 1892 1378 1924 aut
1408 1884 1537 1923 servi

97 1948 152 1986 ad
179 1949 359 2000 pileum
385 1956 586 1988 vocentu
601 1965 618 1988 r
643 1963 876 1989 novarum
903 1964 952 1988 re
966 1964 1069 1988 rum
1095 1949 1281 1988 studio:
1311 1947 1371 1985 isti
1386 1952 1535 1984 tantum

97 2010 236 2048 absunt
253 2017 297 2048 ut
307 2011 510 2062 quicquam
524 2012 600 2051 tale
614 2012 852 2064 prohibeant,
871 2018 915 2049 ut
932 2012 1046 2050 etiam
1065 2011 1259 2062 adjutores
1275 2009 1373 2052 sint3
1403 2007 1466 2059 qui
1486 2020 1536 2044 an

97 2083 173 2108 non
187 2071 272 2122 jure
291 2073 433 2122 optimo
456 2073 699 2124 perimentur,
718 2088 805 2112 cum
823 2080 950 2112 tantas
980 2073 1112 2112 clades
1139 2072 1177 2110 in
1207 2072 1321 2109 urbes
1340 2068 1534 2113 invehant,

98 2138 140 2169 ut
157 2139 311 2184 propter
341 2146 470 2171 earum
494 2134 661 2170 cladium
680 2135 981 2186 magnitudinem
1002 2134 1076 2173 illis
1098 2133 1162 2185 qui
1187 2139 1245 2171 tot
1264 2143 1420 2168 numero
1444 2135 1536 2167 sunt

96 2191 320 2243 imperatum
339 2193 399 2239 sit,
414 2206 462 2231 ne
477 2193 526 2231 ad
546 2207 612 2232 eas
632 2196 903 2234 conniverent?

150 2254 188 2290 7.
221 2253 335 2292 Nunc
354 2254 460 2292 aliud
478 2255 680 2293 ostendam
706 2268 783 2306 quo
810 2257 977 2294 solutum
995 2262 1055 2294 est
1073 2255 1223 2294 foedus:
1253 2252 1436 2302 scriptum
1461 2256 1533 2295 est,

95 2315 373 2354 exsulibus
401 2329 491 2354 non
530 2316 695 2354 licere
734 2316 1036 2366 progressis
1072 2329 1130 2352 ex
1177 2313 1358 2363 aliqua
1398 2311 1531 2348 urbe

96 2376 361 2424 foederata,
391 2377 613 2416 infestis
646 2377 798 2416 armis
830 2374 998 2414 ullam
1032 2375 1208 2413 urbem
1242 2373 1532 2411 foederatam

98 2438 342 2487 aggredi;
372 2439 511 2489 quod
546 2440 590 2477 si
625 2439 729 2483 fiat,
768 2451 875 2476 eam
907 2437 1084 2475 urbem
1120 2449 1141 2474 e
1173 2447 1272 2485 qua
1298 2432 1533 2485 profecti

99 2497 208 2535 sint
253 2499 382 2537 foede
397 2513 446 2538 re
484 2500 747 2538 excluden
762 2500 889 2537 dam.
943 2498 994 2536 At
1039 2497 1205 2536 Macedo
1241 2502 1319 2534 tam
1358 2494 1533 2545 expedite

98 2571 203 2596 arma
228 2559 470 2607 circumtulit,
497 2567 540 2599 ut
564 2574 757 2612 nunquam
784 2573 831 2599 ea
856 2559 1086 2611 deposuerit»
1119 2558 1189 2597 sed
1218 2557 1331 2596 etiam
1355 2567 1458 2594 nunc
1487 2567 1534 2593 ea

98 2632 236 2670 gerens
247 2627 430 2670 quantum
445 2629 570 2672 potest
588 2623 714 2661 omnia
731 2630 972 2674 pervagetur.
1013 2620 1134 2671 quue
1153 2626 1262 2658 tanto
1289 2631 1391 2656 nunc
1411 2617 1532 2667 magis

97 2694 210 2732 quam
230 2681 348 2732 prius,
373 2689 417 2719 ut
443 2683 566 2722 edicto
596 2697 684 2722 curn
716 2684 809 2722 alios
836 2685 875 2722 in
906 2683 1000 2721 alias
1030 2681 1141 2720 urbes
1165 2689 1246 2720 tum
1271 2678 1530 2717 Paedotribam

98 2743 301 2794 Sicyonem
320 2742 534 2782 restituerit.
591 2746 732 2792 Quare,
753 2746 784 2783 si
809 2744 998 2784 communi
1016 2743 1148 2782 foederi
1166 2742 1379 2795 parendum
1399 2745 1470 2785 est,
1488 2744 1533 2776 ut

96 2804 157 2842 isti
176 2803 295 2849 aiunt,
313 2803 454 2842 foedere
481 2810 612 2845 nostro
640 2807 891 2845 excludentur
909 2807 1023 2845 urbes
1051 2819 1136 2857 quae
1165 2805 1257 2843 talia
1287 2807 1529 2853 peregerunt.

99 2866 215 2910 Quod
235 2866 266 2904 si
284 2879 374 2904 vera
392 2866 621 2906 occultanda
649 2875 749 2916 sunt,
769 2869 862 2907 nihil
881 2868 1006 2907 dicere
1025 2879 1185 2905 necesse
1205 2871 1275 2910 est,
1301 2861 1529 2900 Macedoni-

99 2939 165 2965 cas
183 2940 248 2966 eas
266 2940 374 2966 esse:
403 2926 462 2966 sin
476 2927 633 2967 ministri
646 2930 876 2969 Macedonis
890 2927 1095 2969 adversarii
1109 2925 1221 2965 vestri
1229 2925 1362 2976 jubere
1372 2933 1449 2960 non
1461 2918 1529 2959 de-

797 2996 824 3020 x
