<?xml version="1.0" encoding="UTF-8"?>
<!DOCTYPE html PUBLIC "-//W3C//DTD XHTML 1.0 Transitional//EN"
    "http://www.w3.org/TR/xhtml1/DTD/xhtml1-transitional.dtd">
<html xmlns="http://www.w3.org/1999/xhtml" xml:lang="en" lang="en">
 <head>
  <title>
</title>
<meta http-equiv="Content-Type" content="text/html;charset=utf-8" />
  <meta name='ocr-system' content='tesseract 3.04.00' />
  <meta name='ocr-capabilities' content='ocr_page ocr_carea ocr_par ocr_line ocrx_word'/>
</head>
<body>
  <div class='ocr_page' id='page_1' title='image "./oratoresatticie15dobs_0452.png"; bbox 0 0 1923 3149; ppageno 0'>
   <div class='ocr_carea' id='block_1_1' title="bbox 239 206 1278 245">
    <p class='ocr_par' dir='ltr' id='par_1_1' title="bbox 239 206 1278 245">
     <span class='ocr_line' id='line_1_1' title="bbox 239 206 1278 245; baseline 0.003 -4"><span class='ocrx_word' id='word_1_1' title='bbox 239 206 316 243; x_wconf 82' lang='lat'>436</span> <span class='ocrx_word' id='word_1_2' title='bbox 640 206 872 243; x_wconf 72' lang='lat' dir='ltr'>(JONTRA-</span> <span class='ocrx_word' id='word_1_3' title='bbox 890 206 1278 245; x_wconf 71' lang='lat' dir='ltr'><strong>TIMOCRATEM.</strong></span> 
     </span>
    </p>
   </div>
   <div class='ocr_carea' id='block_1_2' title="bbox 240 305 1707 2984">
    <p class='ocr_par' dir='ltr' id='par_1_2' title="bbox 240 305 1707 2250">
     <span class='ocr_line' id='line_1_2' title="bbox 240 305 1689 359; baseline 0.001 -18"><span class='ocrx_word' id='word_1_4' title='bbox 240 305 379 342; x_wconf 81' lang='lat' dir='ltr'>vindex</span> <span class='ocrx_word' id='word_1_5' title='bbox 399 305 584 344; x_wconf 77' lang='lat' dir='ltr'>libertatis</span> <span class='ocrx_word' id='word_1_6' title='bbox 603 308 825 346; x_wconf 79' lang='lat' dir='ltr'>exstitisset.</span> <span class='ocrx_word' id='word_1_7' title='bbox 859 308 1007 346; x_wconf 79' lang='lat' dir='ltr'>Deinde</span> <span class='ocrx_word' id='word_1_8' title='bbox 1023 307 1259 359; x_wconf 78' lang='lat' dir='ltr'>Pliilepsium</span> <span class='ocrx_word' id='word_1_9' title='bbox 1281 307 1564 357; x_wconf 85' lang='lat' dir='ltr'>Lamprensem.</span> <span class='ocrx_word' id='word_1_10' title='bbox 1596 306 1689 344; x_wconf 74' lang='lat' dir='ltr'>Mox</span> 
     </span>
     <span class='ocr_line' id='line_1_3' title="bbox 243 366 1691 419; baseline 0.001 -17"><span class='ocrx_word' id='word_1_11' title='bbox 243 366 445 416; x_wconf 84' lang='lat' dir='ltr'>Argyrium</span> <span class='ocrx_word' id='word_1_12' title='bbox 467 366 747 418; x_wconf 87' lang='lat' dir='ltr'>Colyttensem,</span> <span class='ocrx_word' id='word_1_13' title='bbox 767 368 886 406; x_wconf 89' lang='lat' dir='ltr'>virum</span> <span class='ocrx_word' id='word_1_14' title='bbox 908 370 1118 406; x_wconf 87' lang='lat' dir='ltr'>humanum</span> <span class='ocrx_word' id='word_1_15' title='bbox 1139 375 1177 405; x_wconf 85' lang='lat' dir='ltr'>et</span> <span class='ocrx_word' id='word_1_16' title='bbox 1197 368 1434 419; x_wconf 80' lang='lat' dir='ltr'>popularem,</span> <span class='ocrx_word' id='word_1_17' title='bbox 1461 375 1499 405; x_wconf 87' lang='lat' dir='ltr'>et</span> <span class='ocrx_word' id='word_1_18' title='bbox 1522 381 1691 405; x_wconf 86' lang='lat' dir='ltr'>commo-</span> 
     </span>
     <span class='ocr_line' id='line_1_4' title="bbox 242 427 1692 478; baseline 0.001 -15"><span class='ocrx_word' id='word_1_19' title='bbox 242 427 378 464; x_wconf 83' lang='lat' dir='ltr'>dorum</span> <span class='ocrx_word' id='word_1_20' title='bbox 394 428 516 478; x_wconf 88' lang='lat' dir='ltr'>plebis</span> <span class='ocrx_word' id='word_1_21' title='bbox 532 429 865 468; x_wconf 87' lang='lat' dir='ltr'>studiosissimum.</span> <span class='ocrx_word' id='word_1_22' title='bbox 897 430 935 467; x_wconf 83' lang='lat' dir='ltr'>Is</span> <span class='ocrx_word' id='word_1_23' title='bbox 951 438 1076 467; x_wconf 69' lang='lat' dir='ltr'>tannen</span> <span class='ocrx_word' id='word_1_24' title='bbox 1097 429 1260 476; x_wconf 81' lang='lat' dir='ltr'>censuit,</span> <span class='ocrx_word' id='word_1_25' title='bbox 1275 429 1437 466; x_wconf 85' lang='lat' dir='ltr'>eandem</span> <span class='ocrx_word' id='word_1_26' title='bbox 1450 442 1533 466; x_wconf 86' lang='lat' dir='ltr'>csse</span> <span class='ocrx_word' id='word_1_27' title='bbox 1549 429 1692 466; x_wconf 88' lang='lat' dir='ltr'>debere</span> 
     </span>
     <span class='ocr_line' id='line_1_5' title="bbox 242 487 1695 541; baseline 0.001 -18"><span class='ocrx_word' id='word_1_28' title='bbox 242 487 280 523; x_wconf 92' lang='lat' dir='ltr'>in</span> <span class='ocrx_word' id='word_1_29' title='bbox 312 501 352 525; x_wconf 89' lang='lat' dir='ltr'>se</span> <span class='ocrx_word' id='word_1_30' title='bbox 377 501 526 538; x_wconf 87' lang='lat' dir='ltr'>quoque</span> <span class='ocrx_word' id='word_1_31' title='bbox 556 490 687 541; x_wconf 87' lang='lat' dir='ltr'>legum</span> <span class='ocrx_word' id='word_1_32' title='bbox 713 492 968 535; x_wconf 84' lang='lat' dir='ltr'>severitatem,</span> <span class='ocrx_word' id='word_1_33' title='bbox 998 504 1084 540; x_wconf 84' lang='lat' dir='ltr'>quae</span> <span class='ocrx_word' id='word_1_34' title='bbox 1111 491 1150 527; x_wconf 90' lang='lat' dir='ltr'>in</span> <span class='ocrx_word' id='word_1_35' title='bbox 1179 490 1426 528; x_wconf 87' lang='lat' dir='ltr'>tenuissimos</span> <span class='ocrx_word' id='word_1_36' title='bbox 1451 490 1627 526; x_wconf 87' lang='lat' dir='ltr'>homines</span> <span class='ocrx_word' id='word_1_37' title='bbox 1655 495 1695 526; x_wconf 90' lang='lat' dir='ltr'>et</span> 
     </span>
     <span class='ocr_line' id='line_1_6' title="bbox 243 549 1694 602; baseline 0 -17"><span class='ocrx_word' id='word_1_38' title='bbox 243 550 378 599; x_wconf 86' lang='lat' dir='ltr'>inopes</span> <span class='ocrx_word' id='word_1_39' title='bbox 397 549 554 588; x_wconf 79' lang='lat' dir='ltr'>valeret.</span> <span class='ocrx_word' id='word_1_40' title='bbox 583 552 710 601; x_wconf 86' lang='lat' dir='ltr'>Atque</span> <span class='ocrx_word' id='word_1_41' title='bbox 730 553 768 588; x_wconf 90' lang='lat' dir='ltr'>in</span> <span class='ocrx_word' id='word_1_42' title='bbox 789 552 980 590; x_wconf 83' lang='lat' dir='ltr'>domicilio</span> <span class='ocrx_word' id='word_1_43' title='bbox 1000 552 1121 602; x_wconf 85' lang='lat' dir='ltr'>plebis</span> <span class='ocrx_word' id='word_1_44' title='bbox 1139 551 1279 589; x_wconf 82' lang='lat' dir='ltr'>multos</span> <span class='ocrx_word' id='word_1_45' title='bbox 1300 564 1420 588; x_wconf 88' lang='lat' dir='ltr'>annos</span> <span class='ocrx_word' id='word_1_46' title='bbox 1434 550 1587 596; x_wconf 87' lang='lat' dir='ltr'>mansit,</span> <span class='ocrx_word' id='word_1_47' title='bbox 1601 550 1694 586; x_wconf 85' lang='lat' dir='ltr'>dum</span> 
     </span>
     <span class='ocr_line' id='line_1_7' title="bbox 243 610 1694 663; baseline -0.001 -16"><span class='ocrx_word' id='word_1_48' title='bbox 243 623 326 647; x_wconf 83' lang='lat' dir='ltr'>eam</span> <span class='ocrx_word' id='word_1_49' title='bbox 348 611 570 661; x_wconf 83' lang='lat' dir='ltr'>pecuniam,</span> <span class='ocrx_word' id='word_1_50' title='bbox 597 625 713 662; x_wconf 89' lang='lat' dir='ltr'>quam</span> <span class='ocrx_word' id='word_1_51' title='bbox 733 613 896 650; x_wconf 85' lang='lat' dir='ltr'>civitatis</span> <span class='ocrx_word' id='word_1_52' title='bbox 917 613 1059 650; x_wconf 84' lang='lat' dir='ltr'>habere</span> <span class='ocrx_word' id='word_1_53' title='bbox 1080 612 1300 663; x_wconf 82' lang='lat' dir='ltr'>putabatur,</span> <span class='ocrx_word' id='word_1_54' title='bbox 1321 611 1574 649; x_wconf 86' lang='lat' dir='ltr'>dissolvisset.</span> <span class='ocrx_word' id='word_1_55' title='bbox 1614 610 1694 646; x_wconf 87' lang='lat' dir='ltr'>Ne-</span> 
     </span>
     <span class='ocr_line' id='line_1_8' title="bbox 244 671 1696 724; baseline 0.001 -18"><span class='ocrx_word' id='word_1_56' title='bbox 244 685 317 721; x_wconf 82' lang='lat' dir='ltr'>que</span> <span class='ocrx_word' id='word_1_57' title='bbox 337 685 425 710; x_wconf 91' lang='lat' dir='ltr'>vero</span> <span class='ocrx_word' id='word_1_58' title='bbox 439 672 696 718; x_wconf 80' lang='lat' dir='ltr'>Callistratus,</span> <span class='ocrx_word' id='word_1_59' title='bbox 709 674 824 711; x_wconf 85' lang='lat' dir='ltr'>homo</span> <span class='ocrx_word' id='word_1_60' title='bbox 839 681 978 724; x_wconf 86' lang='lat' dir='ltr'>potens</span> <span class='ocrx_word' id='word_1_61' title='bbox 994 674 1032 711; x_wconf 88' lang='lat' dir='ltr'>in</span> <span class='ocrx_word' id='word_1_62' title='bbox 1048 674 1258 724; x_wconf 83' lang='lat' dir='ltr'>republica,</span> <span class='ocrx_word' id='word_1_63' title='bbox 1276 680 1313 710; x_wconf 90' lang='lat' dir='ltr'>et</span> <span class='ocrx_word' id='word_1_64' title='bbox 1331 672 1583 710; x_wconf 85' lang='lat' dir='ltr'>consobrinus</span> <span class='ocrx_word' id='word_1_65' title='bbox 1599 671 1696 720; x_wconf 85' lang='lat' dir='ltr'>ejus,</span> 
     </span>
     <span class='ocr_line' id='line_1_9' title="bbox 245 731 1696 785; baseline -0.001 -16"><span class='ocrx_word' id='word_1_66' title='bbox 245 732 349 782; x_wconf 76' lang='lat' dir='ltr'>leges</span> <span class='ocrx_word' id='word_1_67' title='bbox 363 733 412 770; x_wconf 87' lang='lat' dir='ltr'>ad</span> <span class='ocrx_word' id='word_1_68' title='bbox 432 733 537 769; x_wconf 88' lang='lat' dir='ltr'>illum</span> <span class='ocrx_word' id='word_1_69' title='bbox 552 733 829 771; x_wconf 86' lang='lat' dir='ltr'>sublevandum</span> <span class='ocrx_word' id='word_1_70' title='bbox 850 734 948 772; x_wconf 88' lang='lat' dir='ltr'>tulit.</span> <span class='ocrx_word' id='word_1_71' title='bbox 979 734 1029 772; x_wconf 93' lang='lat' dir='ltr'>Et</span> <span class='ocrx_word' id='word_1_72' title='bbox 1047 733 1278 785; x_wconf 86' lang='lat' dir='ltr'>Myronides</span> <span class='ocrx_word' id='word_1_73' title='bbox 1295 732 1452 771; x_wconf 89' lang='lat' dir='ltr'>Archini</span> <span class='ocrx_word' id='word_1_74' title='bbox 1468 733 1578 777; x_wconf 85' lang='lat' dir='ltr'>filius,</span> <span class='ocrx_word' id='word_1_75' title='bbox 1592 731 1696 768; x_wconf 88' lang='lat' dir='ltr'>illius</span> 
     </span>
     <span class='ocr_line' id='line_1_10' title="bbox 243 793 1695 846; baseline 0.001 -17"><span class='ocrx_word' id='word_1_76' title='bbox 243 794 306 843; x_wconf 89' lang='lat' dir='ltr'>qui</span> <span class='ocrx_word' id='word_1_77' title='bbox 340 793 500 844; x_wconf 86' lang='lat' dir='ltr'>Phylem</span> <span class='ocrx_word' id='word_1_78' title='bbox 523 794 738 844; x_wconf 87' lang='lat' dir='ltr'>occupavit,</span> <span class='ocrx_word' id='word_1_79' title='bbox 767 801 806 832; x_wconf 88' lang='lat' dir='ltr'>et</span> <span class='ocrx_word' id='word_1_80' title='bbox 833 801 921 846; x_wconf 88' lang='lat' dir='ltr'>post.</span> <span class='ocrx_word' id='word_1_81' title='bbox 955 794 1114 833; x_wconf 86' lang='lat' dir='ltr'>deorum</span> <span class='ocrx_word' id='word_1_82' title='bbox 1139 794 1409 832; x_wconf 83' lang='lat' dir='ltr'>immortalium</span> <span class='ocrx_word' id='word_1_83' title='bbox 1437 807 1564 844; x_wconf 87' lang='lat' dir='ltr'>opem,</span> <span class='ocrx_word' id='word_1_84' title='bbox 1594 805 1695 830; x_wconf 90' lang='lat' dir='ltr'>unus</span> 
     </span>
     <span class='ocr_line' id='line_1_11' title="bbox 245 854 1696 907; baseline -0.001 -15"><span class='ocrx_word' id='word_1_85' title='bbox 245 855 406 892; x_wconf 85' lang='lat' dir='ltr'>maxime</span> <span class='ocrx_word' id='word_1_86' title='bbox 436 855 605 893; x_wconf 89' lang='lat' dir='ltr'>omnium</span> <span class='ocrx_word' id='word_1_87' title='bbox 624 863 759 894; x_wconf 86' lang='lat' dir='ltr'>auctor</span> <span class='ocrx_word' id='word_1_88' title='bbox 777 856 911 907; x_wconf 91' lang='lat' dir='ltr'>populi</span> <span class='ocrx_word' id='word_1_89' title='bbox 931 857 968 894; x_wconf 90' lang='lat' dir='ltr'>in</span> <span class='ocrx_word' id='word_1_90' title='bbox 988 856 1177 906; x_wconf 76' lang='lat' dir='ltr'>integrum</span> <span class='ocrx_word' id='word_1_91' title='bbox 1198 855 1420 893; x_wconf 86' lang='lat' dir='ltr'>restituendi</span> <span class='ocrx_word' id='word_1_92' title='bbox 1444 855 1530 900; x_wconf 90' lang='lat' dir='ltr'>suit,</span> <span class='ocrx_word' id='word_1_93' title='bbox 1552 861 1591 892; x_wconf 87' lang='lat' dir='ltr'>et</span> <span class='ocrx_word' id='word_1_94' title='bbox 1620 854 1696 891; x_wconf 85' lang='lat' dir='ltr'>alia</span> 
     </span>
     <span class='ocr_line' id='line_1_12' title="bbox 245 915 1696 968; baseline -0.001 -15"><span class='ocrx_word' id='word_1_95' title='bbox 245 917 365 954; x_wconf 85' lang='lat' dir='ltr'>multa</span> <span class='ocrx_word' id='word_1_96' title='bbox 396 916 584 967; x_wconf 78' lang='lat' dir='ltr'>praeclara</span> <span class='ocrx_word' id='word_1_97' title='bbox 612 918 736 967; x_wconf 81' lang='lat' dir='ltr'>gessit</span> <span class='ocrx_word' id='word_1_98' title='bbox 766 918 804 955; x_wconf 88' lang='lat' dir='ltr'>in</span> <span class='ocrx_word' id='word_1_99' title='bbox 835 917 1047 968; x_wconf 81' lang='lat' dir='ltr'>republica,</span> <span class='ocrx_word' id='word_1_100' title='bbox 1081 924 1122 955; x_wconf 84' lang='lat' dir='ltr'>et</span> <span class='ocrx_word' id='word_1_101' title='bbox 1153 916 1360 954; x_wconf 87' lang='lat' dir='ltr'>exercitum</span> <span class='ocrx_word' id='word_1_102' title='bbox 1401 916 1594 953; x_wconf 79' lang='lat' dir='ltr'>ductavit:</span> <span class='ocrx_word' id='word_1_103' title='bbox 1626 915 1696 952; x_wconf 85' lang='lat' dir='ltr'>scd</span> 
     </span>
     <span class='ocr_line' id='line_1_13' title="bbox 243 976 1696 1029; baseline -0.001 -15"><span class='ocrx_word' id='word_1_104' title='bbox 243 987 373 1015; x_wconf 83' lang='lat' dir='ltr'>tamen</span> <span class='ocrx_word' id='word_1_105' title='bbox 387 977 426 1014; x_wconf 88' lang='lat' dir='ltr'>hi</span> <span class='ocrx_word' id='word_1_106' title='bbox 442 990 575 1015; x_wconf 88' lang='lat' dir='ltr'>omnes</span> <span class='ocrx_word' id='word_1_107' title='bbox 591 977 629 1014; x_wconf 90' lang='lat' dir='ltr'>in</span> <span class='ocrx_word' id='word_1_108' title='bbox 645 977 796 1029; x_wconf 88' lang='lat' dir='ltr'>legibus</span> <span class='ocrx_word' id='word_1_109' title='bbox 813 978 1096 1028; x_wconf 89' lang='lat' dir='ltr'>acquieverunt.</span> <span class='ocrx_word' id='word_1_110' title='bbox 1116 977 1341 1020; x_wconf 85' lang='lat' dir='ltr'>Quaestores</span> <span class='ocrx_word' id='word_1_111' title='bbox 1354 976 1459 1022; x_wconf 89' lang='lat' dir='ltr'>item,</span> <span class='ocrx_word' id='word_1_112' title='bbox 1474 977 1543 1013; x_wconf 90' lang='lat' dir='ltr'>sub</span> <span class='ocrx_word' id='word_1_113' title='bbox 1556 976 1696 1025; x_wconf 88' lang='lat' dir='ltr'>quibus</span> 
     </span>
     <span class='ocr_line' id='line_1_14' title="bbox 245 1036 1696 1090; baseline -0.003 -13"><span class='ocrx_word' id='word_1_114' title='bbox 245 1038 420 1077; x_wconf 72' lang='lat' dir='ltr'>aerarium</span> <span class='ocrx_word' id='word_1_115' title='bbox 436 1039 702 1090; x_wconf 76' lang='lat' dir='ltr'>conflagravit,</span> <span class='ocrx_word' id='word_1_116' title='bbox 723 1052 810 1077; x_wconf 90' lang='lat' dir='ltr'>cum</span> <span class='ocrx_word' id='word_1_117' title='bbox 831 1039 1017 1085; x_wconf 84' lang='lat' dir='ltr'>Palladis,</span> <span class='ocrx_word' id='word_1_118' title='bbox 1034 1046 1116 1077; x_wconf 87' lang='lat' dir='ltr'>tum</span> <span class='ocrx_word' id='word_1_119' title='bbox 1137 1038 1366 1089; x_wconf 87' lang='lat' dir='ltr'>reliquorum</span> <span class='ocrx_word' id='word_1_120' title='bbox 1383 1038 1555 1082; x_wconf 88' lang='lat' dir='ltr'>deorum,</span> <span class='ocrx_word' id='word_1_121' title='bbox 1571 1037 1608 1074; x_wconf 90' lang='lat' dir='ltr'>in</span> <span class='ocrx_word' id='word_1_122' title='bbox 1623 1036 1696 1074; x_wconf 89' lang='lat' dir='ltr'>hoc</span> 
     </span>
     <span class='ocr_line' id='line_1_15' title="bbox 243 1098 1699 1152; baseline -0.001 -16"><span class='ocrx_word' id='word_1_123' title='bbox 243 1099 438 1138; x_wconf 84' lang='lat' dir='ltr'>domicilio</span> <span class='ocrx_word' id='word_1_124' title='bbox 459 1100 628 1146; x_wconf 88' lang='lat' dir='ltr'>fuerunt,</span> <span class='ocrx_word' id='word_1_125' title='bbox 647 1101 771 1139; x_wconf 89' lang='lat' dir='ltr'>donec</span> <span class='ocrx_word' id='word_1_126' title='bbox 786 1101 977 1152; x_wconf 89' lang='lat' dir='ltr'>judicium</span> <span class='ocrx_word' id='word_1_127' title='bbox 999 1101 1047 1138; x_wconf 92' lang='lat' dir='ltr'>de</span> <span class='ocrx_word' id='word_1_128' title='bbox 1067 1100 1122 1138; x_wconf 89' lang='lat' dir='ltr'>eis</span> <span class='ocrx_word' id='word_1_129' title='bbox 1148 1107 1251 1138; x_wconf 84' lang='lat' dir='ltr'>esset</span> <span class='ocrx_word' id='word_1_130' title='bbox 1271 1100 1427 1137; x_wconf 83' lang='lat' dir='ltr'>factum.</span> <span class='ocrx_word' id='word_1_131' title='bbox 1463 1098 1516 1136; x_wconf 88' lang='lat' dir='ltr'>Et</span> <span class='ocrx_word' id='word_1_132' title='bbox 1535 1099 1599 1148; x_wconf 92' lang='lat' dir='ltr'>qui</span> <span class='ocrx_word' id='word_1_133' title='bbox 1619 1111 1699 1136; x_wconf 87' lang='lat' dir='ltr'>rem</span> 
     </span>
     <span class='ocr_line' id='line_1_16' title="bbox 244 1162 1699 1214; baseline 0 -16"><span class='ocrx_word' id='word_1_134' title='bbox 244 1163 532 1200; x_wconf 79' lang='lat' dir='ltr'>frumentariam</span> <span class='ocrx_word' id='word_1_135' title='bbox 552 1163 654 1201; x_wconf 86' lang='lat' dir='ltr'>mala</span> <span class='ocrx_word' id='word_1_136' title='bbox 669 1164 745 1201; x_wconf 84' lang='lat' dir='ltr'>fide</span> <span class='ocrx_word' id='word_1_137' title='bbox 767 1163 1056 1201; x_wconf 84' lang='lat' dir='ltr'>administrasse</span> <span class='ocrx_word' id='word_1_138' title='bbox 1070 1164 1318 1214; x_wconf 79' lang='lat' dir='ltr'>putabantur,</span> <span class='ocrx_word' id='word_1_139' title='bbox 1340 1162 1479 1212; x_wconf 89' lang='lat' dir='ltr'>aliique</span> <span class='ocrx_word' id='word_1_140' title='bbox 1500 1162 1699 1212; x_wconf 82' lang='lat' dir='ltr'>multi‚ju-·</span> 
     </span>
     <span class='ocr_line' id='line_1_17' title="bbox 245 1221 1707 1273; baseline -0.002 -13"><span class='ocrx_word' id='word_1_141' title='bbox 245 1223 365 1268; x_wconf 85' lang='lat' dir='ltr'>dices,</span> <span class='ocrx_word' id='word_1_142' title='bbox 392 1223 457 1273; x_wconf 92' lang='lat' dir='ltr'>qui</span> <span class='ocrx_word' id='word_1_143' title='bbox 486 1224 590 1261; x_wconf 90' lang='lat' dir='ltr'>fuere</span> <span class='ocrx_word' id='word_1_144' title='bbox 610 1236 742 1263; x_wconf 89' lang='lat' dir='ltr'>omnes</span> <span class='ocrx_word' id='word_1_145' title='bbox 761 1224 828 1262; x_wconf 90' lang='lat' dir='ltr'>viri</span> <span class='ocrx_word' id='word_1_146' title='bbox 855 1224 1090 1262; x_wconf 85' lang='lat' dir='ltr'>Androtione</span> <span class='ocrx_word' id='word_1_147' title='bbox 1118 1224 1309 1261; x_wconf 87' lang='lat' dir='ltr'>meliores.</span> <span class='ocrx_word' id='word_1_148' title='bbox 1367 1223 1466 1260; x_wconf 91' lang='lat' dir='ltr'>Cum</span> <span class='ocrx_word' id='word_1_149' title='bbox 1498 1222 1612 1272; x_wconf 84' lang='lat' dir='ltr'>igitur</span> <span class='ocrx_word' id='word_1_150' title='bbox 1639 1221 1707 1258; x_wconf 88' lang='lat' dir='ltr'>his.</span> 
     </span>
     <span class='ocr_line' id='line_1_18' title="bbox 244 1283 1698 1337; baseline 0.001 -17"><span class='ocrx_word' id='word_1_151' title='bbox 244 1291 393 1322; x_wconf 84' lang='lat' dir='ltr'>veteres</span> <span class='ocrx_word' id='word_1_152' title='bbox 408 1284 515 1335; x_wconf 85' lang='lat' dir='ltr'>leges</span> <span class='ocrx_word' id='word_1_153' title='bbox 536 1292 638 1324; x_wconf 82' lang='lat' dir='ltr'>ratas</span> <span class='ocrx_word' id='word_1_154' title='bbox 659 1300 744 1324; x_wconf 86' lang='lat' dir='ltr'>esse</span> <span class='ocrx_word' id='word_1_155' title='bbox 760 1287 982 1337; x_wconf 85' lang='lat' dir='ltr'>oportuerit,</span> <span class='ocrx_word' id='word_1_156' title='bbox 1001 1293 1039 1323; x_wconf 89' lang='lat' dir='ltr'>et</span> <span class='ocrx_word' id='word_1_157' title='bbox 1058 1285 1096 1322; x_wconf 90' lang='lat' dir='ltr'>hi</span> <span class='ocrx_word' id='word_1_158' title='bbox 1116 1285 1266 1322; x_wconf 86' lang='lat' dir='ltr'>usitatis</span> <span class='ocrx_word' id='word_1_159' title='bbox 1286 1284 1435 1334; x_wconf 82' lang='lat' dir='ltr'>legibus</span> <span class='ocrx_word' id='word_1_160' title='bbox 1453 1296 1587 1334; x_wconf 89' lang='lat' dir='ltr'>poenas</span> <span class='ocrx_word' id='word_1_161' title='bbox 1607 1283 1698 1321; x_wconf 88' lang='lat' dir='ltr'>dare</span> 
     </span>
     <span class='ocr_line' id='line_1_19' title="bbox 245 1345 1696 1396; baseline -0.001 -13"><span class='ocrx_word' id='word_1_162' title='bbox 245 1345 322 1383; x_wconf 82' lang='lat' dir='ltr'>sint</span> <span class='ocrx_word' id='word_1_163' title='bbox 351 1346 496 1383; x_wconf 83' lang='lat' dir='ltr'>coacti:</span> <span class='ocrx_word' id='word_1_164' title='bbox 528 1347 793 1393; x_wconf 89' lang='lat' dir='ltr'>Androtionis‚</span> <span class='ocrx_word' id='word_1_165' title='bbox 819 1347 1021 1385; x_wconf 85' lang='lat' dir='ltr'>Glaucetae</span> <span class='ocrx_word' id='word_1_166' title='bbox 1047 1354 1086 1385; x_wconf 91' lang='lat' dir='ltr'>et</span> <span class='ocrx_word' id='word_1_167' title='bbox 1116 1346 1316 1396; x_wconf 85' lang='lat' dir='ltr'>Melanopi</span> <span class='ocrx_word' id='word_1_168' title='bbox 1337 1346 1472 1395; x_wconf 83' lang='lat' dir='ltr'>gratia,</span> <span class='ocrx_word' id='word_1_169' title='bbox 1502 1359 1603 1383; x_wconf 88' lang='lat' dir='ltr'>nova</span> <span class='ocrx_word' id='word_1_170' title='bbox 1635 1346 1696 1384; x_wconf 88' lang='lat' dir='ltr'>lex</span> 
     </span>
     <span class='ocr_line' id='line_1_20' title="bbox 244 1406 1695 1459; baseline 0.001 -17"><span class='ocrx_word' id='word_1_171' title='bbox 244 1413 304 1442; x_wconf 82' lang='lat' dir='ltr'>est</span> <span class='ocrx_word' id='word_1_172' title='bbox 324 1407 543 1451; x_wconf 84' lang='lat' dir='ltr'>sancienda,</span> <span class='ocrx_word' id='word_1_173' title='bbox 572 1414 729 1458; x_wconf 86' lang='lat' dir='ltr'>propter</span> <span class='ocrx_word' id='word_1_174' title='bbox 748 1421 828 1453; x_wconf 87' lang='lat' dir='ltr'>eos,</span> <span class='ocrx_word' id='word_1_175' title='bbox 857 1409 1028 1458; x_wconf 85' lang='lat' dir='ltr'>inquam,</span> <span class='ocrx_word' id='word_1_176' title='bbox 1049 1408 1114 1459; x_wconf 92' lang='lat' dir='ltr'>qui</span> <span class='ocrx_word' id='word_1_177' title='bbox 1135 1406 1306 1445; x_wconf 85' lang='lat' dir='ltr'>damnati</span> <span class='ocrx_word' id='word_1_178' title='bbox 1327 1414 1416 1445; x_wconf 88' lang='lat' dir='ltr'>sunt</span> <span class='ocrx_word' id='word_1_179' title='bbox 1441 1413 1479 1444; x_wconf 91' lang='lat' dir='ltr'>et</span> <span class='ocrx_word' id='word_1_180' title='bbox 1502 1408 1695 1445; x_wconf 84' lang='lat' dir='ltr'>veteribus</span> 
     </span>
     <span class='ocr_line' id='line_1_21' title="bbox 244 1466 1696 1518; baseline 0.002 -15"><span class='ocrx_word' id='word_1_181' title='bbox 244 1466 395 1516; x_wconf 68' lang='lat' dir='ltr'>legibus</span> <span class='ocrx_word' id='word_1_182' title='bbox 421 1468 597 1518; x_wconf 87' lang='lat' dir='ltr'>judicati,</span> <span class='ocrx_word' id='word_1_183' title='bbox 623 1481 719 1518; x_wconf 86' lang='lat' dir='ltr'>quos</span> <span class='ocrx_word' id='word_1_184' title='bbox 749 1468 890 1506; x_wconf 84' lang='lat' dir='ltr'>habere</span> <span class='ocrx_word' id='word_1_185' title='bbox 910 1476 1062 1506; x_wconf 86' lang='lat' dir='ltr'>constat</span> <span class='ocrx_word' id='word_1_186' title='bbox 1090 1469 1293 1518; x_wconf 86' lang='lat' dir='ltr'>pecuniam</span> <span class='ocrx_word' id='word_1_187' title='bbox 1321 1476 1403 1506; x_wconf 89' lang='lat' dir='ltr'>tum</span> <span class='ocrx_word' id='word_1_188' title='bbox 1431 1481 1594 1513; x_wconf 89' lang='lat' dir='ltr'>sacram,</span> <span class='ocrx_word' id='word_1_189' title='bbox 1614 1475 1696 1506; x_wconf 86' lang='lat' dir='ltr'>tum</span> 
     </span>
     <span class='ocr_line' id='line_1_22' title="bbox 244 1528 1697 1580; baseline 0.003 -16"><span class='ocrx_word' id='word_1_190' title='bbox 244 1528 437 1577; x_wconf 84' lang='lat' dir='ltr'>publicam</span> <span class='ocrx_word' id='word_1_191' title='bbox 454 1528 468 1564; x_wconf 68' lang='grc' dir='ltr'>’ἓ</span> <span class='ocrx_word' id='word_1_192' title='bbox 500 1528 638 1566; x_wconf 84' lang='lat' dir='ltr'>Nonne</span> <span class='ocrx_word' id='word_1_193' title='bbox 660 1529 813 1578; x_wconf 87' lang='lat' dir='ltr'>publice</span> <span class='ocrx_word' id='word_1_194' title='bbox 831 1529 1015 1566; x_wconf 82' lang='lat' dir='ltr'>ridebitur</span> <span class='ocrx_word' id='word_1_195' title='bbox 1035 1536 1168 1567; x_wconf 87' lang='lat' dir='ltr'>nostra</span> <span class='ocrx_word' id='word_1_196' title='bbox 1187 1529 1339 1574; x_wconf 88' lang='lat' dir='ltr'>civitas,</span> <span class='ocrx_word' id='word_1_197' title='bbox 1360 1530 1391 1566; x_wconf 89' lang='lat' dir='ltr'>si</span> <span class='ocrx_word' id='word_1_198' title='bbox 1411 1529 1536 1580; x_wconf 82' lang='lat' dir='ltr'>legem</span> <span class='ocrx_word' id='word_1_199' title='bbox 1555 1531 1697 1576; x_wconf 88' lang='lat' dir='ltr'>tulerit,</span> 
     </span>
     <span class='ocr_line' id='line_1_23' title="bbox 247 1588 1696 1640; baseline 0.003 -15"><span class='ocrx_word' id='word_1_200' title='bbox 247 1602 333 1639; x_wconf 88' lang='lat' dir='ltr'>quae</span> <span class='ocrx_word' id='word_1_201' title='bbox 354 1588 564 1639; x_wconf 80' lang='lat' dir='ltr'>sacrilegos</span> <span class='ocrx_word' id='word_1_202' title='bbox 593 1589 767 1627; x_wconf 76' lang='lat' dir='ltr'>tueatur?</span> <span class='ocrx_word' id='word_1_203' title='bbox 799 1589 883 1640; x_wconf 83' lang='lat' dir='ltr'>Ego</span> <span class='ocrx_word' id='word_1_204' title='bbox 909 1590 1064 1639; x_wconf 88' lang='lat' dir='ltr'>quidem</span> <span class='ocrx_word' id='word_1_205' title='bbox 1086 1590 1234 1640; x_wconf 83' lang='lat' dir='ltr'>opinor.</span> <span class='ocrx_word' id='word_1_206' title='bbox 1265 1590 1324 1627; x_wconf 89' lang='lat' dir='ltr'>Ne</span> <span class='ocrx_word' id='word_1_207' title='bbox 1346 1590 1478 1637; x_wconf 83' lang='lat' dir='ltr'>sinatis</span> <span class='ocrx_word' id='word_1_208' title='bbox 1497 1591 1611 1640; x_wconf 78' lang='lat' dir='ltr'>igitur</span> <span class='ocrx_word' id='word_1_209' title='bbox 1629 1603 1696 1629; x_wconf 87' lang='lat' dir='ltr'>vos</span> 
     </span>
     <span class='ocr_line' id='line_1_24' title="bbox 244 1649 1698 1700; baseline 0.003 -15"><span class='ocrx_word' id='word_1_210' title='bbox 244 1651 349 1698; x_wconf 84' lang='lat' dir='ltr'>ipsos</span> <span class='ocrx_word' id='word_1_211' title='bbox 385 1649 482 1687; x_wconf 89' lang='lat' dir='ltr'>affici</span> <span class='ocrx_word' id='word_1_212' title='bbox 512 1650 773 1694; x_wconf 78' lang='lat' dir='ltr'>contumeliis,</span> <span class='ocrx_word' id='word_1_213' title='bbox 803 1663 927 1699; x_wconf 89' lang='lat' dir='ltr'>neque</span> <span class='ocrx_word' id='word_1_214' title='bbox 957 1650 1258 1700; x_wconf 84' lang='lat' dir='ltr'>rempublicam:</span> <span class='ocrx_word' id='word_1_215' title='bbox 1296 1651 1365 1688; x_wconf 89' lang='lat' dir='ltr'>sed</span> <span class='ocrx_word' id='word_1_216' title='bbox 1397 1651 1602 1698; x_wconf 90' lang='lat' dir='ltr'>recordati,</span> <span class='ocrx_word' id='word_1_217' title='bbox 1630 1665 1698 1690; x_wconf 86' lang='lat' dir='ltr'>vos</span> 
     </span>
     <span class='ocr_line' id='line_1_25' title="bbox 247 1710 1696 1762; baseline 0.002 -15"><span class='ocrx_word' id='word_1_218' title='bbox 247 1710 460 1748; x_wconf 82' lang='lat' dir='ltr'>Eudemum</span> <span class='ocrx_word' id='word_1_219' title='bbox 476 1712 798 1762; x_wconf 85' lang='lat' dir='ltr'>Cydathenaeum,</span> <span class='ocrx_word' id='word_1_220' title='bbox 814 1711 919 1761; x_wconf 89' lang='lat' dir='ltr'>quod</span> <span class='ocrx_word' id='word_1_221' title='bbox 933 1711 1059 1762; x_wconf 84' lang='lat' dir='ltr'>legem</span> <span class='ocrx_word' id='word_1_222' title='bbox 1075 1711 1327 1761; x_wconf 81' lang='lat' dir='ltr'>perniciosam</span> <span class='ocrx_word' id='word_1_223' title='bbox 1345 1724 1479 1762; x_wconf 84' lang='lat' dir='ltr'>rogare</span> <span class='ocrx_word' id='word_1_224' title='bbox 1489 1713 1696 1758; x_wconf 89' lang='lat' dir='ltr'>videretur,</span> 
     </span>
     <span class='ocr_line' id='line_1_26' title="bbox 247 1771 1696 1825; baseline 0.003 -17"><span class='ocrx_word' id='word_1_225' title='bbox 247 1785 323 1808; x_wconf 87' lang='lat' dir='ltr'>non</span> <span class='ocrx_word' id='word_1_226' title='bbox 342 1772 449 1818; x_wconf 88' lang='lat' dir='ltr'>olim,</span> <span class='ocrx_word' id='word_1_227' title='bbox 471 1773 539 1810; x_wconf 88' lang='lat' dir='ltr'>sed</span> <span class='ocrx_word' id='word_1_228' title='bbox 562 1773 741 1810; x_wconf 89' lang='lat' dir='ltr'>Evandro</span> <span class='ocrx_word' id='word_1_229' title='bbox 760 1781 922 1824; x_wconf 74' lang='lat' dir='ltr'>praetore</span> <span class='ocrx_word' id='word_1_230' title='bbox 943 1771 1194 1819; x_wconf 86' lang='lat' dir='ltr'>interfecisse,</span> <span class='ocrx_word' id='word_1_231' title='bbox 1225 1779 1264 1810; x_wconf 93' lang='lat' dir='ltr'>et</span> <span class='ocrx_word' id='word_1_232' title='bbox 1286 1772 1505 1823; x_wconf 87' lang='lat' dir='ltr'>Philippum</span> <span class='ocrx_word' id='word_1_233' title='bbox 1529 1774 1696 1825; x_wconf 90' lang='lat' dir='ltr'>Philippi</span> 
     </span>
     <span class='ocr_line' id='line_1_27' title="bbox 247 1827 1696 1886; baseline 0.003 -17"><span class='ocrx_word' id='word_1_234' title='bbox 247 1832 469 1870; x_wconf 78' lang='lat' dir='ltr'>navicularii</span> <span class='ocrx_word' id='word_1_235' title='bbox 488 1834 620 1880; x_wconf 85' lang='lat' dir='ltr'>filium,</span> <span class='ocrx_word' id='word_1_236' title='bbox 639 1834 920 1884; x_wconf 87' lang='lat' dir='ltr'>propemodum</span> <span class='ocrx_word' id='word_1_237' title='bbox 942 1833 1145 1878; x_wconf 87' lang='lat' dir='ltr'>occidisse,</span> <span class='ocrx_word' id='word_1_238' title='bbox 1167 1827 1236 1871; x_wconf 82' lang='lat' dir='ltr'>sed</span> <span class='ocrx_word' id='word_1_239' title='bbox 1259 1833 1350 1884; x_wconf 86' lang='lat' dir='ltr'>quia</span> <span class='ocrx_word' id='word_1_240' title='bbox 1368 1833 1450 1883; x_wconf 89' lang='lat' dir='ltr'>ipse</span> <span class='ocrx_word' id='word_1_241' title='bbox 1470 1848 1612 1885; x_wconf 81' lang='lat' dir='ltr'>magna</span> <span class='ocrx_word' id='word_1_242' title='bbox 1630 1849 1696 1886; x_wconf 89' lang='lat' dir='ltr'>pe-</span> 
     </span>
     <span class='ocr_line' id='line_1_28' title="bbox 246 1894 1696 1945; baseline 0.003 -15"><span class='ocrx_word' id='word_1_243' title='bbox 246 1894 361 1931; x_wconf 86' lang='lat' dir='ltr'>cunia</span> <span class='ocrx_word' id='word_1_244' title='bbox 379 1894 484 1932; x_wconf 87' lang='lat' dir='ltr'>litem</span> <span class='ocrx_word' id='word_1_245' title='bbox 517 1895 588 1932; x_wconf 84' lang='lat' dir='ltr'>sibi</span> <span class='ocrx_word' id='word_1_246' title='bbox 608 1902 743 1933; x_wconf 85' lang='lat' dir='ltr'>contra</span> <span class='ocrx_word' id='word_1_247' title='bbox 762 1895 985 1942; x_wconf 77' lang='lat' dir='ltr'>aestimarat,</span> <span class='ocrx_word' id='word_1_248' title='bbox 1006 1902 1045 1932; x_wconf 87' lang='lat' dir='ltr'>et</span> <span class='ocrx_word' id='word_1_249' title='bbox 1064 1894 1181 1944; x_wconf 84' lang='lat' dir='ltr'>paulo</span> <span class='ocrx_word' id='word_1_250' title='bbox 1209 1895 1321 1945; x_wconf 87' lang='lat' dir='ltr'>plura</span> <span class='ocrx_word' id='word_1_251' title='bbox 1341 1895 1523 1945; x_wconf 82' lang='lat' dir='ltr'>suffragia</span> <span class='ocrx_word' id='word_1_252' title='bbox 1542 1897 1696 1943; x_wconf 85' lang='lat' dir='ltr'>tulerat,</span> 
     </span>
     <span class='ocr_line' id='line_1_29' title="bbox 245 1955 1697 2005; baseline 0.003 -14"><span class='ocrx_word' id='word_1_253' title='bbox 245 1955 453 2005; x_wconf 79' lang='lat' dir='ltr'>ignominia</span> <span class='ocrx_word' id='word_1_254' title='bbox 472 1963 628 1994; x_wconf 85' lang='lat' dir='ltr'>notasse</span> <span class='ocrx_word' id='word_1_255' title='bbox 662 1965 805 2002; x_wconf 85' lang='lat' dir='ltr'>tamen,</span> <span class='ocrx_word' id='word_1_256' title='bbox 825 1957 988 1994; x_wconf 84' lang='lat' dir='ltr'>eandem</span> <span class='ocrx_word' id='word_1_257' title='bbox 1010 1955 1246 1992; x_wconf 80' lang='lat' dir='ltr'>iracundiam</span> <span class='ocrx_word' id='word_1_258' title='bbox 1277 1956 1390 1993; x_wconf 87' lang='lat' dir='ltr'>etiam</span> <span class='ocrx_word' id='word_1_259' title='bbox 1419 1963 1553 1994; x_wconf 88' lang='lat' dir='ltr'>contra</span> <span class='ocrx_word' id='word_1_260' title='bbox 1581 1957 1697 1995; x_wconf 89' lang='lat' dir='ltr'>istum</span> 
     </span>
     <span class='ocr_line' id='line_1_30' title="bbox 246 2016 1698 2067; baseline 0.004 -16"><span class='ocrx_word' id='word_1_261' title='bbox 246 2029 347 2053; x_wconf 85' lang='lat' dir='ltr'>nunc</span> <span class='ocrx_word' id='word_1_262' title='bbox 377 2017 581 2067; x_wconf 84' lang='lat' dir='ltr'>concipite,</span> <span class='ocrx_word' id='word_1_263' title='bbox 608 2017 703 2054; x_wconf 89' lang='lat' dir='ltr'>illud</span> <span class='ocrx_word' id='word_1_264' title='bbox 724 2030 838 2067; x_wconf 90' lang='lat' dir='ltr'>super</span> <span class='ocrx_word' id='word_1_265' title='bbox 863 2017 947 2053; x_wconf 76' lang='lat' dir='ltr'>haec</span> <span class='ocrx_word' id='word_1_266' title='bbox 969 2016 1095 2054; x_wconf 81' lang='lat' dir='ltr'>onmia</span> <span class='ocrx_word' id='word_1_267' title='bbox 1123 2016 1349 2066; x_wconf 77' lang='lat' dir='ltr'>cogitantes,</span> <span class='ocrx_word' id='word_1_268' title='bbox 1377 2017 1561 2067; x_wconf 88' lang='lat' dir='ltr'>quidnam</span> <span class='ocrx_word' id='word_1_269' title='bbox 1590 2020 1698 2057; x_wconf 82' lang='lat' dir='ltr'>vobis</span> 
     </span>
     <span class='ocr_line' id='line_1_31' title="bbox 249 2077 1697 2127; baseline 0.003 -13"><span class='ocrx_word' id='word_1_270' title='bbox 249 2077 468 2123; x_wconf 75' lang='lat' dir='ltr'>accidisset,</span> <span class='ocrx_word' id='word_1_271' title='bbox 489 2079 519 2115; x_wconf 91' lang='lat' dir='ltr'>si</span> <span class='ocrx_word' id='word_1_272' title='bbox 542 2079 612 2116; x_wconf 85' lang='lat' dir='ltr'>istc</span> <span class='ocrx_word' id='word_1_273' title='bbox 634 2092 730 2116; x_wconf 87' lang='lat' dir='ltr'>unus</span> <span class='ocrx_word' id='word_1_274' title='bbox 750 2078 864 2115; x_wconf 90' lang='lat' dir='ltr'>homo</span> <span class='ocrx_word' id='word_1_275' title='bbox 885 2077 1114 2127; x_wconf 81' lang='lat' dir='ltr'>legationem</span> <span class='ocrx_word' id='word_1_276' title='bbox 1139 2077 1244 2115; x_wconf 88' lang='lat' dir='ltr'>vobis</span> <span class='ocrx_word' id='word_1_277' title='bbox 1266 2078 1437 2115; x_wconf 88' lang='lat' dir='ltr'>obiisset.</span> <span class='ocrx_word' id='word_1_278' title='bbox 1470 2078 1574 2116; x_wconf 83' lang='lat' dir='ltr'>Nihil</span> <span class='ocrx_word' id='word_1_279' title='bbox 1595 2080 1697 2118; x_wconf 86' lang='lat' dir='ltr'>enim</span> 
     </span>
     <span class='ocr_line' id='line_1_32' title="bbox 246 2137 1696 2190; baseline 0.002 -15"><span class='ocrx_word' id='word_1_280' title='bbox 246 2152 331 2175; x_wconf 83' lang='lat' dir='ltr'>esse</span> <span class='ocrx_word' id='word_1_281' title='bbox 351 2145 458 2188; x_wconf 87' lang='lat' dir='ltr'>puto,</span> <span class='ocrx_word' id='word_1_282' title='bbox 479 2152 555 2189; x_wconf 91' lang='lat' dir='ltr'>quo</span> <span class='ocrx_word' id='word_1_283' title='bbox 578 2139 838 2176; x_wconf 85' lang='lat' dir='ltr'>abstinuisset.</span> <span class='ocrx_word' id='word_1_284' title='bbox 876 2138 1027 2175; x_wconf 85' lang='lat' dir='ltr'>Videtis</span> <span class='ocrx_word' id='word_1_285' title='bbox 1049 2137 1223 2174; x_wconf 86' lang='lat' dir='ltr'>nimirum</span> <span class='ocrx_word' id='word_1_286' title='bbox 1243 2138 1326 2188; x_wconf 87' lang='lat' dir='ltr'>ejus</span> <span class='ocrx_word' id='word_1_287' title='bbox 1346 2137 1554 2190; x_wconf 82' lang='lat' dir='ltr'>ingenium.</span> <span class='ocrx_word' id='word_1_288' title='bbox 1594 2139 1696 2178; x_wconf 87' lang='lat' dir='ltr'>Nam</span> 
     </span>
     <span class='ocr_line' id='line_1_33' title="bbox 248 2198 1272 2250; baseline 0.001 -15"><span class='ocrx_word' id='word_1_289' title='bbox 248 2199 307 2236; x_wconf 86' lang='lat' dir='ltr'>lex</span> <span class='ocrx_word' id='word_1_290' title='bbox 325 2212 438 2249; x_wconf 85' lang='lat' dir='ltr'>quarn</span> <span class='ocrx_word' id='word_1_291' title='bbox 460 2213 594 2250; x_wconf 78' lang='lat' dir='ltr'>rogare</span> <span class='ocrx_word' id='word_1_292' title='bbox 614 2200 686 2237; x_wconf 82' lang='lat' dir='ltr'>fuit</span> <span class='ocrx_word' id='word_1_293' title='bbox 706 2213 837 2245; x_wconf 82' lang='lat' dir='ltr'>ausus,</span> <span class='ocrx_word' id='word_1_294' title='bbox 850 2212 976 2237; x_wconf 87' lang='lat' dir='ltr'>mores</span> <span class='ocrx_word' id='word_1_295' title='bbox 995 2199 1075 2249; x_wconf 84' lang='lat' dir='ltr'>ejus</span> <span class='ocrx_word' id='word_1_296' title='bbox 1092 2198 1272 2236; x_wconf 83' lang='lat' dir='ltr'>ostendit.</span> 
     </span>
    </p>

    <p class='ocr_par' dir='ltr' id='par_1_3' title="bbox 247 2259 1698 2984">
     <span class='ocr_line' id='line_1_34' title="bbox 303 2259 1696 2310; baseline 0.002 -13"><span class='ocrx_word' id='word_1_297' title='bbox 303 2262 367 2297; x_wconf 88' lang='lat'>35.</span> <span class='ocrx_word' id='word_1_298' title='bbox 398 2261 573 2298; x_wconf 85' lang='lat' dir='ltr'>Narrabo</span> <span class='ocrx_word' id='word_1_299' title='bbox 602 2268 730 2298; x_wconf 85' lang='lat' dir='ltr'>autem</span> <span class='ocrx_word' id='word_1_300' title='bbox 758 2260 1059 2310; x_wconf 75' lang='lat' dir='ltr'>vobis,ju&lt;liceS,</span> <span class='ocrx_word' id='word_1_301' title='bbox 1080 2272 1155 2308; x_wconf 91' lang='lat' dir='ltr'>quo</span> <span class='ocrx_word' id='word_1_302' title='bbox 1175 2266 1287 2309; x_wconf 88' lang='lat' dir='ltr'>pacto</span> <span class='ocrx_word' id='word_1_303' title='bbox 1317 2259 1448 2297; x_wconf 87' lang='lat' dir='ltr'>Locris</span> <span class='ocrx_word' id='word_1_304' title='bbox 1474 2259 1580 2309; x_wconf 87' lang='lat' dir='ltr'>leges</span> <span class='ocrx_word' id='word_1_305' title='bbox 1600 2260 1696 2300; x_wconf 85' lang='lat' dir='ltr'>ferre</span> 
     </span>
     <span class='ocr_line' id='line_1_35' title="bbox 247 2319 1696 2370; baseline 0.001 -13"><span class='ocrx_word' id='word_1_306' title='bbox 247 2321 410 2359; x_wconf 80' lang='lat' dir='ltr'>soleant.</span> <span class='ocrx_word' id='word_1_307' title='bbox 442 2322 545 2360; x_wconf 90' lang='lat' dir='ltr'>Nihil</span> <span class='ocrx_word' id='word_1_308' title='bbox 567 2322 667 2359; x_wconf 85' lang='lat' dir='ltr'>enim</span> <span class='ocrx_word' id='word_1_309' title='bbox 687 2321 793 2358; x_wconf 92' lang='lat' dir='ltr'>vobis</span> <span class='ocrx_word' id='word_1_310' title='bbox 813 2321 983 2358; x_wconf 83' lang='lat' dir='ltr'>nocuerit</span> <span class='ocrx_word' id='word_1_311' title='bbox 998 2319 1217 2370; x_wconf 87' lang='lat' dir='ltr'>exemplum</span> <span class='ocrx_word' id='word_1_312' title='bbox 1232 2320 1388 2370; x_wconf 85' lang='lat' dir='ltr'>aliquod</span> <span class='ocrx_word' id='word_1_313' title='bbox 1402 2319 1604 2366; x_wconf 85' lang='lat' dir='ltr'>audivisse,</span> <span class='ocrx_word' id='word_1_314' title='bbox 1620 2322 1696 2360; x_wconf 89' lang='lat' dir='ltr'>tale</span> 
     </span>
     <span class='ocr_line' id='line_1_36' title="bbox 249 2381 1697 2433; baseline 0.003 -15"><span class='ocrx_word' id='word_1_315' title='bbox 249 2383 472 2431; x_wconf 82' lang='lat' dir='ltr'>praesertim,</span> <span class='ocrx_word' id='word_1_316' title='bbox 507 2396 584 2433; x_wconf 89' lang='lat' dir='ltr'>quo</span> <span class='ocrx_word' id='word_1_317' title='bbox 621 2382 780 2420; x_wconf 83' lang='lat' dir='ltr'>laudata</span> <span class='ocrx_word' id='word_1_318' title='bbox 809 2381 1023 2432; x_wconf 79' lang='lat' dir='ltr'>respublica</span> <span class='ocrx_word' id='word_1_319' title='bbox 1059 2382 1190 2418; x_wconf 86' lang='lat' dir='ltr'>utitur.</span> <span class='ocrx_word' id='word_1_320' title='bbox 1232 2381 1332 2419; x_wconf 91' lang='lat' dir='ltr'>Nam</span> <span class='ocrx_word' id='word_1_321' title='bbox 1362 2381 1415 2418; x_wconf 91' lang='lat' dir='ltr'>illi</span> <span class='ocrx_word' id='word_1_322' title='bbox 1444 2394 1565 2430; x_wconf 90' lang='lat' dir='ltr'>usque</span> <span class='ocrx_word' id='word_1_323' title='bbox 1599 2384 1697 2422; x_wconf 72' lang='lat' dir='ltr'>adeo</span> 
     </span>
     <span class='ocr_line' id='line_1_37' title="bbox 249 2443 1697 2493; baseline 0.003 -14"><span class='ocrx_word' id='word_1_324' title='bbox 249 2451 411 2481; x_wconf 86' lang='lat' dir='ltr'>censent</span> <span class='ocrx_word' id='word_1_325' title='bbox 425 2445 613 2482; x_wconf 87' lang='lat' dir='ltr'>veteribus</span> <span class='ocrx_word' id='word_1_326' title='bbox 635 2444 785 2493; x_wconf 86' lang='lat' dir='ltr'>legibus</span> <span class='ocrx_word' id='word_1_327' title='bbox 801 2443 999 2488; x_wconf 86' lang='lat' dir='ltr'>utendum,</span> <span class='ocrx_word' id='word_1_328' title='bbox 1019 2449 1056 2480; x_wconf 92' lang='lat' dir='ltr'>et</span> <span class='ocrx_word' id='word_1_329' title='bbox 1076 2443 1252 2480; x_wconf 88' lang='lat' dir='ltr'>instituta</span> <span class='ocrx_word' id='word_1_330' title='bbox 1271 2443 1394 2492; x_wconf 85' lang='lat' dir='ltr'>patria</span> <span class='ocrx_word' id='word_1_331' title='bbox 1410 2443 1580 2481; x_wconf 84' lang='lat' dir='ltr'>ornanda</span> <span class='ocrx_word' id='word_1_332' title='bbox 1596 2457 1697 2492; x_wconf 82' lang='lat' dir='ltr'>esse,</span> 
     </span>
     <span class='ocr_line' id='line_1_38' title="bbox 250 2503 1696 2555; baseline 0.002 -15"><span class='ocrx_word' id='word_1_333' title='bbox 250 2516 327 2540; x_wconf 88' lang='lat' dir='ltr'>non</span> <span class='ocrx_word' id='word_1_334' title='bbox 348 2504 397 2541; x_wconf 87' lang='lat' dir='ltr'>ad</span> <span class='ocrx_word' id='word_1_335' title='bbox 416 2505 584 2555; x_wconf 84' lang='lat' dir='ltr'>cujusvis</span> <span class='ocrx_word' id='word_1_336' title='bbox 605 2504 799 2542; x_wconf 90' lang='lat' dir='ltr'>libidinem</span> <span class='ocrx_word' id='word_1_337' title='bbox 816 2512 854 2541; x_wconf 89' lang='lat' dir='ltr'>et</span> <span class='ocrx_word' id='word_1_338' title='bbox 869 2504 1089 2554; x_wconf 85' lang='lat' dir='ltr'>injuriarum</span> <span class='ocrx_word' id='word_1_339' title='bbox 1105 2503 1368 2553; x_wconf 83' lang='lat' dir='ltr'>impunitatem</span> <span class='ocrx_word' id='word_1_340' title='bbox 1386 2503 1489 2553; x_wconf 80' lang='lat' dir='ltr'>leges</span> <span class='ocrx_word' id='word_1_341' title='bbox 1506 2504 1696 2551; x_wconf 64' lang='lat' dir='ltr'>ferendas,</span> 
     </span>
     <span class='ocr_line' id='line_1_39' title="bbox 251 2563 1698 2616; baseline 0.003 -15"><span class='ocrx_word' id='word_1_342' title='bbox 251 2571 294 2601; x_wconf 86' lang='lat' dir='ltr'>ut</span> <span class='ocrx_word' id='word_1_343' title='bbox 320 2565 350 2602; x_wconf 91' lang='lat' dir='ltr'>si</span> <span class='ocrx_word' id='word_1_344' title='bbox 370 2565 455 2616; x_wconf 88' lang='lat' dir='ltr'>quis</span> <span class='ocrx_word' id='word_1_345' title='bbox 476 2566 598 2616; x_wconf 82' lang='lat' dir='ltr'>legem</span> <span class='ocrx_word' id='word_1_346' title='bbox 628 2579 766 2602; x_wconf 85' lang='lat' dir='ltr'>novam</span> <span class='ocrx_word' id='word_1_347' title='bbox 795 2578 929 2615; x_wconf 77' lang='lat' dir='ltr'>rogare</span> <span class='ocrx_word' id='word_1_348' title='bbox 954 2564 1058 2608; x_wconf 84' lang='lat' dir='ltr'>velit,</span> <span class='ocrx_word' id='word_1_349' title='bbox 1085 2563 1183 2601; x_wconf 93' lang='lat' dir='ltr'>collo</span> <span class='ocrx_word' id='word_1_350' title='bbox 1213 2564 1249 2600; x_wconf 90' lang='lat' dir='ltr'>in</span> <span class='ocrx_word' id='word_1_351' title='bbox 1278 2564 1456 2613; x_wconf 85' lang='lat' dir='ltr'>laqueum</span> <span class='ocrx_word' id='word_1_352' title='bbox 1485 2565 1627 2603; x_wconf 85' lang='lat' dir='ltr'>inserto</span> <span class='ocrx_word' id='word_1_353' title='bbox 1658 2567 1698 2605; x_wconf 87' lang='lat' dir='ltr'>id</span> 
     </span>
     <span class='ocr_line' id='line_1_40' title="bbox 252 2624 1698 2677; baseline 0.002 -15"><span class='ocrx_word' id='word_1_354' title='bbox 252 2627 379 2663; x_wconf 76' lang='lat' dir='ltr'>facere</span> <span class='ocrx_word' id='word_1_355' title='bbox 408 2633 591 2677; x_wconf 82' lang='lat' dir='ltr'>cogatur:</span> <span class='ocrx_word' id='word_1_356' title='bbox 622 2639 707 2676; x_wconf 84' lang='lat' dir='ltr'>quae</span> <span class='ocrx_word' id='word_1_357' title='bbox 737 2627 797 2663; x_wconf 78' lang='lat' dir='ltr'>lex</span> <span class='ocrx_word' id='word_1_358' title='bbox 828 2626 858 2663; x_wconf 89' lang='lat' dir='ltr'>si</span> <span class='ocrx_word' id='word_1_359' title='bbox 884 2626 1047 2662; x_wconf 86' lang='lat' dir='ltr'>honesta</span> <span class='ocrx_word' id='word_1_360' title='bbox 1075 2631 1114 2661; x_wconf 89' lang='lat' dir='ltr'>et</span> <span class='ocrx_word' id='word_1_361' title='bbox 1142 2624 1243 2662; x_wconf 86' lang='lat' dir='ltr'>utilis</span> <span class='ocrx_word' id='word_1_362' title='bbox 1262 2625 1427 2670; x_wconf 88' lang='lat' dir='ltr'>videtur,</span> <span class='ocrx_word' id='word_1_363' title='bbox 1453 2632 1586 2664; x_wconf 86' lang='lat' dir='ltr'>auctor</span> <span class='ocrx_word' id='word_1_364' title='bbox 1617 2630 1698 2675; x_wconf 78' lang='lat' dir='ltr'>ejus</span> 
     </span>
     <span class='ocr_line' id='line_1_41' title="bbox 252 2686 1697 2737; baseline 0.003 -14"><span class='ocrx_word' id='word_1_365' title='bbox 252 2688 345 2724; x_wconf 89' lang='lat' dir='ltr'>vivit</span> <span class='ocrx_word' id='word_1_366' title='bbox 371 2694 411 2724; x_wconf 90' lang='lat' dir='ltr'>et</span> <span class='ocrx_word' id='word_1_367' title='bbox 429 2688 519 2733; x_wconf 88' lang='lat' dir='ltr'>abit,</span> <span class='ocrx_word' id='word_1_368' title='bbox 542 2688 599 2724; x_wconf 89' lang='lat' dir='ltr'>sin</span> <span class='ocrx_word' id='word_1_369' title='bbox 630 2688 769 2732; x_wconf 88' lang='lat' dir='ltr'>minus,</span> <span class='ocrx_word' id='word_1_370' title='bbox 798 2687 921 2737; x_wconf 86' lang='lat' dir='ltr'>periit,</span> <span class='ocrx_word' id='word_1_371' title='bbox 944 2686 1155 2723; x_wconf 84' lang='lat' dir='ltr'>constricto</span> <span class='ocrx_word' id='word_1_372' title='bbox 1183 2686 1335 2736; x_wconf 83' lang='lat' dir='ltr'>laqueo.</span> <span class='ocrx_word' id='word_1_373' title='bbox 1384 2686 1547 2724; x_wconf 89' lang='lat' dir='ltr'>Proinde</span> <span class='ocrx_word' id='word_1_374' title='bbox 1579 2701 1697 2727; x_wconf 88' lang='lat' dir='ltr'>novas</span> 
     </span>
     <span class='ocr_line' id='line_1_42' title="bbox 252 2747 1697 2798; baseline 0 -12"><span class='ocrx_word' id='word_1_375' title='bbox 252 2762 386 2798; x_wconf 74' lang='lat' dir='ltr'>rogare</span> <span class='ocrx_word' id='word_1_376' title='bbox 407 2749 512 2798; x_wconf 81' lang='lat' dir='ltr'>leges</span> <span class='ocrx_word' id='word_1_377' title='bbox 532 2761 606 2785; x_wconf 92' lang='lat' dir='ltr'>non</span> <span class='ocrx_word' id='word_1_378' title='bbox 630 2748 798 2785; x_wconf 82' lang='lat' dir='ltr'>audent:</span> <span class='ocrx_word' id='word_1_379' title='bbox 831 2747 898 2784; x_wconf 83' lang='lat' dir='ltr'>scd</span> <span class='ocrx_word' id='word_1_380' title='bbox 918 2747 1108 2784; x_wconf 84' lang='lat' dir='ltr'>veteribus</span> <span class='ocrx_word' id='word_1_381' title='bbox 1128 2747 1305 2796; x_wconf 77' lang='lat' dir='ltr'>religiose</span> <span class='ocrx_word' id='word_1_382' title='bbox 1326 2754 1498 2784; x_wconf 89' lang='lat' dir='ltr'>utuntur.</span> <span class='ocrx_word' id='word_1_383' title='bbox 1532 2749 1590 2785; x_wconf 88' lang='lat' dir='ltr'>Ac</span> <span class='ocrx_word' id='word_1_384' title='bbox 1615 2749 1697 2786; x_wconf 90' lang='lat' dir='ltr'>lon-</span> 
     </span>
     <span class='ocr_line' id='line_1_43' title="bbox 254 2807 1697 2858; baseline 0.001 -13"><span class='ocrx_word' id='word_1_385' title='bbox 254 2810 412 2857; x_wconf 61' lang='lat' dir='ltr'>gissimo</span> <span class='ocrx_word' id='word_1_386' title='bbox 430 2816 611 2858; x_wconf 80' lang='lat' dir='ltr'>tempore,</span> <span class='ocrx_word' id='word_1_387' title='bbox 628 2808 794 2858; x_wconf 85' lang='lat' dir='ltr'>judices,</span> <span class='ocrx_word' id='word_1_388' title='bbox 810 2821 887 2844; x_wconf 82' lang='lat' dir='ltr'>una</span> <span class='ocrx_word' id='word_1_389' title='bbox 908 2808 967 2843; x_wconf 79' lang='lat' dir='ltr'>lex</span> <span class='ocrx_word' id='word_1_390' title='bbox 984 2807 1084 2857; x_wconf 85' lang='lat' dir='ltr'>apud</span> <span class='ocrx_word' id='word_1_391' title='bbox 1105 2820 1172 2844; x_wconf 88' lang='lat' dir='ltr'>cos</span> <span class='ocrx_word' id='word_1_392' title='bbox 1194 2820 1293 2844; x_wconf 80' lang='lat' dir='ltr'>nova</span> <span class='ocrx_word' id='word_1_393' title='bbox 1307 2808 1454 2858; x_wconf 84' lang='lat' dir='ltr'>perlata</span> <span class='ocrx_word' id='word_1_394' title='bbox 1470 2820 1553 2845; x_wconf 86' lang='lat' dir='ltr'>esse</span> <span class='ocrx_word' id='word_1_395' title='bbox 1568 2808 1697 2846; x_wconf 80' lang='lat' dir='ltr'>fertur.</span> 
     </span>
     <span class='ocr_line' id='line_1_44' title="bbox 259 2868 1698 2919; baseline 0.001 -14"><span class='ocrx_word' id='word_1_396' title='bbox 259 2871 355 2906; x_wconf 82' lang='lat' dir='ltr'>Nam</span> <span class='ocrx_word' id='word_1_397' title='bbox 384 2883 470 2907; x_wconf 90' lang='lat' dir='ltr'>cum</span> <span class='ocrx_word' id='word_1_398' title='bbox 502 2870 552 2906; x_wconf 86' lang='lat' dir='ltr'>ibi</span> <span class='ocrx_word' id='word_1_399' title='bbox 575 2876 769 2919; x_wconf 83' lang='lat' dir='ltr'>receptum</span> <span class='ocrx_word' id='word_1_400' title='bbox 791 2875 907 2913; x_wconf 73' lang='lat' dir='ltr'>essct,</span> <span class='ocrx_word' id='word_1_401' title='bbox 935 2868 964 2905; x_wconf 91' lang='lat' dir='ltr'>si</span> <span class='ocrx_word' id='word_1_402' title='bbox 984 2868 1066 2917; x_wconf 86' lang='lat' dir='ltr'>quis</span> <span class='ocrx_word' id='word_1_403' title='bbox 1088 2868 1325 2905; x_wconf 75' lang='lat' dir='ltr'>excussisset</span> <span class='ocrx_word' id='word_1_404' title='bbox 1344 2868 1449 2905; x_wconf 87' lang='lat' dir='ltr'>alteri</span> <span class='ocrx_word' id='word_1_405' title='bbox 1470 2868 1636 2913; x_wconf 85' lang='lat' dir='ltr'>oculum,</span> <span class='ocrx_word' id='word_1_406' title='bbox 1658 2878 1698 2908; x_wconf 87' lang='lat' dir='ltr'>ut</span> 
     </span>
     <span class='ocr_line' id='line_1_45' title="bbox 254 2930 1697 2984; baseline -0.001 -13"><span class='ocrx_word' id='word_1_407' title='bbox 254 2942 288 2971; x_wconf 69' lang='lat' dir='ltr'>ct</span> <span class='ocrx_word' id='word_1_408' title='bbox 314 2934 382 2984; x_wconf 87' lang='lat' dir='ltr'>ipsi</span> <span class='ocrx_word' id='word_1_409' title='bbox 411 2932 547 2971; x_wconf 86' lang='lat' dir='ltr'>oculus</span> <span class='ocrx_word' id='word_1_410' title='bbox 579 2938 831 2977; x_wconf 77' lang='lat' dir='ltr'>excuteretur,</span> <span class='ocrx_word' id='word_1_411' title='bbox 854 2945 922 2968; x_wconf 70' lang='lat' dir='ltr'>nec</span> <span class='ocrx_word' id='word_1_412' title='bbox 952 2930 990 2968; x_wconf 81' lang='lat' dir='ltr'>id</span> <span class='ocrx_word' id='word_1_413' title='bbox 1021 2931 1251 2981; x_wconf 85' lang='lat' dir='ltr'>supplicium</span> <span class='ocrx_word' id='word_1_414' title='bbox 1273 2930 1347 2968; x_wconf 85' lang='lat' dir='ltr'>ulla</span> <span class='ocrx_word' id='word_1_415' title='bbox 1377 2930 1507 2968; x_wconf 77' lang='lat' dir='ltr'>reditui</span> <span class='ocrx_word' id='word_1_416' title='bbox 1536 2932 1697 2980; x_wconf 75' lang='lat' dir='ltr'>pecunia</span> 
     </span>
    </p>
   </div>
  </div>
 </body>
</html>
