<?xml version="1.0" encoding="UTF-8"?>
<!DOCTYPE html PUBLIC "-//W3C//DTD XHTML 1.0 Transitional//EN"
    "http://www.w3.org/TR/xhtml1/DTD/xhtml1-transitional.dtd">
<html xmlns="http://www.w3.org/1999/xhtml" xml:lang="en" lang="en">
 <head>
  <title>
</title>
<meta http-equiv="Content-Type" content="text/html;charset=utf-8" />
  <meta name='ocr-system' content='tesseract 3.04.00' />
  <meta name='ocr-capabilities' content='ocr_page ocr_carea ocr_par ocr_line ocrx_word'/>
</head>
<body>
  <div class='ocr_page' id='page_1' title='image "./oratoresatticie15dobs_0312.png"; bbox 0 0 1923 3149; ppageno 0'>
   <div class='ocr_carea' id='block_1_1' title="bbox 289 115 1332 157">
    <p class='ocr_par' dir='ltr' id='par_1_1' title="bbox 289 115 1332 157">
     <span class='ocr_line' id='line_1_1' title="bbox 289 115 1332 157; baseline 0.002 -4"><span class='ocrx_word' id='word_1_1' title='bbox 289 118 370 154; x_wconf 81' lang='lat'>-296</span> <span class='ocrx_word' id='word_1_2' title='bbox 720 115 1009 154; x_wconf 77' lang='lat' dir='ltr'><strong>ADVERSUS</strong></span> <span class='ocrx_word' id='word_1_3' title='bbox 1041 116 1332 157; x_wconf 86' lang='lat' dir='ltr'><strong>LEPTINEM.</strong></span> 
     </span>
    </p>
   </div>
   <div class='ocr_carea' id='block_1_2' title="bbox 285 216 1749 1542">
    <p class='ocr_par' dir='ltr' id='par_1_2' title="bbox 285 216 1749 1542">
     <span class='ocr_line' id='line_1_2' title="bbox 289 216 1748 272; baseline 0.002 -17"><span class='ocrx_word' id='word_1_4' title='bbox 289 217 515 268; x_wconf 85' lang='lat' dir='ltr'>Gorgopam</span> <span class='ocrx_word' id='word_1_5' title='bbox 536 216 574 254; x_wconf 90' lang='lat' dir='ltr'>in</span> <span class='ocrx_word' id='word_1_6' title='bbox 593 217 732 269; x_wconf 88' lang='lat' dir='ltr'>AEgina</span> <span class='ocrx_word' id='word_1_7' title='bbox 756 219 954 266; x_wconf 89' lang='lat' dir='ltr'>occiderit,</span> <span class='ocrx_word' id='word_1_8' title='bbox 970 226 1066 271; x_wconf 90' lang='lat' dir='ltr'>quot</span> <span class='ocrx_word' id='word_1_9' title='bbox 1092 220 1132 257; x_wconf 90' lang='lat' dir='ltr'>in</span> <span class='ocrx_word' id='word_1_10' title='bbox 1160 221 1292 272; x_wconf 89' lang='lat' dir='ltr'>Cypro</span> <span class='ocrx_word' id='word_1_11' title='bbox 1325 228 1471 271; x_wconf 88' lang='lat' dir='ltr'>tropaea</span> <span class='ocrx_word' id='word_1_12' title='bbox 1499 222 1675 266; x_wconf 84' lang='lat' dir='ltr'>erexerit,</span> <span class='ocrx_word' id='word_1_13' title='bbox 1709 227 1748 258; x_wconf 87' lang='lat' dir='ltr'>et</span> 
     </span>
     <span class='ocr_line' id='line_1_3' title="bbox 288 277 1746 332; baseline 0.003 -17"><span class='ocrx_word' id='word_1_14' title='bbox 288 278 428 316; x_wconf 88' lang='lat' dir='ltr'>deinde</span> <span class='ocrx_word' id='word_1_15' title='bbox 448 278 486 316; x_wconf 90' lang='lat' dir='ltr'>in</span> <span class='ocrx_word' id='word_1_16' title='bbox 507 277 694 330; x_wconf 86' lang='lat' dir='ltr'>AEgypto‚</span> <span class='ocrx_word' id='word_1_17' title='bbox 720 287 759 318; x_wconf 92' lang='lat' dir='ltr'>et</span> <span class='ocrx_word' id='word_1_18' title='bbox 777 281 957 319; x_wconf 87' lang='lat' dir='ltr'>universa</span> <span class='ocrx_word' id='word_1_19' title='bbox 975 288 1075 319; x_wconf 88' lang='lat' dir='ltr'>terra</span> <span class='ocrx_word' id='word_1_20' title='bbox 1094 293 1215 332; x_wconf 87' lang='lat' dir='ltr'>prope</span> <span class='ocrx_word' id='word_1_21' title='bbox 1236 281 1395 319; x_wconf 81' lang='lat' dir='ltr'>dixerim</span> <span class='ocrx_word' id='word_1_22' title='bbox 1416 289 1631 331; x_wconf 80' lang='lat' dir='ltr'>peragrata,</span> <span class='ocrx_word' id='word_1_23' title='bbox 1652 295 1746 320; x_wconf 88' lang='lat' dir='ltr'>nus-</span> 
     </span>
     <span class='ocr_line' id='line_1_4' title="bbox 288 341 1742 393; baseline 0.004 -18"><span class='ocrx_word' id='word_1_24' title='bbox 288 352 403 390; x_wconf 86' lang='lat' dir='ltr'><strong>quam</strong></span> <span class='ocrx_word' id='word_1_25' title='bbox 419 352 545 390; x_wconf 89' lang='lat' dir='ltr'>neque</span> <span class='ocrx_word' id='word_1_26' title='bbox 565 341 707 378; x_wconf 91' lang='lat' dir='ltr'>nomini</span> <span class='ocrx_word' id='word_1_27' title='bbox 729 342 892 380; x_wconf 88' lang='lat' dir='ltr'>civitatis</span> <span class='ocrx_word' id='word_1_28' title='bbox 911 349 1067 387; x_wconf 87' lang='lat' dir='ltr'>nostrae,</span> <span class='ocrx_word' id='word_1_29' title='bbox 1085 355 1205 393; x_wconf 91' lang='lat' dir='ltr'>neque</span> <span class='ocrx_word' id='word_1_30' title='bbox 1227 343 1297 381; x_wconf 85' lang='lat' dir='ltr'>sibi</span> <span class='ocrx_word' id='word_1_31' title='bbox 1319 343 1388 393; x_wconf 90' lang='lat' dir='ltr'>ipsi</span> <span class='ocrx_word' id='word_1_32' title='bbox 1409 342 1589 380; x_wconf 84' lang='lat' dir='ltr'>dedecori</span> <span class='ocrx_word' id='word_1_33' title='bbox 1609 343 1742 381; x_wconf 82' lang='lat' dir='ltr'>fuerit:</span> 
     </span>
     <span class='ocr_line' id='line_1_5' title="bbox 288 401 1745 455; baseline 0.003 -17"><span class='ocrx_word' id='word_1_34' title='bbox 288 401 446 438; x_wconf 88' lang='lat' dir='ltr'>omnino</span> <span class='ocrx_word' id='word_1_35' title='bbox 477 402 589 439; x_wconf 82' lang='lat' dir='ltr'>facile</span> <span class='ocrx_word' id='word_1_36' title='bbox 622 415 699 440; x_wconf 88' lang='lat' dir='ltr'>non</span> <span class='ocrx_word' id='word_1_37' title='bbox 733 411 790 441; x_wconf 91' lang='lat' dir='ltr'>est</span> <span class='ocrx_word' id='word_1_38' title='bbox 822 417 891 454; x_wconf 89' lang='lat' dir='ltr'>pro</span> <span class='ocrx_word' id='word_1_39' title='bbox 922 404 1109 455; x_wconf 84' lang='lat' dir='ltr'>dignitate</span> <span class='ocrx_word' id='word_1_40' title='bbox 1142 404 1282 449; x_wconf 85' lang='lat' dir='ltr'>dicere,</span> <span class='ocrx_word' id='word_1_41' title='bbox 1304 412 1342 442; x_wconf 88' lang='lat' dir='ltr'>et</span> <span class='ocrx_word' id='word_1_42' title='bbox 1373 417 1555 454; x_wconf 83' lang='lat' dir='ltr'>magnum</span> <span class='ocrx_word' id='word_1_43' title='bbox 1575 404 1745 442; x_wconf 82' lang='lat' dir='ltr'>dedecus</span> 
     </span>
     <span class='ocr_line' id='line_1_6' title="bbox 290 462 1748 516; baseline 0.003 -17"><span class='ocrx_word' id='word_1_44' title='bbox 290 462 414 507; x_wconf 84' lang='lat' dir='ltr'>fuerit,</span> <span class='ocrx_word' id='word_1_45' title='bbox 436 475 496 501; x_wconf 92' lang='lat' dir='ltr'>me</span> <span class='ocrx_word' id='word_1_46' title='bbox 517 463 599 501; x_wconf 89' lang='lat' dir='ltr'>haec</span> <span class='ocrx_word' id='word_1_47' title='bbox 631 472 968 509; x_wconf 84' lang='lat' dir='ltr'>commemorante,</span> <span class='ocrx_word' id='word_1_48' title='bbox 1001 466 1147 503; x_wconf 87' lang='lat' dir='ltr'>minora</span> <span class='ocrx_word' id='word_1_49' title='bbox 1176 465 1295 502; x_wconf 85' lang='lat' dir='ltr'>videri</span> <span class='ocrx_word' id='word_1_50' title='bbox 1329 478 1374 503; x_wconf 86' lang='lat' dir='ltr'>ea</span> <span class='ocrx_word' id='word_1_51' title='bbox 1405 465 1596 516; x_wconf 87' lang='lat' dir='ltr'>opinione,</span> <span class='ocrx_word' id='word_1_52' title='bbox 1630 478 1748 514; x_wconf 88' lang='lat' dir='ltr'>quam</span> 
     </span>
     <span class='ocr_line' id='line_1_7' title="bbox 290 523 1747 577; baseline 0.002 -17"><span class='ocrx_word' id='word_1_53' title='bbox 290 523 394 574; x_wconf 87' lang='lat' dir='ltr'>apud</span> <span class='ocrx_word' id='word_1_54' title='bbox 415 525 560 562; x_wconf 89' lang='lat' dir='ltr'>animos</span> <span class='ocrx_word' id='word_1_55' title='bbox 589 525 730 575; x_wconf 92' lang='lat' dir='ltr'>quique</span> <span class='ocrx_word' id='word_1_56' title='bbox 753 533 902 564; x_wconf 90' lang='lat' dir='ltr'>vestros</span> <span class='ocrx_word' id='word_1_57' title='bbox 929 527 978 565; x_wconf 90' lang='lat' dir='ltr'>de</span> <span class='ocrx_word' id='word_1_58' title='bbox 1006 540 1051 564; x_wconf 93' lang='lat' dir='ltr'>eo</span> <span class='ocrx_word' id='word_1_59' title='bbox 1080 526 1325 577; x_wconf 83' lang='lat' dir='ltr'>concepistis.</span> <span class='ocrx_word' id='word_1_60' title='bbox 1382 528 1479 569; x_wconf 80' lang='lat' dir='ltr'>Quae</span> <span class='ocrx_word' id='word_1_61' title='bbox 1498 539 1589 564; x_wconf 87' lang='lat' dir='ltr'>vero</span> <span class='ocrx_word' id='word_1_62' title='bbox 1606 539 1666 563; x_wconf 91' lang='lat' dir='ltr'>me</span> <span class='ocrx_word' id='word_1_63' title='bbox 1686 525 1747 563; x_wconf 87' lang='lat' dir='ltr'>di-</span> 
     </span>
     <span class='ocr_line' id='line_1_8' title="bbox 289 585 1748 638; baseline 0.003 -17"><span class='ocrx_word' id='word_1_64' title='bbox 289 585 413 623; x_wconf 89' lang='lat' dir='ltr'>cendo</span> <span class='ocrx_word' id='word_1_65' title='bbox 427 598 669 635; x_wconf 87' lang='lat' dir='ltr'>nequaquam</span> <span class='ocrx_word' id='word_1_66' title='bbox 685 593 976 624; x_wconf 85' lang='lat' dir='ltr'>extenuaturum</span> <span class='ocrx_word' id='word_1_67' title='bbox 992 596 1098 638; x_wconf 89' lang='lat' dir='ltr'>puto,</span> <span class='ocrx_word' id='word_1_68' title='bbox 1108 601 1154 626; x_wconf 85' lang='lat' dir='ltr'>ea</span> <span class='ocrx_word' id='word_1_69' title='bbox 1167 589 1272 626; x_wconf 90' lang='lat' dir='ltr'>vobis</span> <span class='ocrx_word' id='word_1_70' title='bbox 1285 589 1322 625; x_wconf 89' lang='lat' dir='ltr'>in</span> <span class='ocrx_word' id='word_1_71' title='bbox 1339 587 1560 625; x_wconf 85' lang='lat' dir='ltr'>memoriam</span> <span class='ocrx_word' id='word_1_72' title='bbox 1573 587 1748 637; x_wconf 86' lang='lat' dir='ltr'>redigere</span> 
     </span>
     <span class='ocr_line' id='line_1_9' title="bbox 289 646 1749 699; baseline 0.003 -17"><span class='ocrx_word' id='word_1_73' title='bbox 289 647 470 683; x_wconf 86' lang='lat' dir='ltr'>conabor.</span> <span class='ocrx_word' id='word_1_74' title='bbox 527 646 666 683; x_wconf 82' lang='lat' dir='ltr'>Praelio</span> <span class='ocrx_word' id='word_1_75' title='bbox 699 647 812 696; x_wconf 87' lang='lat' dir='ltr'>igitur</span> <span class='ocrx_word' id='word_1_76' title='bbox 844 648 968 685; x_wconf 84' lang='lat' dir='ltr'>navali</span> <span class='ocrx_word' id='word_1_77' title='bbox 1001 648 1092 686; x_wconf 89' lang='lat' dir='ltr'>vicit</span> <span class='ocrx_word' id='word_1_78' title='bbox 1125 649 1452 694; x_wconf 75' lang='lat' dir='ltr'>Lacedaemonios,</span> <span class='ocrx_word' id='word_1_79' title='bbox 1473 655 1511 686; x_wconf 84' lang='lat' dir='ltr'>et</span> <span class='ocrx_word' id='word_1_80' title='bbox 1529 648 1749 699; x_wconf 89' lang='lat' dir='ltr'>undequin-</span> 
     </span>
     <span class='ocr_line' id='line_1_10' title="bbox 289 707 1745 760; baseline 0.003 -17"><span class='ocrx_word' id='word_1_81' title='bbox 289 707 476 757; x_wconf 81' lang='lat' dir='ltr'>quaginta</span> <span class='ocrx_word' id='word_1_82' title='bbox 494 707 664 744; x_wconf 82' lang='lat' dir='ltr'>triremes</span> <span class='ocrx_word' id='word_1_83' title='bbox 686 709 857 758; x_wconf 83' lang='lat' dir='ltr'>captivas</span> <span class='ocrx_word' id='word_1_84' title='bbox 878 709 1057 752; x_wconf 83' lang='lat' dir='ltr'>abduxit;</span> <span class='ocrx_word' id='word_1_85' title='bbox 1091 711 1192 760; x_wconf 87' lang='lat' dir='ltr'>cepit</span> <span class='ocrx_word' id='word_1_86' title='bbox 1211 717 1250 746; x_wconf 91' lang='lat' dir='ltr'>et</span> <span class='ocrx_word' id='word_1_87' title='bbox 1279 710 1485 747; x_wconf 86' lang='lat' dir='ltr'>insularum</span> <span class='ocrx_word' id='word_1_88' title='bbox 1507 710 1642 746; x_wconf 83' lang='lat' dir='ltr'>harum</span> <span class='ocrx_word' id='word_1_89' title='bbox 1662 710 1745 760; x_wconf 88' lang='lat' dir='ltr'>ple-</span> 
     </span>
     <span class='ocr_line' id='line_1_11' title="bbox 288 769 1746 821; baseline 0.003 -16"><span class='ocrx_word' id='word_1_90' title='bbox 288 780 440 818; x_wconf 88' lang='lat' dir='ltr'>rasque,</span> <span class='ocrx_word' id='word_1_91' title='bbox 464 775 502 805; x_wconf 87' lang='lat' dir='ltr'>et</span> <span class='ocrx_word' id='word_1_92' title='bbox 520 781 583 805; x_wconf 89' lang='lat' dir='ltr'>eas</span> <span class='ocrx_word' id='word_1_93' title='bbox 604 769 713 806; x_wconf 90' lang='lat' dir='ltr'>nobis</span> <span class='ocrx_word' id='word_1_94' title='bbox 734 769 878 806; x_wconf 86' lang='lat' dir='ltr'>amicas</span> <span class='ocrx_word' id='word_1_95' title='bbox 899 769 1079 816; x_wconf 87' lang='lat' dir='ltr'>reddidit,</span> <span class='ocrx_word' id='word_1_96' title='bbox 1101 783 1190 807; x_wconf 85' lang='lat' dir='ltr'>cum</span> <span class='ocrx_word' id='word_1_97' title='bbox 1210 771 1316 821; x_wconf 87' lang='lat' dir='ltr'>prius</span> <span class='ocrx_word' id='word_1_98' title='bbox 1337 771 1484 808; x_wconf 84' lang='lat' dir='ltr'>infestae</span> <span class='ocrx_word' id='word_1_99' title='bbox 1507 778 1656 814; x_wconf 74' lang='lat' dir='ltr'>essent:</span> <span class='ocrx_word' id='word_1_100' title='bbox 1688 778 1746 809; x_wconf 92' lang='lat' dir='ltr'>ter</span> 
     </span>
     <span class='ocr_line' id='line_1_12' title="bbox 289 828 1749 881; baseline 0.003 -16"><span class='ocrx_word' id='word_1_101' title='bbox 289 828 390 866; x_wconf 90' lang='lat' dir='ltr'>mille</span> <span class='ocrx_word' id='word_1_102' title='bbox 406 829 559 879; x_wconf 88' lang='lat' dir='ltr'>captiva</span> <span class='ocrx_word' id='word_1_103' title='bbox 577 842 739 880; x_wconf 87' lang='lat' dir='ltr'>corpora</span> <span class='ocrx_word' id='word_1_104' title='bbox 759 829 834 867; x_wconf 91' lang='lat' dir='ltr'>huc</span> <span class='ocrx_word' id='word_1_105' title='bbox 854 830 969 875; x_wconf 84' lang='lat' dir='ltr'>misit,</span> <span class='ocrx_word' id='word_1_106' title='bbox 991 837 1030 867; x_wconf 90' lang='lat' dir='ltr'>et</span> <span class='ocrx_word' id='word_1_107' title='bbox 1045 831 1207 881; x_wconf 86' lang='lat' dir='ltr'>amplius</span> <span class='ocrx_word' id='word_1_108' title='bbox 1223 831 1358 869; x_wconf 88' lang='lat' dir='ltr'>decem</span> <span class='ocrx_word' id='word_1_109' title='bbox 1374 839 1414 869; x_wconf 92' lang='lat' dir='ltr'>et</span> <span class='ocrx_word' id='word_1_110' title='bbox 1427 839 1581 869; x_wconf 82' lang='lat' dir='ltr'>centum</span> <span class='ocrx_word' id='word_1_111' title='bbox 1602 831 1749 871; x_wconf 85' lang='lat' dir='ltr'>talenta</span> 
     </span>
     <span class='ocr_line' id='line_1_13' title="bbox 287 891 1746 942; baseline 0 -13"><span class='ocrx_word' id='word_1_112' title='bbox 287 904 309 929; x_wconf 94' lang='lat' dir='ltr'>e</span> <span class='ocrx_word' id='word_1_113' title='bbox 327 891 462 942; x_wconf 88' lang='lat' dir='ltr'>praeda</span> <span class='ocrx_word' id='word_1_114' title='bbox 492 891 666 941; x_wconf 82' lang='lat' dir='ltr'>redegit:</span> <span class='ocrx_word' id='word_1_115' title='bbox 697 904 860 942; x_wconf 88' lang='lat' dir='ltr'>quarum</span> <span class='ocrx_word' id='word_1_116' title='bbox 890 905 1015 929; x_wconf 86' lang='lat' dir='ltr'>rerum</span> <span class='ocrx_word' id='word_1_117' title='bbox 1041 893 1227 937; x_wconf 89' lang='lat' dir='ltr'>omnium,</span> <span class='ocrx_word' id='word_1_118' title='bbox 1261 899 1430 929; x_wconf 89' lang='lat' dir='ltr'>vestrum</span> <span class='ocrx_word' id='word_1_119' title='bbox 1463 892 1618 942; x_wconf 88' lang='lat' dir='ltr'>quidam</span> <span class='ocrx_word' id='word_1_120' title='bbox 1652 899 1746 929; x_wconf 88' lang='lat' dir='ltr'>natu</span> 
     </span>
     <span class='ocr_line' id='line_1_14' title="bbox 288 952 1747 1002; baseline 0.001 -13"><span class='ocrx_word' id='word_1_121' title='bbox 288 952 441 989; x_wconf 88' lang='lat' dir='ltr'>maximi</span> <span class='ocrx_word' id='word_1_122' title='bbox 461 952 722 990; x_wconf 88' lang='lat' dir='ltr'>testimonium</span> <span class='ocrx_word' id='word_1_123' title='bbox 742 952 832 989; x_wconf 90' lang='lat' dir='ltr'>mihi</span> <span class='ocrx_word' id='word_1_124' title='bbox 862 952 1129 1002; x_wconf 88' lang='lat' dir='ltr'>perhibebunt.</span> <span class='ocrx_word' id='word_1_125' title='bbox 1187 952 1336 990; x_wconf 87' lang='lat' dir='ltr'>Praeter</span> <span class='ocrx_word' id='word_1_126' title='bbox 1353 952 1439 990; x_wconf 86' lang='lat' dir='ltr'>haec</span> <span class='ocrx_word' id='word_1_127' title='bbox 1460 953 1553 990; x_wconf 85' lang='lat' dir='ltr'>alias</span> <span class='ocrx_word' id='word_1_128' title='bbox 1573 953 1747 991; x_wconf 84' lang='lat' dir='ltr'>triremes</span> 
     </span>
     <span class='ocr_line' id='line_1_15' title="bbox 287 1012 1747 1064; baseline 0.001 -13"><span class='ocrx_word' id='word_1_129' title='bbox 287 1012 389 1051; x_wconf 86' lang='lat' dir='ltr'>ultra</span> <span class='ocrx_word' id='word_1_130' title='bbox 419 1013 555 1062; x_wconf 86' lang='lat' dir='ltr'>viginti</span> <span class='ocrx_word' id='word_1_131' title='bbox 589 1013 705 1063; x_wconf 85' lang='lat' dir='ltr'>cepit,</span> <span class='ocrx_word' id='word_1_132' title='bbox 734 1012 896 1063; x_wconf 88' lang='lat' dir='ltr'>singulis</span> <span class='ocrx_word' id='word_1_133' title='bbox 929 1013 991 1051; x_wconf 91' lang='lat' dir='ltr'>vel</span> <span class='ocrx_word' id='word_1_134' title='bbox 1019 1013 1119 1051; x_wconf 90' lang='lat' dir='ltr'>binis</span> <span class='ocrx_word' id='word_1_135' title='bbox 1153 1014 1321 1064; x_wconf 91' lang='lat' dir='ltr'>potitus;</span> <span class='ocrx_word' id='word_1_136' title='bbox 1368 1027 1464 1064; x_wconf 88' lang='lat' dir='ltr'>quas</span> <span class='ocrx_word' id='word_1_137' title='bbox 1492 1015 1690 1052; x_wconf 77' lang='lat' dir='ltr'>universas</span> <span class='ocrx_word' id='word_1_138' title='bbox 1709 1015 1747 1052; x_wconf 85' lang='lat' dir='ltr'>in</span> 
     </span>
     <span class='ocr_line' id='line_1_16' title="bbox 286 1073 1749 1125; baseline 0.001 -13"><span class='ocrx_word' id='word_1_139' title='bbox 286 1080 433 1112; x_wconf 91' lang='lat' dir='ltr'>vestros</span> <span class='ocrx_word' id='word_1_140' title='bbox 453 1080 586 1124; x_wconf 88' lang='lat' dir='ltr'>portus</span> <span class='ocrx_word' id='word_1_141' title='bbox 608 1073 807 1124; x_wconf 86' lang='lat' dir='ltr'>perduxit:</span> <span class='ocrx_word' id='word_1_142' title='bbox 839 1087 938 1112; x_wconf 89' lang='lat' dir='ltr'>unus</span> <span class='ocrx_word' id='word_1_143' title='bbox 970 1074 1135 1124; x_wconf 85' lang='lat' dir='ltr'>denique</span> <span class='ocrx_word' id='word_1_144' title='bbox 1165 1074 1335 1112; x_wconf 90' lang='lat' dir='ltr'>omnium</span> <span class='ocrx_word' id='word_1_145' title='bbox 1366 1075 1652 1125; x_wconf 87' lang='lat' dir='ltr'>imperatorum,</span> <span class='ocrx_word' id='word_1_146' title='bbox 1672 1087 1749 1114; x_wconf 84' lang='lat' dir='ltr'>non</span> 
     </span>
     <span class='ocr_line' id='line_1_17' title="bbox 286 1136 1746 1182; baseline -0.001 -7"><span class='ocrx_word' id='word_1_147' title='bbox 286 1138 435 1180; x_wconf 92' lang='lat' dir='ltr'>urbem,</span> <span class='ocrx_word' id='word_1_148' title='bbox 457 1149 534 1174; x_wconf 87' lang='lat' dir='ltr'>non</span> <span class='ocrx_word' id='word_1_149' title='bbox 554 1136 769 1182; x_wconf 88' lang='lat' dir='ltr'>castellum,</span> <span class='ocrx_word' id='word_1_150' title='bbox 792 1149 869 1174; x_wconf 89' lang='lat' dir='ltr'>non</span> <span class='ocrx_word' id='word_1_151' title='bbox 887 1149 1038 1182; x_wconf 84' lang='lat' dir='ltr'>navem,</span> <span class='ocrx_word' id='word_1_152' title='bbox 1058 1150 1135 1174; x_wconf 91' lang='lat' dir='ltr'>non</span> <span class='ocrx_word' id='word_1_153' title='bbox 1155 1137 1314 1174; x_wconf 87' lang='lat' dir='ltr'>militem</span> <span class='ocrx_word' id='word_1_154' title='bbox 1343 1150 1462 1174; x_wconf 88' lang='lat' dir='ltr'>unum</span> <span class='ocrx_word' id='word_1_155' title='bbox 1484 1137 1621 1182; x_wconf 84' lang='lat' dir='ltr'>amisit,</span> <span class='ocrx_word' id='word_1_156' title='bbox 1653 1136 1746 1173; x_wconf 90' lang='lat' dir='ltr'>dum</span> 
     </span>
     <span class='ocr_line' id='line_1_18' title="bbox 285 1197 1746 1249; baseline -0.001 -14"><span class='ocrx_word' id='word_1_157' title='bbox 285 1198 393 1236; x_wconf 88' lang='lat' dir='ltr'>vobis</span> <span class='ocrx_word' id='word_1_158' title='bbox 413 1198 640 1248; x_wconf 85' lang='lat' dir='ltr'>imperaret:</span> <span class='ocrx_word' id='word_1_159' title='bbox 671 1210 742 1235; x_wconf 88' lang='lat' dir='ltr'>nec</span> <span class='ocrx_word' id='word_1_160' title='bbox 762 1197 864 1234; x_wconf 88' lang='lat' dir='ltr'>ullus</span> <span class='ocrx_word' id='word_1_161' title='bbox 886 1205 1098 1236; x_wconf 87' lang='lat' dir='ltr'>vestrorum</span> <span class='ocrx_word' id='word_1_162' title='bbox 1127 1198 1296 1236; x_wconf 87' lang='lat' dir='ltr'>hostium</span> <span class='ocrx_word' id='word_1_163' title='bbox 1327 1197 1448 1234; x_wconf 92' lang='lat' dir='ltr'>ullum</span> <span class='ocrx_word' id='word_1_164' title='bbox 1476 1205 1662 1249; x_wconf 79' lang='lat' dir='ltr'>tropaeum</span> <span class='ocrx_word' id='word_1_165' title='bbox 1696 1197 1746 1235; x_wconf 91' lang='lat' dir='ltr'>de</span> 
     </span>
     <span class='ocr_line' id='line_1_19' title="bbox 286 1255 1745 1305; baseline 0.001 -9"><span class='ocrx_word' id='word_1_166' title='bbox 286 1258 394 1297; x_wconf 88' lang='lat' dir='ltr'>vobis</span> <span class='ocrx_word' id='word_1_167' title='bbox 415 1265 454 1296; x_wconf 90' lang='lat' dir='ltr'>et</span> <span class='ocrx_word' id='word_1_168' title='bbox 480 1258 546 1296; x_wconf 91' lang='lat' dir='ltr'>illo</span> <span class='ocrx_word' id='word_1_169' title='bbox 563 1258 710 1301; x_wconf 87' lang='lat' dir='ltr'>erexit;</span> <span class='ocrx_word' id='word_1_170' title='bbox 740 1271 810 1296; x_wconf 91' lang='lat' dir='ltr'>vos</span> <span class='ocrx_word' id='word_1_171' title='bbox 841 1259 964 1296; x_wconf 88' lang='lat' dir='ltr'>multa</span> <span class='ocrx_word' id='word_1_172' title='bbox 994 1259 1042 1296; x_wconf 92' lang='lat' dir='ltr'>de</span> <span class='ocrx_word' id='word_1_173' title='bbox 1076 1259 1219 1305; x_wconf 90' lang='lat' dir='ltr'>multis,</span> <span class='ocrx_word' id='word_1_174' title='bbox 1255 1259 1320 1297; x_wconf 87' lang='lat' dir='ltr'>illo</span> <span class='ocrx_word' id='word_1_175' title='bbox 1354 1259 1468 1297; x_wconf 90' lang='lat' dir='ltr'>duce.</span> <span class='ocrx_word' id='word_1_176' title='bbox 1500 1259 1587 1297; x_wconf 90' lang='lat' dir='ltr'>-Ne</span> <span class='ocrx_word' id='word_1_177' title='bbox 1619 1255 1745 1297; x_wconf 84' lang='lat' dir='ltr'>autem</span> 
     </span>
     <span class='ocr_line' id='line_1_20' title="bbox 286 1318 1745 1371; baseline 0 -14"><span class='ocrx_word' id='word_1_178' title='bbox 286 1318 451 1357; x_wconf 89' lang='lat' dir='ltr'>dicendo</span> <span class='ocrx_word' id='word_1_179' title='bbox 472 1328 699 1369; x_wconf 65' lang='lat' dir='ltr'>praeteream</span> <span class='ocrx_word' id='word_1_180' title='bbox 719 1319 839 1356; x_wconf 83' lang='lat' dir='ltr'>ullum</span> <span class='ocrx_word' id='word_1_181' title='bbox 861 1321 941 1367; x_wconf 85' lang='lat' dir='ltr'>ejus</span> <span class='ocrx_word' id='word_1_182' title='bbox 960 1320 1191 1370; x_wconf 77' lang='lat' dir='ltr'>praeclarum</span> <span class='ocrx_word' id='word_1_183' title='bbox 1211 1320 1379 1365; x_wconf 84' lang='lat' dir='ltr'>facinus,</span> <span class='ocrx_word' id='word_1_184' title='bbox 1401 1319 1449 1357; x_wconf 94' lang='lat' dir='ltr'>de</span> <span class='ocrx_word' id='word_1_185' title='bbox 1470 1320 1615 1371; x_wconf 92' lang='lat' dir='ltr'>scripto</span> <span class='ocrx_word' id='word_1_186' title='bbox 1634 1320 1745 1357; x_wconf 86' lang='lat' dir='ltr'>vobis</span> 
     </span>
     <span class='ocr_line' id='line_1_21' title="bbox 285 1380 1744 1431; baseline -0.001 -13"><span class='ocrx_word' id='word_1_187' title='bbox 285 1381 549 1418; x_wconf 86' lang='lat' dir='ltr'>recitabuntur</span> <span class='ocrx_word' id='word_1_188' title='bbox 569 1387 608 1418; x_wconf 93' lang='lat' dir='ltr'>et</span> <span class='ocrx_word' id='word_1_189' title='bbox 627 1393 744 1418; x_wconf 85' lang='lat' dir='ltr'>naves</span> <span class='ocrx_word' id='word_1_190' title='bbox 765 1393 860 1431; x_wconf 86' lang='lat' dir='ltr'>quas</span> <span class='ocrx_word' id='word_1_191' title='bbox 882 1380 999 1431; x_wconf 86' lang='lat' dir='ltr'>cepit,</span> <span class='ocrx_word' id='word_1_192' title='bbox 1019 1388 1058 1418; x_wconf 93' lang='lat' dir='ltr'>et</span> <span class='ocrx_word' id='word_1_193' title='bbox 1085 1393 1161 1431; x_wconf 83' lang='lat' dir='ltr'>quo</span> <span class='ocrx_word' id='word_1_194' title='bbox 1194 1381 1280 1418; x_wconf 92' lang='lat' dir='ltr'>loco</span> <span class='ocrx_word' id='word_1_195' title='bbox 1313 1381 1502 1430; x_wconf 80' lang='lat' dir='ltr'>singulas,</span> <span class='ocrx_word' id='word_1_196' title='bbox 1524 1387 1563 1418; x_wconf 90' lang='lat' dir='ltr'>et</span> <span class='ocrx_word' id='word_1_197' title='bbox 1593 1381 1744 1418; x_wconf 89' lang='lat' dir='ltr'>urbium</span> 
     </span>
     <span class='ocr_line' id='line_1_22' title="bbox 287 1441 1745 1494; baseline 0.001 -15"><span class='ocrx_word' id='word_1_198' title='bbox 287 1455 484 1484; x_wconf 81' lang='lat' dir='ltr'>numerus,</span> <span class='ocrx_word' id='word_1_199' title='bbox 516 1448 555 1480; x_wconf 91' lang='lat' dir='ltr'>et</span> <span class='ocrx_word' id='word_1_200' title='bbox 583 1443 759 1493; x_wconf 88' lang='lat' dir='ltr'>pecuniae</span> <span class='ocrx_word' id='word_1_201' title='bbox 788 1441 1010 1487; x_wconf 85' lang='lat' dir='ltr'>multitudo,</span> <span class='ocrx_word' id='word_1_202' title='bbox 1031 1448 1070 1480; x_wconf 90' lang='lat' dir='ltr'>et</span> <span class='ocrx_word' id='word_1_203' title='bbox 1087 1449 1339 1493; x_wconf 76' lang='lat' dir='ltr'>tropaeorum,</span> <span class='ocrx_word' id='word_1_204' title='bbox 1361 1455 1439 1494; x_wconf 90' lang='lat' dir='ltr'>quo</span> <span class='ocrx_word' id='word_1_205' title='bbox 1455 1442 1637 1494; x_wconf 90' lang='lat' dir='ltr'>quodque</span> <span class='ocrx_word' id='word_1_206' title='bbox 1657 1442 1745 1481; x_wconf 90' lang='lat' dir='ltr'>loco</span> 
     </span>
     <span class='ocr_line' id='line_1_23' title="bbox 285 1502 745 1542; baseline 0 -2"><span class='ocrx_word' id='word_1_207' title='bbox 285 1502 333 1541; x_wconf 87' lang='lat' dir='ltr'>sit</span> <span class='ocrx_word' id='word_1_208' title='bbox 353 1510 536 1542; x_wconf 88' lang='lat' dir='ltr'>erectum.</span> <span class='ocrx_word' id='word_1_209' title='bbox 595 1503 745 1542; x_wconf 87' lang='lat' dir='ltr'>Recita.</span> 
     </span>
    </p>
   </div>
   <div class='ocr_carea' id='block_1_3' title="bbox 696 1645 1330 1684">
    <p class='ocr_par' dir='ltr' id='par_1_3' title="bbox 696 1645 1330 1684">
     <span class='ocr_line' id='line_1_24' title="bbox 696 1645 1330 1684; baseline 0 -1"><span class='ocrx_word' id='word_1_210' title='bbox 696 1645 797 1684; x_wconf 89' lang='lat' dir='ltr'>RES</span> <span class='ocrx_word' id='word_1_211' title='bbox 829 1645 1022 1684; x_wconf 88' lang='lat' dir='ltr'>GESTAE</span> <span class='ocrx_word' id='word_1_212' title='bbox 1054 1646 1330 1684; x_wconf 89' lang='lat' dir='ltr'><strong>CHABRIAE.</strong></span> 
     </span>
    </p>
   </div>
   <div class='ocr_carea' id='block_1_4' title="bbox 283 1747 1747 2899">
    <p class='ocr_par' dir='ltr' id='par_1_4' title="bbox 283 1747 1747 2350">
     <span class='ocr_line' id='line_1_25' title="bbox 286 1747 1745 1798; baseline 0.001 -14"><span class='ocrx_word' id='word_1_213' title='bbox 286 1747 391 1784; x_wconf 90' lang='lat' dir='ltr'>Num</span> <span class='ocrx_word' id='word_1_214' title='bbox 411 1747 550 1798; x_wconf 82' lang='lat' dir='ltr'>dignus</span> <span class='ocrx_word' id='word_1_215' title='bbox 572 1747 679 1786; x_wconf 90' lang='lat' dir='ltr'>vobis</span> <span class='ocrx_word' id='word_1_216' title='bbox 697 1748 861 1792; x_wconf 90' lang='lat' dir='ltr'>videtur,</span> <span class='ocrx_word' id='word_1_217' title='bbox 882 1748 1155 1793; x_wconf 86' lang='lat' dir='ltr'>Athenienses,</span> <span class='ocrx_word' id='word_1_218' title='bbox 1172 1748 1204 1784; x_wconf 91' lang='lat' dir='ltr'>is</span> <span class='ocrx_word' id='word_1_219' title='bbox 1234 1747 1300 1797; x_wconf 90' lang='lat' dir='ltr'>qui</span> <span class='ocrx_word' id='word_1_220' title='bbox 1325 1754 1383 1784; x_wconf 90' lang='lat' dir='ltr'>tot</span> <span class='ocrx_word' id='word_1_221' title='bbox 1410 1749 1523 1785; x_wconf 89' lang='lat' dir='ltr'>urbes</span> <span class='ocrx_word' id='word_1_222' title='bbox 1552 1748 1667 1798; x_wconf 87' lang='lat' dir='ltr'>cepit,</span> <span class='ocrx_word' id='word_1_223' title='bbox 1688 1754 1745 1786; x_wconf 89' lang='lat' dir='ltr'>tot</span> 
     </span>
     <span class='ocr_line' id='line_1_26' title="bbox 283 1808 1746 1859; baseline 0.001 -14"><span class='ocrx_word' id='word_1_224' title='bbox 283 1808 453 1846; x_wconf 87' lang='lat' dir='ltr'>hostium</span> <span class='ocrx_word' id='word_1_225' title='bbox 470 1809 642 1847; x_wconf 87' lang='lat' dir='ltr'>triremes</span> <span class='ocrx_word' id='word_1_226' title='bbox 661 1808 787 1846; x_wconf 84' lang='lat' dir='ltr'>navali</span> <span class='ocrx_word' id='word_1_227' title='bbox 814 1808 946 1859; x_wconf 88' lang='lat' dir='ltr'>praelio</span> <span class='ocrx_word' id='word_1_228' title='bbox 965 1808 1070 1853; x_wconf 91' lang='lat' dir='ltr'>vicit,</span> <span class='ocrx_word' id='word_1_229' title='bbox 1091 1808 1311 1857; x_wconf 88' lang='lat' dir='ltr'>reipublicae</span> <span class='ocrx_word' id='word_1_230' title='bbox 1339 1814 1488 1845; x_wconf 88' lang='lat' dir='ltr'>tantam</span> <span class='ocrx_word' id='word_1_231' title='bbox 1516 1808 1676 1857; x_wconf 86' lang='lat' dir='ltr'>gloriam</span> <span class='ocrx_word' id='word_1_232' title='bbox 1707 1815 1746 1846; x_wconf 90' lang='lat' dir='ltr'>et</span> 
     </span>
     <span class='ocr_line' id='line_1_27' title="bbox 284 1868 1745 1920; baseline 0.001 -13"><span class='ocrx_word' id='word_1_233' title='bbox 284 1869 506 1907; x_wconf 81' lang='lat' dir='ltr'>felicitatem</span> <span class='ocrx_word' id='word_1_234' title='bbox 527 1870 690 1920; x_wconf 86' lang='lat' dir='ltr'>peperit,</span> <span class='ocrx_word' id='word_1_235' title='bbox 713 1882 910 1919; x_wconf 90' lang='lat' dir='ltr'>nunquam</span> <span class='ocrx_word' id='word_1_236' title='bbox 930 1868 1047 1906; x_wconf 84' lang='lat' dir='ltr'>ullam</span> <span class='ocrx_word' id='word_1_237' title='bbox 1067 1869 1258 1906; x_wconf 84' lang='lat' dir='ltr'>maculam</span> <span class='ocrx_word' id='word_1_238' title='bbox 1280 1869 1485 1919; x_wconf 88' lang='lat' dir='ltr'>adspersit,</span> <span class='ocrx_word' id='word_1_239' title='bbox 1506 1869 1745 1908; x_wconf 84' lang='lat' dir='ltr'>immunitate</span> 
     </span>
     <span class='ocr_line' id='line_1_28' title="bbox 285 1929 1746 1982; baseline 0 -13"><span class='ocrx_word' id='word_1_240' title='bbox 285 1937 329 1969; x_wconf 89' lang='lat' dir='ltr'>ut</span> <span class='ocrx_word' id='word_1_241' title='bbox 343 1930 540 1982; x_wconf 89' lang='lat' dir='ltr'>spolietur,</span> <span class='ocrx_word' id='word_1_242' title='bbox 560 1944 676 1981; x_wconf 89' lang='lat' dir='ltr'>quam</span> <span class='ocrx_word' id='word_1_243' title='bbox 709 1943 732 1968; x_wconf 87' lang='lat' dir='ltr'>a</span> <span class='ocrx_word' id='word_1_244' title='bbox 759 1931 865 1968; x_wconf 88' lang='lat' dir='ltr'>vobis</span> <span class='ocrx_word' id='word_1_245' title='bbox 898 1937 1148 1974; x_wconf 89' lang='lat' dir='ltr'>consecutus,</span> <span class='ocrx_word' id='word_1_246' title='bbox 1178 1929 1257 1967; x_wconf 85' lang='lat' dir='ltr'>filio</span> <span class='ocrx_word' id='word_1_247' title='bbox 1291 1929 1468 1980; x_wconf 76' lang='lat' dir='ltr'>reliquit?</span> <span class='ocrx_word' id='word_1_248' title='bbox 1499 1943 1572 1981; x_wconf 88' lang='lat' dir='ltr'>ego</span> <span class='ocrx_word' id='word_1_249' title='bbox 1591 1930 1746 1981; x_wconf 88' lang='lat' dir='ltr'>quidem</span> 
     </span>
     <span class='ocr_line' id='line_1_29' title="bbox 288 1990 1747 2042; baseline 0 -13"><span class='ocrx_word' id='word_1_250' title='bbox 288 2004 366 2029; x_wconf 91' lang='lat' dir='ltr'>non</span> <span class='ocrx_word' id='word_1_251' title='bbox 388 1991 537 2042; x_wconf 88' lang='lat' dir='ltr'>opinor.</span> <span class='ocrx_word' id='word_1_252' title='bbox 595 1992 747 2029; x_wconf 89' lang='lat' dir='ltr'>Etenim</span> <span class='ocrx_word' id='word_1_253' title='bbox 768 1990 979 2029; x_wconf 88' lang='lat' dir='ltr'>absurdum</span> <span class='ocrx_word' id='word_1_254' title='bbox 1000 1998 1116 2036; x_wconf 89' lang='lat' dir='ltr'>esset,</span> <span class='ocrx_word' id='word_1_255' title='bbox 1138 2003 1215 2028; x_wconf 88' lang='lat' dir='ltr'>una</span> <span class='ocrx_word' id='word_1_256' title='bbox 1233 1991 1327 2028; x_wconf 89' lang='lat' dir='ltr'>urbe</span> <span class='ocrx_word' id='word_1_257' title='bbox 1348 1997 1387 2028; x_wconf 88' lang='lat' dir='ltr'>et</span> <span class='ocrx_word' id='word_1_258' title='bbox 1415 1990 1551 2029; x_wconf 88' lang='lat' dir='ltr'>decem</span> <span class='ocrx_word' id='word_1_259' title='bbox 1583 1991 1747 2030; x_wconf 74' lang='lat' dir='ltr'>navibus</span> 
     </span>
     <span class='ocr_line' id='line_1_30' title="bbox 284 2051 1745 2104; baseline 0 -14"><span class='ocrx_word' id='word_1_260' title='bbox 284 2053 475 2091; x_wconf 86' lang='lat' dir='ltr'>duntaxat</span> <span class='ocrx_word' id='word_1_261' title='bbox 493 2053 657 2100; x_wconf 85' lang='lat' dir='ltr'>amissis,</span> <span class='ocrx_word' id='word_1_262' title='bbox 676 2065 762 2091; x_wconf 92' lang='lat' dir='ltr'>eum</span> <span class='ocrx_word' id='word_1_263' title='bbox 791 2053 840 2091; x_wconf 88' lang='lat' dir='ltr'>ab</span> <span class='ocrx_word' id='word_1_264' title='bbox 873 2053 956 2090; x_wconf 88' lang='lat' dir='ltr'>istis</span> <span class='ocrx_word' id='word_1_265' title='bbox 988 2051 1218 2104; x_wconf 90' lang='lat' dir='ltr'>proditionis</span> <span class='ocrx_word' id='word_1_266' title='bbox 1249 2051 1524 2097; x_wconf 86' lang='lat' dir='ltr'>accusandum,</span> <span class='ocrx_word' id='word_1_267' title='bbox 1549 2059 1589 2090; x_wconf 91' lang='lat' dir='ltr'>et</span> <span class='ocrx_word' id='word_1_268' title='bbox 1613 2052 1745 2091; x_wconf 81' lang='lat' dir='ltr'>convi-</span> 
     </span>
     <span class='ocr_line' id='line_1_31' title="bbox 285 2112 1746 2165; baseline 0.001 -14"><span class='ocrx_word' id='word_1_269' title='bbox 285 2120 403 2159; x_wconf 91' lang='lat' dir='ltr'>ctum,</span> <span class='ocrx_word' id='word_1_270' title='bbox 429 2114 468 2152; x_wconf 89' lang='lat' dir='ltr'>in</span> <span class='ocrx_word' id='word_1_271' title='bbox 501 2120 730 2165; x_wconf 88' lang='lat' dir='ltr'>perpetuum</span> <span class='ocrx_word' id='word_1_272' title='bbox 759 2114 881 2152; x_wconf 83' lang='lat' dir='ltr'>fuisse</span> <span class='ocrx_word' id='word_1_273' title='bbox 912 2114 1146 2165; x_wconf 88' lang='lat' dir='ltr'>periturum:</span> <span class='ocrx_word' id='word_1_274' title='bbox 1177 2126 1297 2163; x_wconf 86' lang='lat' dir='ltr'>quum</span> <span class='ocrx_word' id='word_1_275' title='bbox 1315 2126 1407 2151; x_wconf 87' lang='lat' dir='ltr'>vero</span> <span class='ocrx_word' id='word_1_276' title='bbox 1424 2114 1539 2151; x_wconf 86' lang='lat' dir='ltr'>urbes</span> <span class='ocrx_word' id='word_1_277' title='bbox 1558 2112 1746 2159; x_wconf 81' lang='lat' dir='ltr'>sedecim,</span> 
     </span>
     <span class='ocr_line' id='line_1_32' title="bbox 284 2174 1745 2226; baseline 0.001 -14"><span class='ocrx_word' id='word_1_278' title='bbox 284 2188 404 2213; x_wconf 88' lang='lat' dir='ltr'>naves</span> <span class='ocrx_word' id='word_1_279' title='bbox 425 2176 671 2226; x_wconf 81' lang='lat' dir='ltr'>septuaginta</span> <span class='ocrx_word' id='word_1_280' title='bbox 689 2175 846 2226; x_wconf 87' lang='lat' dir='ltr'>ceperit,</span> <span class='ocrx_word' id='word_1_281' title='bbox 864 2182 903 2213; x_wconf 88' lang='lat' dir='ltr'>et</span> <span class='ocrx_word' id='word_1_282' title='bbox 918 2182 976 2212; x_wconf 92' lang='lat' dir='ltr'>ter</span> <span class='ocrx_word' id='word_1_283' title='bbox 994 2174 1098 2213; x_wconf 90' lang='lat' dir='ltr'>mille</span> <span class='ocrx_word' id='word_1_284' title='bbox 1117 2175 1304 2225; x_wconf 81' lang='lat' dir='ltr'>captiVOS,</span> <span class='ocrx_word' id='word_1_285' title='bbox 1321 2180 1360 2212; x_wconf 86' lang='lat' dir='ltr'>et</span> <span class='ocrx_word' id='word_1_286' title='bbox 1377 2174 1512 2212; x_wconf 87' lang='lat' dir='ltr'>decem</span> <span class='ocrx_word' id='word_1_287' title='bbox 1528 2187 1575 2213; x_wconf 82' lang='lat' dir='ltr'>ae</span> <span class='ocrx_word' id='word_1_288' title='bbox 1588 2181 1745 2213; x_wconf 87' lang='lat' dir='ltr'>centum</span> 
     </span>
     <span class='ocr_line' id='line_1_33' title="bbox 286 2235 1742 2288; baseline 0 -15"><span class='ocrx_word' id='word_1_289' title='bbox 286 2237 433 2275; x_wconf 87' lang='lat' dir='ltr'>talenta</span> <span class='ocrx_word' id='word_1_290' title='bbox 450 2237 655 2288; x_wconf 83' lang='lat' dir='ltr'>redegerit,</span> <span class='ocrx_word' id='word_1_291' title='bbox 675 2243 764 2276; x_wconf 72' lang='lat' dir='ltr'>&#39;cum</span> <span class='ocrx_word' id='word_1_292' title='bbox 791 2243 850 2275; x_wconf 89' lang='lat' dir='ltr'>tot</span> <span class='ocrx_word' id='word_1_293' title='bbox 868 2244 1015 2288; x_wconf 85' lang='lat' dir='ltr'>tropaea</span> <span class='ocrx_word' id='word_1_294' title='bbox 1034 2236 1211 2281; x_wconf 80' lang='lat' dir='ltr'>erexerit,</span> <span class='ocrx_word' id='word_1_295' title='bbox 1231 2242 1313 2274; x_wconf 88' lang='lat' dir='ltr'>tum</span> <span class='ocrx_word' id='word_1_296' title='bbox 1333 2235 1488 2273; x_wconf 86' lang='lat' dir='ltr'>demum</span> <span class='ocrx_word' id='word_1_297' title='bbox 1510 2236 1557 2274; x_wconf 89' lang='lat' dir='ltr'>de</span> <span class='ocrx_word' id='word_1_298' title='bbox 1577 2235 1636 2273; x_wconf 89' lang='lat' dir='ltr'>his</span> <span class='ocrx_word' id='word_1_299' title='bbox 1656 2249 1742 2286; x_wconf 80' lang='lat' dir='ltr'>quae</span> 
     </span>
     <span class='ocr_line' id='line_1_34' title="bbox 285 2298 1250 2350; baseline 0 -14"><span class='ocrx_word' id='word_1_300' title='bbox 285 2299 335 2336; x_wconf 90' lang='lat' dir='ltr'>ob</span> <span class='ocrx_word' id='word_1_301' title='bbox 356 2299 431 2337; x_wconf 86' lang='lat' dir='ltr'>ista</span> <span class='ocrx_word' id='word_1_302' title='bbox 448 2299 621 2337; x_wconf 85' lang='lat' dir='ltr'>facinora</span> <span class='ocrx_word' id='word_1_303' title='bbox 639 2300 789 2350; x_wconf 85' lang='lat' dir='ltr'>accepit</span> <span class='ocrx_word' id='word_1_304' title='bbox 808 2299 861 2336; x_wconf 87' lang='lat' dir='ltr'>illi</span> <span class='ocrx_word' id='word_1_305' title='bbox 874 2299 1015 2337; x_wconf 81' lang='lat' dir='ltr'>facessi</span> <span class='ocrx_word' id='word_1_306' title='bbox 1030 2298 1227 2349; x_wconf 85' lang='lat' dir='ltr'>negotium</span> <span class='ocrx_word' id='word_1_307' title='bbox 1242 2300 1250 2336; x_wconf 92' lang='lat'>!</span> 
     </span>
    </p>

    <p class='ocr_par' dir='ltr' id='par_1_5' title="bbox 285 2356 1746 2899">
     <span class='ocr_line' id='line_1_35' title="bbox 343 2356 1743 2409; baseline -0.002 -12"><span class='ocrx_word' id='word_1_308' title='bbox 343 2361 403 2397; x_wconf 88' lang='grc'>18.</span> <span class='ocrx_word' id='word_1_309' title='bbox 434 2358 642 2409; x_wconf 89' lang='lat' dir='ltr'>Equidem,</span> <span class='ocrx_word' id='word_1_310' title='bbox 658 2359 934 2404; x_wconf 89' lang='lat' dir='ltr'>Athenienses,</span> <span class='ocrx_word' id='word_1_311' title='bbox 956 2365 1036 2397; x_wconf 89' lang='lat' dir='ltr'>tum</span> <span class='ocrx_word' id='word_1_312' title='bbox 1055 2360 1164 2397; x_wconf 89' lang='lat' dir='ltr'>vivus</span> <span class='ocrx_word' id='word_1_313' title='bbox 1184 2370 1254 2409; x_wconf 87' lang='lat' dir='ltr'>pro</span> <span class='ocrx_word' id='word_1_314' title='bbox 1271 2358 1408 2395; x_wconf 87' lang='lat' dir='ltr'>vestris</span> <span class='ocrx_word' id='word_1_315' title='bbox 1428 2356 1640 2394; x_wconf 89' lang='lat' dir='ltr'>commodis</span> <span class='ocrx_word' id='word_1_316' title='bbox 1662 2369 1743 2394; x_wconf 89' lang='lat' dir='ltr'>om-</span> 
     </span>
     <span class='ocr_line' id='line_1_36' title="bbox 287 2417 1744 2468; baseline -0.002 -10"><span class='ocrx_word' id='word_1_317' title='bbox 287 2420 351 2459; x_wconf 83' lang='lat' dir='ltr'>nia</span> <span class='ocrx_word' id='word_1_318' title='bbox 368 2419 459 2458; x_wconf 82' lang='lat' dir='ltr'>fecit</span> <span class='ocrx_word' id='word_1_319' title='bbox 486 2419 688 2466; x_wconf 87' lang='lat' dir='ltr'>Chabrias,</span> <span class='ocrx_word' id='word_1_320' title='bbox 709 2427 792 2457; x_wconf 90' lang='lat' dir='ltr'>tum</span> <span class='ocrx_word' id='word_1_321' title='bbox 812 2433 890 2459; x_wconf 88' lang='lat' dir='ltr'>non</span> <span class='ocrx_word' id='word_1_322' title='bbox 914 2420 1027 2458; x_wconf 85' lang='lat' dir='ltr'>aliam</span> <span class='ocrx_word' id='word_1_323' title='bbox 1059 2420 1109 2457; x_wconf 94' lang='lat' dir='ltr'>ob</span> <span class='ocrx_word' id='word_1_324' title='bbox 1131 2432 1210 2456; x_wconf 91' lang='lat' dir='ltr'>rem</span> <span class='ocrx_word' id='word_1_325' title='bbox 1231 2426 1390 2456; x_wconf 86' lang='lat' dir='ltr'>mortem</span> <span class='ocrx_word' id='word_1_326' title='bbox 1410 2417 1597 2468; x_wconf 87' lang='lat' dir='ltr'>oppetiit:</span> <span class='ocrx_word' id='word_1_327' title='bbox 1627 2431 1744 2468; x_wconf 85' lang='lat' dir='ltr'>quare</span> 
     </span>
     <span class='ocr_line' id='line_1_37' title="bbox 286 2479 1745 2531; baseline -0.001 -12"><span class='ocrx_word' id='word_1_328' title='bbox 286 2495 364 2522; x_wconf 86' lang='lat' dir='ltr'>non</span> <span class='ocrx_word' id='word_1_329' title='bbox 393 2488 545 2520; x_wconf 87' lang='lat' dir='ltr'>tantum</span> <span class='ocrx_word' id='word_1_330' title='bbox 575 2482 624 2519; x_wconf 94' lang='lat' dir='ltr'>ob</span> <span class='ocrx_word' id='word_1_331' title='bbox 652 2494 710 2519; x_wconf 86' lang='lat' dir='ltr'>res</span> <span class='ocrx_word' id='word_1_332' title='bbox 739 2482 787 2518; x_wconf 91' lang='lat' dir='ltr'>ab</span> <span class='ocrx_word' id='word_1_333' title='bbox 816 2494 863 2519; x_wconf 89' lang='lat' dir='ltr'>eo</span> <span class='ocrx_word' id='word_1_334' title='bbox 884 2481 1037 2519; x_wconf 89' lang='lat' dir='ltr'>vivente</span> <span class='ocrx_word' id='word_1_335' title='bbox 1065 2487 1196 2531; x_wconf 85' lang='lat' dir='ltr'>gestas</span> <span class='ocrx_word' id='word_1_336' title='bbox 1218 2480 1295 2517; x_wconf 84' lang='lat' dir='ltr'>filio</span> <span class='ocrx_word' id='word_1_337' title='bbox 1320 2483 1400 2527; x_wconf 81' lang='lat' dir='ltr'>ejus</span> <span class='ocrx_word' id='word_1_338' title='bbox 1429 2480 1558 2517; x_wconf 83' lang='lat' dir='ltr'>favere</span> <span class='ocrx_word' id='word_1_339' title='bbox 1584 2479 1745 2524; x_wconf 89' lang='lat' dir='ltr'>debetis,</span> 
     </span>
     <span class='ocr_line' id='line_1_38' title="bbox 287 2540 1746 2593; baseline -0.003 -11"><span class='ocrx_word' id='word_1_340' title='bbox 287 2543 356 2582; x_wconf 89' lang='lat' dir='ltr'>sed</span> <span class='ocrx_word' id='word_1_341' title='bbox 375 2542 491 2582; x_wconf 87' lang='lat' dir='ltr'>etiam</span> <span class='ocrx_word' id='word_1_342' title='bbox 509 2549 665 2593; x_wconf 86' lang='lat' dir='ltr'>propter</span> <span class='ocrx_word' id='word_1_343' title='bbox 683 2542 843 2580; x_wconf 87' lang='lat' dir='ltr'>obitum.</span> <span class='ocrx_word' id='word_1_344' title='bbox 901 2543 992 2581; x_wconf 85' lang='lat' dir='ltr'>Jam</span> <span class='ocrx_word' id='word_1_345' title='bbox 1018 2542 1113 2579; x_wconf 89' lang='lat' dir='ltr'>illud</span> <span class='ocrx_word' id='word_1_346' title='bbox 1136 2554 1301 2592; x_wconf 87' lang='lat' dir='ltr'>quoque,</span> <span class='ocrx_word' id='word_1_347' title='bbox 1323 2541 1594 2588; x_wconf 87' lang='lat' dir='ltr'>Athenienses,</span> <span class='ocrx_word' id='word_1_348' title='bbox 1622 2540 1746 2592; x_wconf 86' lang='lat' dir='ltr'>provi-</span> 
     </span>
     <span class='ocr_line' id='line_1_39' title="bbox 286 2601 1743 2654; baseline -0.003 -11"><span class='ocrx_word' id='word_1_349' title='bbox 286 2602 455 2643; x_wconf 90' lang='lat' dir='ltr'>dendum</span> <span class='ocrx_word' id='word_1_350' title='bbox 476 2609 548 2649; x_wconf 82' lang='lat' dir='ltr'>est,</span> <span class='ocrx_word' id='word_1_351' title='bbox 567 2616 616 2642; x_wconf 85' lang='lat' dir='ltr'>ne</span> <span class='ocrx_word' id='word_1_352' title='bbox 642 2603 875 2653; x_wconf 87' lang='lat' dir='ltr'>gratitudine</span> <span class='ocrx_word' id='word_1_353' title='bbox 909 2617 933 2642; x_wconf 89' lang='lat' dir='ltr'>a</span> <span class='ocrx_word' id='word_1_354' title='bbox 963 2602 1071 2641; x_wconf 86' lang='lat' dir='ltr'>Chiis</span> <span class='ocrx_word' id='word_1_355' title='bbox 1090 2616 1326 2654; x_wconf 87' lang='lat' dir='ltr'>superemur.</span> <span class='ocrx_word' id='word_1_356' title='bbox 1387 2602 1485 2640; x_wconf 88' lang='lat' dir='ltr'>Nam</span> <span class='ocrx_word' id='word_1_357' title='bbox 1507 2602 1537 2639; x_wconf 90' lang='lat' dir='ltr'>si</span> <span class='ocrx_word' id='word_1_358' title='bbox 1548 2601 1626 2647; x_wconf 46' lang='lat' dir='ltr'>xilli,</span> <span class='ocrx_word' id='word_1_359' title='bbox 1646 2614 1743 2652; x_wconf 85' lang='lat' dir='ltr'>quos</span> 
     </span>
     <span class='ocr_line' id='line_1_40' title="bbox 286 2661 1745 2715; baseline -0.003 -10"><span class='ocrx_word' id='word_1_360' title='bbox 286 2667 401 2705; x_wconf 84' lang='lat' dir='ltr'>armis</span> <span class='ocrx_word' id='word_1_361' title='bbox 421 2665 610 2704; x_wconf 90' lang='lat' dir='ltr'>hostiliter</span> <span class='ocrx_word' id='word_1_362' title='bbox 629 2665 780 2711; x_wconf 82' lang='lat' dir='ltr'>invasit,</span> <span class='ocrx_word' id='word_1_363' title='bbox 802 2665 896 2702; x_wconf 85' lang='lat' dir='ltr'>nihil</span> <span class='ocrx_word' id='word_1_364' title='bbox 920 2666 953 2703; x_wconf 90' lang='lat' dir='ltr'>ei</span> <span class='ocrx_word' id='word_1_365' title='bbox 983 2678 1101 2710; x_wconf 87' lang='lat' dir='ltr'>nunc,</span> <span class='ocrx_word' id='word_1_366' title='bbox 1121 2664 1225 2715; x_wconf 90' lang='lat' dir='ltr'>quod</span> <span class='ocrx_word' id='word_1_367' title='bbox 1254 2664 1343 2701; x_wconf 90' lang='lat' dir='ltr'>olim</span> <span class='ocrx_word' id='word_1_368' title='bbox 1366 2662 1567 2708; x_wconf 86' lang='lat' dir='ltr'>dederant,</span> <span class='ocrx_word' id='word_1_369' title='bbox 1589 2661 1745 2700; x_wconf 79' lang='lat' dir='ltr'>ademe-</span> 
     </span>
     <span class='ocr_line' id='line_1_41' title="bbox 285 2724 1743 2777; baseline -0.001 -13"><span class='ocrx_word' id='word_1_370' title='bbox 285 2732 385 2775; x_wconf 85' lang='lat' dir='ltr'>runt,</span> <span class='ocrx_word' id='word_1_371' title='bbox 419 2726 488 2765; x_wconf 88' lang='lat' dir='ltr'>sed</span> <span class='ocrx_word' id='word_1_372' title='bbox 517 2726 602 2777; x_wconf 91' lang='lat' dir='ltr'>plus</span> <span class='ocrx_word' id='word_1_373' title='bbox 634 2726 760 2764; x_wconf 83' lang='lat' dir='ltr'>valere</span> <span class='ocrx_word' id='word_1_374' title='bbox 788 2725 892 2777; x_wconf 84' lang='lat' dir='ltr'>passi</span> <span class='ocrx_word' id='word_1_375' title='bbox 926 2732 1017 2763; x_wconf 90' lang='lat' dir='ltr'>sunt</span> <span class='ocrx_word' id='word_1_376' title='bbox 1047 2732 1176 2763; x_wconf 87' lang='lat' dir='ltr'>vetera</span> <span class='ocrx_word' id='word_1_377' title='bbox 1207 2724 1405 2769; x_wconf 87' lang='lat' dir='ltr'>beneficia,</span> <span class='ocrx_word' id='word_1_378' title='bbox 1425 2736 1540 2774; x_wconf 85' lang='lat' dir='ltr'>quam</span> <span class='ocrx_word' id='word_1_379' title='bbox 1571 2729 1743 2762; x_wconf 78' lang='lat' dir='ltr'>recentes</span> 
     </span>
     <span class='ocr_line' id='line_1_42' title="bbox 287 2785 1745 2839; baseline -0.002 -13"><span class='ocrx_word' id='word_1_380' title='bbox 287 2787 479 2831; x_wconf 77' lang='lat' dir='ltr'>offensas:</span> <span class='ocrx_word' id='word_1_381' title='bbox 509 2801 578 2827; x_wconf 89' lang='lat' dir='ltr'>vos</span> <span class='ocrx_word' id='word_1_382' title='bbox 598 2800 701 2833; x_wconf 81' lang='lat' dir='ltr'>vem,</span> <span class='ocrx_word' id='word_1_383' title='bbox 722 2799 789 2839; x_wconf 92' lang='lat' dir='ltr'>pro</span> <span class='ocrx_word' id='word_1_384' title='bbox 821 2788 960 2837; x_wconf 89' lang='lat' dir='ltr'>quibus</span> <span class='ocrx_word' id='word_1_385' title='bbox 991 2787 1093 2838; x_wconf 89' lang='lat' dir='ltr'>apud</span> <span class='ocrx_word' id='word_1_386' title='bbox 1123 2787 1210 2825; x_wconf 90' lang='lat' dir='ltr'>illos</span> <span class='ocrx_word' id='word_1_387' title='bbox 1244 2786 1441 2831; x_wconf 86' lang='lat' dir='ltr'>occubuit,</span> <span class='ocrx_word' id='word_1_388' title='bbox 1461 2791 1615 2822; x_wconf 84' lang='lat' dir='ltr'>tantum</span> <span class='ocrx_word' id='word_1_389' title='bbox 1633 2785 1745 2823; x_wconf 88' lang='lat' dir='ltr'>abest</span> 
     </span>
     <span class='ocr_line' id='line_1_43' title="bbox 286 2845 1737 2899; baseline -0.002 -14"><span class='ocrx_word' id='word_1_390' title='bbox 286 2854 330 2886; x_wconf 79' lang='lat' dir='ltr'>ut</span> <span class='ocrx_word' id='word_1_391' title='bbox 348 2854 547 2899; x_wconf 86' lang='lat' dir='ltr'>propterea</span> <span class='ocrx_word' id='word_1_392' title='bbox 565 2848 729 2899; x_wconf 84' lang='lat' dir='ltr'>majores</span> <span class='ocrx_word' id='word_1_393' title='bbox 748 2848 913 2887; x_wconf 89' lang='lat' dir='ltr'>honores</span> <span class='ocrx_word' id='word_1_394' title='bbox 930 2847 984 2886; x_wconf 88' lang='lat' dir='ltr'>illi</span> <span class='ocrx_word' id='word_1_395' title='bbox 1004 2848 1236 2894; x_wconf 81' lang='lat' dir='ltr'>decernatis,</span> <span class='ocrx_word' id='word_1_396' title='bbox 1258 2852 1300 2885; x_wconf 94' lang='lat' dir='ltr'>ut</span> <span class='ocrx_word' id='word_1_397' title='bbox 1319 2847 1433 2885; x_wconf 86' lang='lat' dir='ltr'>etiam</span> <span class='ocrx_word' id='word_1_398' title='bbox 1453 2846 1502 2883; x_wconf 83' lang='lat' dir='ltr'>ob</span> <span class='ocrx_word' id='word_1_399' title='bbox 1521 2851 1652 2883; x_wconf 86' lang='lat' dir='ltr'>vetera</span> <span class='ocrx_word' id='word_1_400' title='bbox 1669 2845 1737 2883; x_wconf 91' lang='lat' dir='ltr'>be-</span> 
     </span>
    </p>
   </div>
  </div>
 </body>
</html>
