1923 3149
667 141 890 181 CONTRA
928 141 1154 179 MIDIAM.
1573 142 1642 179 331

182 255 257 294 que
278 256 401 290 suam,
425 251 463 283 et
481 244 653 283 ordinem
673 245 878 297 plebeium.
927 245 1015 290 Qui,
1036 246 1066 283 si
1095 245 1245 295 legibus
1267 244 1513 296 contemptis,
1536 244 1646 295 quin-

180 305 367 356 quaginta
388 306 582 345 drachmis
604 308 651 345 ab
671 307 743 345 isto
764 308 950 358 acceptiS,
972 307 1252 344 damnatoriam
1272 308 1501 346 sententiam
1521 308 1557 345 in
1579 309 1645 346 ab·

179 366 400 406 solutoriam
427 375 632 413 mutasset,
648 369 728 419 jam
748 369 959 407 honoribus
980 368 1217 418 fungeretur,
1241 374 1291 413 et,
1320 370 1400 406 sine
1423 369 1503 406 ullo
1527 369 1643 414 malo,

177 441 291 478 aequo
307 429 393 479 jure
418 443 504 468 cum
527 429 681 480 reliquis
701 430 846 468 civibus
868 430 1070 467 frueretur.
1102 429 1180 466 Sed
1200 430 1292 479 quia
1314 429 1504 480 justitiam
1526 430 1644 481 pluris

176 489 267 527 fecit
294 504 410 541 quam
434 491 609 537 Midiam,
640 499 679 528 ct
705 491 810 542 leges
831 491 953 541 magis
984 490 1122 536 timuit,
1149 503 1263 540 quam
1288 491 1398 528 istius
1429 491 1563 537 minas,
1594 493 1642 529 ob

177 549 260 588 haec
294 552 330 588 in
352 559 498 590 tantam
521 560 561 590 et
589 553 705 590 talem
727 553 987 590 calamitatem
1009 553 1056 590 ab
1085 553 1160 589 isto
1185 559 1245 589 est
1263 551 1400 603 injuria
1430 552 1642 602 conjectus.

177 611 256 649 Vos
285 613 398 662 igitur
418 613 610 650 hominem
641 614 693 650 ita
712 613 924 658 crudelem,
948 613 999 650 ita
1020 614 1284 659 inhumanum,
1315 619 1467 650 tantum
1495 613 1641 663 suppli-

175 673 275 710 cium
301 686 369 724 pro
394 673 452 711 his
474 674 704 724 exigentem,
724 674 761 711 in
782 674 918 724 quibus
946 674 1121 725 injuriam
1151 674 1222 711 sibi
1254 686 1342 711 esse
1371 673 1513 711 factam
1544 674 1643 710 dun-

175 741 281 772 taxat
299 734 534 780 dicit,—nec
567 735 666 772 enim
702 736 803 773 facta
833 736 886 772 illi
918 736 987 773 fuit
1017 735 1219 787 inju1·ia——,
1248 734 1364 780 hunc,
1399 735 1566 786 inquam,
1603 735 1641 772 in

171 795 309 832 civium
330 795 497 846 aliquem
517 796 795 839 contumeliose
816 797 944 848 palam
965 797 1231 842 insultantem,
1252 796 1476 841 absolvetis,
1499 803 1540 833 et
1558 797 1638 846 qui,

174 871 299 908 neque
319 858 419 904 festi,
442 873 565 910 neque
586 872 799 905 sacrorum,
818 872 944 910 neque
965 859 1076 910 legis,
1097 872 1170 897 nec
1190 859 1348 896 alterius
1370 859 1423 896 rei
1444 859 1560 896 ullius
1581 872 1641 896 ra-

173 919 318 957 tionem
338 919 469 966 habet,
491 934 566 959 non
597 921 936 960 condemnabitis?
967 921 1057 959 Non
1088 922 1125 958 in
1148 934 1193 959 eo
1222 921 1439 971 exemplum
1461 921 1544 959 aliis
1565 928 1642 959 sta-

174 981 318 1019 tuetis?
349 982 499 1033 Ecquid
521 983 672 1029 dicetis,
700 982 885 1035 judices?
914 996 1043 1034 quam,
1064 985 1226 1021 obsecro
1245 996 1328 1027 vos,
1349 996 1501 1033 aequam
1522 996 1639 1020 excu-

173 1044 362 1082 sationem
390 1045 558 1082 habituri
586 1046 695 1090 estis,
729 1052 796 1083 aut
823 1045 1052 1083 honestam?
1093 1046 1190 1083 Eam
1225 1045 1384 1091 scilicet,
1414 1058 1500 1082 esse
1529 1051 1641 1095 petu-

172 1105 315 1144 lantem
335 1114 372 1144 et
394 1107 636 1158 improbum?
668 1108 767 1145 Nam
793 1107 878 1145 haec
902 1114 1003 1145 certe
1025 1121 1114 1146 vera
1147 1114 1260 1145 sunt:
1291 1107 1359 1145 sed
1389 1107 1478 1145 odio
1510 1119 1641 1157 prose-

173 1167 330 1218 quendi,
352 1168 515 1219 judices,
537 1170 646 1207 vobis
668 1176 759 1207 sunt
779 1169 906 1220 potius
929 1169 1040 1215 tales,
1061 1183 1177 1220 quam
1199 1169 1393 1207 servandi.
1425 1168 1530 1205 Num
1550 1169 1641 1219 quia

171 1229 279 1266 dives
299 1229 315 1266 ’ξ
343 1230 397 1267 At
416 1229 519 1268 hanc
538 1230 615 1268 fere
636 1244 791 1268 causam
812 1244 898 1269 esse
917 1232 1143 1283 injuriarum
1163 1232 1246 1282 ejus
1278 1239 1316 1269 et
1334 1230 1560 1282 petulantiae
1579 1244 1638 1268 re-

168 1290 340 1341 perietis*
368 1292 498 1334 Quare
518 1292 670 1330 occasio
689 1291 774 1330 haec
793 1299 830 1330 et
847 1292 1026 1339 facultas,
1047 1300 1204 1344 propter
1222 1306 1338 1343 quam
1358 1293 1410 1330 ita
1437 1292 1641 1330 insolescit

168 1359 208 1391 et
225 1360 436 1404 grassatur,
452 1353 642 1392 adimatur
661 1355 695 1392 ei
715 1355 858 1405 potius,
875 1368 989 1405 quam
1011 1361 1168 1406 propter
1188 1354 1353 1392 eandem
1375 1360 1638 1392 conservetur.

170 1414 361 1466 Magnam
378 1416 479 1453 enim
496 1416 698 1466 pecuniam
721 1416 756 1454 in
778 1416 944 1455 hominis
966 1416 1199 1455 confidentis
1216 1423 1253 1454 et
1270 1416 1430 1467 improbi
1446 1428 1562 1453 manu
1578 1429 1637 1453 re-

168 1476 357 1527 linquere,
376 1477 415 1514 id
435 1484 496 1515 est
515 1491 647 1516 ensem
665 1477 720 1515 illi
740 1478 951 1529 porrigere,
973 1492 1050 1529 quo
1068 1478 1314 1529 jugulemini.

222 1540 287 1576 28.
319 1538 419 1582 Quid
449 1545 569 1578 restat
597 1539 744 1590 igitur?
776 1540 827 1578 Ut
853 1553 921 1577 vos
952 1541 1034 1591 ejus
1065 1540 1291 1578 miserescat
1325 1540 1485 1578 scilicet.
1536 1540 1637 1577 Nam

169 1599 306 1637 filiolos
326 1600 509 1648 adducet,
530 1610 568 1640 et
589 1602 873 1647 lamentabitur,
897 1609 1080 1641 eteorum
1102 1603 1278 1654 precibus
1294 1616 1333 1641 se
1351 1603 1485 1641 donari
1506 1610 1635 1654 petet:

167 1661 242 1699 hoc
257 1662 356 1700 enim
372 1669 433 1700 est
453 1663 654 1714 reliquum.
683 1655 810 1715 'Atqui
832 1665 953 1702 nostis
974 1665 1047 1702 hoc
1067 1664 1252 1716 profecto,
1271 1665 1335 1715 qui
1356 1665 1515 1715 indigne
1535 1664 1639 1703 malo

170 1723 297 1773 aliquo
323 1724 609 1771 conflictantur,
631 1726 693 1764 cui
721 1725 879 1763 ferendo
899 1726 976 1764 sint
1003 1727 1184 1777 impares,
1204 1738 1335 1764 eorum
1356 1726 1500 1764 moveri
1521 1727 1636 1765 mise-

167 1785 332 1823 ricordia
365 1793 556 1837 oportere,
586 1800 666 1824 non
693 1787 853 1825 istorum
883 1787 949 1838 qui
981 1788 1077 1825 dant
1109 1794 1418 1839 perpetratorum
1449 1788 1636 1825 scelerum

169 1861 317 1898 poenaS.
348 1847 522 1899 Ecquem
550 1848 613 1886 isti
640 1848 728 1900 jure
755 1848 980 1887 moverent?
1008 1850 1075 1900 qui
1102 1849 1233 1887 videat
1256 1850 1372 1887 istum
1403 1849 1518 1900 hujus
1551 1848 1638 1886 filiis

167 1908 262 1946 nihil
289 1922 374 1947 esse
395 1916 556 1957 motum,
577 1910 643 1961 qui
664 1916 804 1961 praeter
823 1910 925 1948 mala
944 1918 1086 1957 cetera,
1105 1911 1317 1948 calamitati
1337 1911 1456 1962 patris
1489 1910 1635 1948 nullam

168 1970 340 2009 adhiberi
358 1985 474 2023 posse
495 1972 722 2010 medicinam
741 1973 878 2010 sciunt.
910 1973 996 2011 Nec
1022 1973 1123 2011 enim
1147 1973 1294 2011 inflicta
1313 1972 1367 2010 illi
1388 1972 1533 2011 mulcta
1562 1979 1635 2017 est,

167 2045 246 2084 qua
275 2033 466 2071 dissoluta
490 2033 692 2085 pristinam
720 2047 946 2085 recuperare
976 2035 1204 2086 dignitatem
1232 2035 1361 2080 liceat,
1383 2035 1452 2072 sed
1472 2034 1524 2072 ita
1545 2034 1635 2071 sim-

166 2094 317 2146 pliciter
332 2094 475 2145 impetu
492 2095 702 2133 iracundiae
721 2102 761 2134 et
779 2096 1022 2134 contumeliae
1041 2096 1227 2134 Midianae
1248 2103 1308 2134 est
1336 2096 1548 2147 ignominia
1565 2109 1635 2134 no-

168 2163 284 2195 tatus.
327 2156 449 2208 Cujus
470 2170 563 2208 ergo
585 2157 764 2195 ferocitas
800 2158 1072 2209 comprimetur
1091 2164 1131 2196 et
1155 2158 1356 2209 frangetur
1376 2158 1551 2204 audacia,
1573 2159 1635 2196 cui

166 2219 323 2258 tandem
352 2232 460 2270 opes,
480 2226 637 2271 propter
661 2233 756 2270 quas
786 2220 858 2258 iste
878 2220 960 2258 haec
981 2221 1088 2266 facit,
1117 2219 1337 2271 eripientur,
1358 2220 1548 2271 siquidem
1573 2220 1636 2258 isti

165 2288 353 2333 tanquam
372 2281 601 2320 calamitoso
616 2295 686 2320 vos
706 2282 1006 2320 misericordiam
1023 2281 1216 2320 tribuetis:
1239 2282 1296 2319 sin
1318 2295 1461 2333 pauper
1482 2282 1635 2333 aliquis,

167 2343 313 2381 scelere
330 2343 437 2381 nullo
454 2343 660 2395 obligatus,
682 2344 720 2381 in
741 2357 910 2382 summas
928 2345 975 2382 ab
998 2344 1071 2382 isto
1091 2343 1264 2382 miserias
1289 2357 1356 2394 per
1375 2344 1552 2395 injuriam
1573 2352 1635 2382 est

169 2407 380 2453 conjectus,
413 2405 526 2457 hujus
545 2406 669 2444 vicem
690 2406 783 2443 nihil
811 2405 1054 2444 irascemini?
1083 2405 1210 2443 Absit.
1244 2405 1419 2443 Neminis
1439 2405 1539 2443 enim
1562 2406 1633 2443 mi-

169 2466 373 2505 serendum
393 2473 465 2513 est,
497 2467 562 2518 qui
592 2468 756 2505 neminis
784 2468 1000 2514 miseretur,
1037 2480 1161 2518 neque
1191 2467 1398 2518 quicquam
1429 2467 1483 2504 illi
1509 2468 1633 2505 veniae

168 2529 354 2574 dandum,
376 2529 440 2580 qui
457 2529 610 2567 veniam
631 2530 698 2568 dat
716 2530 873 2569 nemini.
902 2529 1004 2567 Nam
1026 2543 1100 2581 ego
1120 2530 1276 2579 quidem
1296 2529 1351 2567 ita
1370 2530 1509 2575 sentio,
1531 2542 1630 2567 mor-

166 2591 264 2629 tales
294 2604 428 2628 omnes
451 2590 487 2628 in
515 2590 590 2630 hac
612 2591 802 2630 sententia
821 2605 921 2638 esse,
952 2598 995 2630 ut
1026 2591 1257 2638 existiment,
1287 2598 1462 2643 oportere
1492 2604 1629 2627 unum-

167 2666 358 2705 quemque
377 2666 425 2690 ex
444 2658 526 2690 tota
552 2666 622 2691 sua
640 2654 793 2692 vivendi
813 2654 961 2692 ratione
981 2654 1093 2704 quasi
1119 2654 1257 2705 stipem
1279 2652 1474 2704 quandam
1495 2651 1541 2688 ad
1564 2651 1631 2688 de-

168 2716 336 2767 gendam
355 2715 473 2753 vitam
492 2715 689 2766 colligere,
708 2730 786 2754 non
806 2730 892 2755 eam
911 2723 1061 2754 tantum
1082 2730 1198 2768 quam
1225 2716 1424 2765 colligunt,
1451 2721 1488 2752 et
1514 2728 1630 2765 quam

168 2779 328 2830 explent
345 2777 475 2828 aliqui,
509 2777 579 2815 sed
599 2776 711 2816 aliam
732 2779 860 2825 etiam,
879 2779 996 2816 veluti
1015 2792 1024 2816 t
1054 2792 1128 2830 ego
1148 2777 1320 2828 quisquis
1350 2789 1434 2814 sum
1463 2775 1527 2825 qui
1563 2775 1631 2813 ad-

169 2854 253 2878 sum
289 2853 425 2892 aequns
456 2852 541 2877 sum
571 2840 769 2890 comisque
797 2854 890 2891 erga
919 2854 1069 2887 omnes,
1099 2839 1329 2883 misericors,
1358 2837 1555 2875 beneficus
1592 2837 1630 2874 in

170 2902 323 2941 multos.
356 2903 502 2942 Omnes
519 2901 632 2941 decet
649 2902 714 2940 tali
729 2901 875 2941 homini
891 2903 1027 2941 eadem
1046 2909 1230 2951 tanquam
1251 2899 1433 2938 tributum
1449 2898 1633 2950 pendere,
