1923 3149
561 184 790 228 CONTRA
819 183 1201 223 TIMOCRATEM.
1527 182 1603 217 427

155 297 241 335 quae
261 284 350 335 plus
379 285 616 323 auctoritatis
641 286 711 324 sibi
738 286 926 332 vendicat,
955 298 1070 336 quam
1091 285 1299 337 judicium,
1326 291 1364 323 et
1385 284 1605 335 juratorum

154 346 365 383 sententias
386 353 555 384 evertere
585 346 772 398 injuratos
788 347 926 398 jubet?
957 347 1041 397 Ego
1069 346 1225 396 quidem
1256 358 1331 383 non
1362 346 1508 396 opinor.
1555 344 1610 381 At

153 405 263 443 istius
284 406 346 443 lcx
365 406 501 444 horum
523 414 726 458 utrumque
755 408 1033 459 complectitur.
1080 406 1247 444 Proinde
1269 407 1300 444 si
1318 406 1426 443 vobis
1448 406 1607 456 singulis

154 468 373 519 respublica
392 475 432 506 et
460 469 616 507 libertas
637 482 740 507 curae
769 476 839 515 est,
871 470 904 507 si
933 481 1038 507 suam
1066 468 1332 518 unusquisque
1366 468 1608 512 sententiam,

154 542 269 579 quam
285 530 438 581 juratus
459 529 608 575 dixerit,
631 537 752 568 ratam
773 543 859 568 esse
887 536 1064 581 oportere
1084 535 1207 580 putat,
1231 528 1455 579 abroganda
1474 528 1609 579 hujus-

154 591 259 637 modi
278 591 355 636 lex,
375 603 452 628 non
473 591 703 641 perferenda
722 604 825 630 nunc
843 590 970 628 fuerit.

209 654 274 689 21.
313 652 452 702 Neque
473 664 563 689 vero
582 652 674 690 satis
695 652 829 690 habuit
841 652 996 704 judiciis
1018 651 1285 690 auctoritatem
1299 649 1610 688 aestimandarum

155 712 278 750 litium
299 713 498 763 eripuisse,
520 713 590 750 sed
609 725 696 762 quae
711 712 801 764 jura
820 713 901 764 ipse
921 713 960 749 in
980 712 1068 763 lege
1090 711 1306 762 descripsit,
1325 718 1363 749 et
1382 709 1521 748 aerariis
1542 710 1612 746 irn-

155 773 296 823 posuit,
318 786 365 810 ne
384 773 469 810 haec
489 772 572 823 ipsa
591 772 750 823 quidem
771 773 993 824 simpliciter
1012 781 1080 811 aut
1097 772 1194 810 citra
1212 772 1386 810 fraudem
1411 770 1613 821 scripsisse

157 834 483 885 deprehenditur:
515 834 586 872 sed
614 841 656 872 ut
683 834 725 880 is,
759 835 824 885 qui
853 848 920 872 vos
951 847 1069 885 quam
1093 833 1248 884 egregie
1269 833 1447 884 decipere
1474 838 1513 869 et
1541 831 1613 869 cir-

157 896 415 934 cumscribere
446 895 615 933 studeat.
664 895 918 942 Considerate
950 909 1025 946 quo
1056 895 1172 933 modo
1203 894 1419 945 scripserit:
1457 893 1559 930 Tim
1573 905 1615 930 o-

158 963 333 995 crates
366 957 577 1004 retulit,
609 957 746 1008 inquit,
783 957 1007 995 tametsi
1037 956 1239 1006 aliquis
1273 955 1461 992 aerariu
1479 967 1497 992 s
1533 953 1614 991 vel

157 1021 288 1071 lege,
317 1020 396 1058 vel
430 1034 447 1058 s
464 1020 940 1067 enatusconsulto‚
979 1021 1054 1057 sit
1089 1018 1296 1057 vinculis
1331 1017 1615 1061 damnatus,

161 1094 220 1118 au
237 1088 253 1118 t
281 1081 329 1118 in
359 1094 449 1132 pos
466 1088 623 1118 terum
655 1081 940 1128 damnetur,
969 1081 1009 1118 ei
1036 1080 1198 1117 liceat
1226 1079 1333 1130 ipsi,
1364 1085 1444 1116 aut
1472 1076 1616 1116 alteri

159 1154 250 1193 pro
296 1141 423 1192 ipso,
468 1141 642 1186 vades,
685 1155 708 1179 a
744 1142 943 1192 populo
996 1141 1377 1192 comprobatos,
1419 1137 1618 1176 consti-

160 1210 320 1250 tuere,
361 1215 413 1241 ac
443 1217 467 1254 p
484 1203 758 1241 romittere
793 1216 842 1241 se
878 1204 1006 1241 bona
1041 1202 1136 1240 fide
1171 1201 1352 1240 solutu
1369 1213 1483 1255 rum.
1536 1199 1614 1238 Co-

159 1264 279 1315 gitate
308 1264 504 1314 quomodo
525 1277 547 1301 a
566 1263 715 1314 judicio
737 1270 774 1301 et
802 1277 825 1301 a
853 1264 1100 1302 damnatione
1129 1269 1280 1301 sontem
1311 1261 1534 1307 suffuratus,
1567 1260 1617 1298 ad

158 1325 345 1376 populum
366 1324 602 1370 transilierit,
624 1331 740 1374 atque
758 1325 972 1371 extorserit,
993 1338 1069 1375 quo
1089 1324 1216 1362 minus
1245 1321 1517 1360 undecimviris
1540 1329 1617 1358 tra-

159 1386 287 1424 datur.
319 1385 415 1429 Quis
433 1386 683 1435 magistratus
699 1385 876 1423 aerarium
895 1385 1049 1441 tradet?
1079 1384 1176 1428 Quis
1195 1397 1243 1421 ex
1263 1382 1533 1420 undecimviris
1560 1394 1620 1419 re-

158 1447 290 1497 cipiet,
308 1459 398 1484 cum
417 1446 480 1483 lex
501 1446 574 1483 ista
582 1446 735 1494 jubeat,
755 1446 859 1497 apud
873 1447 1058 1497 populum
1084 1445 1319 1484 constituere
1339 1456 1560 1495 sponsores,
1582 1449 1620 1480 et

160 1507 243 1546 fieri
262 1513 441 1558 nequeat,
460 1512 504 1544 ut
522 1519 600 1544 uno
621 1507 835 1557 eodemque
854 1507 916 1544 die
936 1513 977 1544 et
997 1507 1132 1544 concio
1152 1512 1191 1543 et
1205 1505 1394 1556 judicium
1415 1505 1619 1549 habeatur,

160 1577 200 1606 et
212 1581 401 1618 nusquam
419 1568 637 1615 istejubeat
652 1568 838 1604 custodiri
853 1580 974 1613 reum,
989 1568 1113 1605 donec
1129 1579 1336 1618 sponsores
1352 1564 1620 1603 constituerit?

161 1631 215 1668 At
234 1642 400 1681 quanam
417 1629 465 1666 de
487 1641 605 1666 causa
624 1628 827 1679 perspicue
845 1635 1027 1679 gravatus
1043 1635 1103 1666 est
1122 1627 1356 1673 adscribere,
1375 1626 1620 1676 magistratus

162 1690 462 1729 condemnatum
477 1689 627 1727 interim
640 1689 902 1735 custodiunto,
916 1689 1007 1726 dum
1022 1688 1142 1726 vades
1162 1687 1431 1725 constituerit?
1451 1686 1512 1724 An
1530 1700 1623 1725 vero

157 1753 310 1804 justum
328 1765 407 1790 non
422 1751 506 1790 est?
537 1752 638 1789 Satis
655 1751 750 1797 scio,
767 1763 835 1789 vos
852 1764 986 1789 omnes
1001 1751 1264 1789 confessuros.
1295 1749 1398 1787 Nam
1418 1749 1530 1787 alicui
1546 1750 1624 1800 legi
1682 1783 1685 1787 .

163 1812 418 1851 adversatur?
449 1812 550 1859 Non,
569 1813 661 1863 quin
681 1812 811 1862 potius
834 1825 920 1850 cum
938 1812 1089 1863 legibus
1109 1811 1313 1850 consentit.
1342 1811 1447 1853 Quid
1466 1810 1624 1848 tandem

164 1875 267 1913 fuit?
300 1874 406 1911 Nihil
426 1874 532 1912 aliud
552 1874 770 1920 invenietis,
796 1874 866 1911 nisi
893 1874 999 1924 quod
1019 1874 1094 1912 hoc
1120 1873 1324 1924 spectavit,
1348 1884 1426 1909 non
1453 1880 1497 1909 ut
1524 1872 1623 1909 mul-

164 1943 241 1975 ctae
269 1949 293 1973 a
319 1936 428 1973 vobis
465 1935 620 1973 inflictae
646 1935 898 1982 solverentur,
925 1935 993 1973 sed
1030 1942 1075 1973 ut
1105 1948 1129 1973 a
1150 1935 1259 1973 vobis
1280 1933 1452 1972 damnati
1488 1947 1625 1984 poenas

166 2011 244 2036 non
264 1997 415 2034 darent.

222 2060 288 2095 22.
320 2056 475 2095 Deinde
514 2057 709 2106 quomodo
745 2057 930 2107 scripsit?
978 2070 1002 2107 p
1018 2069 1071 2094 os
1086 2063 1168 2094 tea
1202 2069 1292 2095 con
1307 2057 1514 2094 stituen
1529 2056 1554 2093 d
1569 2069 1591 2094 o
1608 2070 1626 2095 s

169 2132 283 2157 esse
323 2130 624 2168 sponsores,
664 2118 791 2154 bona
822 2117 920 2154 fide
955 2117 1246 2155 soluturum
1293 2131 1356 2155 aes
1394 2117 1628 2156 alienum

170 2180 297 2230 quod
330 2179 355 2216 d
367 2192 387 2215 e
399 2180 424 2216 b
436 2192 459 2215 u
472 2179 576 2216 erit.
627 2179 707 2220 Hic
722 2179 862 2216 iterum
880 2191 999 2216 sacrae
1018 2178 1194 2229 pecuniae
1210 2179 1433 2229 decuplum,
1448 2179 1615 2229 publicae

168 2253 255 2291 quae
273 2240 425 2290 legibus
445 2239 565 2290 dupla
579 2239 674 2277 solvi
688 2240 862 2290 jubetur,
878 2239 1076 2277 dimidiam
1095 2246 1243 2290 partem
1261 2239 1427 2277 sustulit.
1460 2239 1504 2276 Id
1531 2253 1627 2290 quo-

168 2301 286 2338 modo
305 2299 424 2338 facit?
455 2300 531 2337 Pro
543 2300 800 2337 aestimatione
813 2301 942 2350 posuit
957 2306 1178 2350 argentum,
1194 2313 1262 2351 pro
1278 2312 1324 2338 eo
1342 2300 1446 2350 quod
1462 2302 1628 2348 accedit,

169 2368 358 2411 quantum
390 2360 537 2398 debuit.
581 2360 685 2402 Quid
710 2373 800 2397 vero
831 2360 1017 2398 interest?
1046 2361 1244 2410 Siquidem
1276 2361 1506 2412 scripsisset,
1535 2376 1631 2401 con-

171 2421 390 2460 stituendos
419 2434 641 2472 sponsoreS‚
672 2434 713 2458 se
741 2423 845 2459 bona
873 2422 949 2459 fide
977 2421 1053 2459 litis
1082 2422 1388 2469 aestimationem,
1419 2424 1552 2473 quanti
1584 2438 1631 2463 ea

173 2489 290 2527 esset,
313 2495 402 2520 cum
422 2482 709 2520 accessionibus
734 2483 833 2520 velle
852 2483 1014 2527 solvere,
1036 2495 1114 2520 una
1135 2483 1491 2532 comprehendisset
1510 2484 1632 2535 leges,

174 2543 315 2592 quibus
335 2542 411 2580 alia
435 2542 566 2587 debita
592 2543 774 2593 decupla,
804 2543 880 2581 alia
908 2543 1026 2593 dupla
1054 2543 1174 2586 fiunt;
1205 2542 1294 2580 hinc
1320 2543 1436 2593 igitur
1468 2557 1632 2582 necesse

175 2602 311 2640 fuisset
326 2601 580 2647 debitoribus,
597 2609 680 2640 tum
701 2604 740 2641 id
755 2603 861 2654 quod
881 2609 985 2641 esset
999 2603 1183 2654 scripturn
1205 2604 1364 2651 solvere,
1378 2610 1461 2641 tum
1481 2603 1632 2653 legibus

174 2664 290 2702 etiam
318 2663 490 2714 adjectas
512 2663 680 2701 mulctas
699 2677 916 2702 numerare.
965 2664 1081 2703 Nunc
1101 2678 1187 2702 cum
1211 2665 1329 2702 talem
1354 2665 1509 2702 vadium
1537 2677 1632 2701 eon-

175 2725 416 2763 stitutionem
436 2725 632 2771 decernat,
652 2738 730 2774 qua
746 2726 945 2776 promittat
962 2726 1133 2773 aerarius,
1154 2739 1195 2764 se
1215 2731 1414 2775 argentum
1434 2725 1538 2774 quod
1565 2725 1632 2762 de-

176 2786 303 2824 buerit
318 2787 421 2823 bona
435 2785 512 2822 fide
533 2785 760 2832 soluturum,
781 2800 829 2824 ex
848 2787 1095 2834 accusatione
1116 2796 1155 2825 et
1174 2786 1339 2836 scriptiS‚
1357 2785 1496 2835 quibus
1517 2799 1633 2824 unus-

178 2847 341 2898 quisque
362 2846 399 2883 in
412 2845 602 2897 judicium
624 2853 839 2897 pertractus
860 2855 932 2897 est,
951 2848 1181 2886 solutionem
1201 2847 1281 2884 fieri
1296 2846 1418 2896 jubet,
1437 2845 1475 2883 in
1493 2846 1636 2897 quibus

180 2908 358 2944 omnibus
371 2907 410 2944 id
423 2913 641 2957 argentum,
653 2907 758 2957 quod
771 2908 934 2959 quisque
944 2908 1090 2955 debuit,
1107 2908 1287 2958 simplum
1301 2907 1634 2958 estperscriptum.

235 2969 300 3006 23.
331 2967 485 3007 Deinde
513 2974 624 3006 tanta
652 2981 707 3015 re,
740 2969 952 3008 mutatione
982 2969 1196 3016 verborum,
1227 2967 1392 3016 sublata,
1428 2967 1636 3020 adscripsit
