1923 3149
662 167 868 208 ORATIO
898 166 969 206 DE
997 165 1154 206 PACE.
1592 163 1646 202 49

184 266 366 308 iis'rebus
392 281 555 321 quarum
585 283 703 310 causa
722 271 772 310 ad
792 269 998 309 dicendum
1016 281 1244 321 progressus
1260 280 1345 306 sum
1358 266 1475 306 verba
1492 265 1646 306 faciam.

188 330 288 369 Cum
308 346 378 370 nos
399 333 514 384 legati
535 341 670 372 exacto
692 334 738 371 de
757 347 852 385 pace
861 333 1112 385 jurejurando
1126 330 1388 377 rediissemus,
1420 337 1459 368 et
1485 330 1644 380 quidam

187 392 461 443 pollicerentur
477 395 556 434 fore
576 403 619 434 ut
637 394 815 446 Thespiae
835 401 874 432 et
892 393 1050 432 Plataeae
1083 394 1398 438 instaurarentur,
1419 391 1643 443 Philippum

188 462 316 492 autem
339 456 574 503 Phocenses,
603 457 633 496 si
659 457 696 494 in
727 469 836 494 suam
862 463 1095 507 potestatem
1127 454 1289 506 redigat,
1316 460 1645 499 conservaturum,

189 528 236 553 ac
256 515 528 555 Thebanorum
547 518 739 556 civitatem
759 516 1072 563 dissociaturum,
1086 517 1260 568 Oropum
1274 523 1442 554 vestrum
1457 514 1643 560 futurum,

188 586 228 617 et
252 577 441 617 Euboeam
472 591 541 630 pro
568 579 796 631 Amphipoli
824 592 893 618 vos
921 585 1158 630 recepturos,
1191 591 1280 616 cum
1308 576 1475 628 denique
1513 575 1644 628 plures

188 643 377 691 ejusmodi
398 655 485 694 spes
505 650 544 681 et
563 642 737 681 fallacias
744 645 953 693 jactarent,
973 642 1113 693 quibus
1133 654 1202 680 vos
1231 640 1381 679 inducti
1399 652 1525 690 neque
1542 638 1647 676 utili-

187 705 277 743 tatis
312 717 436 754 neque
470 704 660 755 aequitatis
695 716 819 755 neque
844 704 1042 756 dignitatis
1060 711 1199 742 vestrae
1224 703 1356 741 habita
1373 702 1520 740 ratione
1540 699 1646 738 Pho-

189 777 326 803 censes
352 764 588 810 deseruistis,
618 766 689 802 hoec
720 766 862 815 inquam
882 779 960 802 cum
975 769 1129 814 fierent,
1149 763 1349 816 apparebit
1365 776 1426 801 me
1450 763 1488 800 in
1507 761 1647 801 horum
1702 812 1704 818 Ι

186 826 295 865 nullo
303 826 362 864 vel
373 826 559 865 struxisse
573 825 750 864 fraudem
765 827 827 863 vel
841 828 979 876 aliquid
996 827 1178 872 tacuisse,
1197 825 1267 863 sed
1281 824 1506 876 praedixisse
1519 823 1650 871 vobis,

188 887 304 938 idque
322 887 425 926 haud
457 887 572 926 dubie
592 888 834 934 meministis,
863 900 923 925 me
955 887 1049 926 talia
1074 899 1198 937 neque
1229 886 1325 924 scire
1350 898 1476 936 neque
1506 898 1647 936 exspe-

188 955 306 999 ctare,
327 949 397 987 sed
416 949 553 1000 nugari
573 962 660 987 eum
684 961 844 987 censere
865 949 1095 999 quicumque
1129 947 1224 986 talia
1248 947 1505 999 profiteretur.
1547 946 1647 986 Haec

188 1009 305 1060 igitur
321 1011 461 1056 omnia,
483 1024 570 1061 quae
589 1023 650 1048 me
671 1010 813 1048 rectius
835 1015 948 1060 quam
968 1010 1061 1048 alios
1077 1009 1302 1061 praevidisse
1322 1015 1485 1055 constat,
1505 1021 1648 1059 neque,

192 1071 468 1118 Athenienses,
491 1072 675 1123 singulari
704 1085 799 1110 meae
829 1071 995 1109 solertia:
1023 1071 1238 1109 adscribam
1268 1083 1397 1122 neque
1426 1077 1650 1122 arroganter

188 1134 423 1184 praedicabo,
447 1141 514 1172 aut
546 1135 595 1172 ob
629 1133 735 1172 aliud
766 1135 974 1184 quicquam
1012 1146 1075 1171 me
1111 1133 1326 1184 intelligere
1364 1139 1404 1171 et
1438 1132 1649 1184 praesagire

189 1195 410 1245 profitebor,
431 1207 546 1245 quam
574 1202 732 1246 propter
751 1196 836 1233 haec
866 1209 953 1246 quae
983 1194 1091 1233 vobis
1131 1207 1321 1245 exponam
1349 1194 1440 1239 duo,
1468 1195 1650 1245 primum,

190 1256 461 1302 Athenienses,
481 1257 530 1294 ob
549 1256 757 1303 fortunam,
786 1269 903 1306 quam
938 1268 1012 1306 ego
1037 1255 1142 1293 omni
1159 1255 1357 1293 hominum
1376 1254 1588 1306 sagacitate
1609 1260 1650 1293 et

191 1317 379 1368 sapientia
413 1318 604 1369 potiorem
631 1317 755 1365 video,
785 1317 938 1363 deinde,
972 1317 1077 1368 quod
1115 1317 1233 1368 gratis
1266 1316 1423 1369 negotia
1444 1316 1581 1367 judico
1609 1323 1652 1356 et

192 1379 409 1426 considero,
446 1392 571 1430 neque
599 1379 723 1417 ullum
753 1379 1051 1418 emolumentum
1077 1377 1123 1416 iis
1155 1391 1242 1429 quae
1283 1391 1356 1429 ego
1395 1377 1550 1429 publice
1583 1385 1654 1418 aut

189 1453 282 1491 gero
303 1448 370 1478 aut
390 1441 476 1479 dico
508 1441 714 1479 ostendere
731 1440 936 1491 quisquam
955 1446 1087 1491 potest
1106 1452 1332 1491 appensum.
1377 1439 1503 1478 Recta
1520 1440 1653 1490 igitur,

191 1502 223 1540 si
243 1502 348 1552 quod
364 1502 463 1540 inest
483 1504 597 1540 rebus
616 1504 762 1541 bouum
782 1502 991 1553 publicum,
1005 1502 1044 1539 in
1061 1501 1195 1539 oculos
1209 1514 1314 1539 meos
1327 1501 1498 1539 incurrit.
1535 1501 1654 1545 Quod

196 1564 227 1602 si
246 1576 336 1601 vero
364 1564 403 1601 in
437 1565 616 1602 utramvis
635 1571 783 1615 partem
802 1564 921 1601 veluti
938 1563 978 1601 in
996 1563 1180 1601 trutinam
1215 1569 1417 1614 argentum
1443 1563 1654 1614 superinje-

193 1625 304 1671 ceris,
326 1625 405 1662 abit
425 1626 555 1663 statim
581 1625 763 1663 deorsum
785 1632 825 1663 et
852 1625 1131 1663 deliberantem
1163 1624 1276 1662 simul
1297 1625 1467 1663 animum
1487 1625 1538 1663 ad
1564 1638 1651 1664 sese

192 1686 303 1736 rapit,
333 1699 458 1737 neque
473 1687 555 1738 jam
586 1687 750 1737 amplius
780 1694 847 1724 aut
876 1693 980 1724 recte
1009 1693 1077 1724 aut
1100 1686 1249 1724 sincere
1268 1686 1349 1724 ulla
1373 1686 1422 1725 de
1446 1700 1486 1726 re
1506 1686 1652 1726 delibe-

193 1758 274 1784 rare
295 1754 423 1798 potest
437 1748 501 1785 ille
519 1747 583 1798 qui
602 1748 699 1796 istuc
717 1747 862 1786 fecerit.

247 1811 286 1846 4.
318 1809 447 1847 Unum
467 1810 581 1859 igitur
599 1809 638 1846 in
656 1809 785 1860 primis
817 1809 1027 1847 tenendum
1057 1823 1144 1847 esse
1163 1809 1265 1857 dico,
1292 1816 1338 1847 ut
1361 1809 1441 1848 sive
1471 1810 1556 1861 quis
1588 1824 1653 1850 so-

194 1869 274 1908 cios
305 1871 383 1909 sive
415 1870 558 1909 tributa
590 1871 670 1909 sive
702 1871 804 1908 aliud
834 1870 1030 1922 quippiam
1057 1871 1277 1922 reipublicae
1302 1870 1396 1909 velit
1421 1871 1654 1920 adsciscere,

194 1932 232 1970 id
253 1932 359 1970 salva
377 1945 422 1970 ea
442 1945 557 1983 quam
576 1932 727 1983 agimus
747 1945 845 1984 pace
871 1931 1066 1978 conficiat,
1098 1945 1176 1969 non
1205 1932 1310 1983 quod
1331 1931 1564 1972 admirabilis
1585 1934 1654 1973 illa

195 1995 246 2032 sit
259 2001 326 2032 aut
343 2006 365 2033 e
383 2000 512 2032 vestra
531 1994 742 2045 dignitate;
774 1994 844 2032 sed
864 1993 988 2045 qualis
1013 1993 1136 2044 qualis
1157 2001 1231 2040 est,
1250 1995 1501 2046 opportunius
1518 1995 1655 2047 utique

195 2057 308 2094 rebus
328 2057 463 2094 vestris
488 2056 624 2094 suisset
640 2069 719 2093 non
739 2056 954 2094 confecisse
973 2068 1089 2105 quam
1109 2056 1329 2094 confectam
1354 2069 1458 2094 nunc
1491 2069 1515 2094 a
1542 2058 1655 2097 vobis

196 2119 355 2157 dissolvi
373 2132 382 2157 t
411 2119 534 2156 multa
553 2120 653 2157 enim
673 2119 915 2170 projecimus,
944 2131 1032 2169 quae
1051 2132 1139 2156 cum
1157 2126 1289 2157 essent
1319 2120 1481 2170 integra,
1510 2120 1656 2159 bellum

194 2180 260 2218 illo
273 2187 443 2231 tempore
456 2181 575 2218 tutius
595 2193 617 2218 a
636 2181 748 2218 nobis
769 2188 886 2231 atque
906 2180 1055 2218 facilius
1072 2193 1188 2231 quam
1209 2194 1312 2219 nunc
1333 2181 1491 2219 conflari
1506 2189 1652 2232 posset.

197 2242 348 2280 Deinde
366 2242 691 2294 prospiciendum,
711 2242 981 2288 Athenienses,
1011 2254 1060 2279 ne
1087 2242 1158 2287 his,
1191 2243 1256 2293 qui
1285 2256 1390 2281 nunc
1420 2251 1657 2283 conventum

197 2310 320 2354 agunt
339 2316 384 2341 ac
402 2317 443 2342 se
472 2304 779 2355 Amphictyonas
813 2303 961 2348 dicunt,
982 2303 1254 2341 necessitatem
1276 2303 1389 2341 simul
1420 2316 1657 2357 causamque

197 2365 406 2416 injiciamus
423 2365 514 2403 belli
529 2365 742 2403 communis
757 2371 893 2403 contra
911 2378 983 2403 nos
998 2364 1222 2413 suscipiendi.
1280 2364 1365 2416 Ego
1380 2365 1495 2412 enim,
1511 2366 1542 2404 si
1557 2367 1659 2407 inter

199 2439 270 2464 nos
296 2433 335 2464 et
361 2426 582 2478 Philippum
601 2428 763 2465 oriretur
783 2427 911 2465 denuo
935 2427 1081 2466 bellum
1103 2427 1152 2464 ob
1172 2426 1433 2478 Amphipolim
1455 2434 1522 2466 aut
1541 2429 1658 2467 aliam

199 2487 366 2538 aliquam
392 2488 576 2539 privatam
600 2490 917 2535 controversiam,
936 2502 1024 2539 quae
1052 2501 1177 2538 neque
1199 2488 1406 2527 Thessalos
1434 2502 1563 2540 neque
1582 2491 1655 2529 Ar-

200 2549 308 2599 givos
329 2562 453 2599 neque
473 2550 680 2588 Thebanos
699 2549 918 2601 respiceret,
933 2564 1010 2589 non
1026 2557 1121 2602 puto
1139 2550 1247 2588 vobis
1265 2549 1402 2588 horum
1428 2563 1657 2602 quemquam

198 2610 342 2647 bellum
364 2610 558 2648 illaturum
578 2625 622 2649 ac
649 2611 805 2649 minime
833 2613 1108 2650 omnium—ne
1140 2623 1230 2650 vero
1260 2611 1449 2663 quispiam
1472 2613 1653 2652 obturbet

199 2671 424 2723 priusquam
445 2671 607 2710 audierit
623 2672 963 2711 Thebanos-non
984 2673 1089 2724 quod
1110 2673 1222 2711 nobis
1254 2673 1425 2724 cupiant,
1453 2686 1530 2711 non
1552 2675 1657 2724 quod

199 2734 324 2771 nolint
342 2745 366 2770 a
387 2732 565 2784 Philippo
581 2735 738 2784 gratiam
767 2735 963 2786 aucupari,
994 2736 1063 2774 sed
1090 2735 1233 2786 optime
1269 2741 1425 2781 norunt,
1458 2741 1657 2786 utcunque

201 2807 266 2832 eos
284 2793 490 2832 hebetioris
511 2807 596 2831 esse
613 2794 756 2845 ingenii
774 2797 962 2848 quispiam
984 2797 1101 2843 dicat,
1123 2796 1154 2835 si
1181 2796 1286 2834 bello
1307 2796 1507 2833 nobiscum
1527 2796 1653 2848 impli-

203 2862 349 2901 centur,
367 2855 470 2893 mala
500 2854 654 2905 quidem
687 2857 814 2894 omnia
839 2857 887 2895 ad
919 2871 1006 2896 sese
1037 2864 1280 2909 perventura,
1308 2856 1490 2895 utilitates
1527 2864 1657 2896 autem

204 2917 320 2956 alium
349 2918 461 2955 otiose
489 2916 730 2956 desidentem
758 2917 1089 2969 intercepturum:
1126 2931 1321 2970 nunquam
1350 2917 1466 2970 igitur
1492 2930 1540 2957 eo
1571 2931 1658 2958 sese

918 2991 947 3016 H
