1923 3149
496 204 568 242 DE
599 204 747 244 MALE
776 204 951 244 GESTA
982 205 1311 244 LEGATIONE.
1556 208 1632 244 277

173 311 429 357 perpetrasset
455 307 675 358 quicquam,
694 308 760 347 sed
797 320 867 346 nec
897 320 1017 359 prope
1051 307 1236 346 accedere
1265 309 1470 360 potuisset.
1528 308 1631 346 Satis

171 372 299 404 autem
319 366 413 404 illud
433 374 555 413 norat,
576 368 725 419 opinor,
745 382 787 407 se
821 376 915 415 tum,
948 381 1037 406 cum
1068 368 1165 406 inter
1196 370 1406 408 Thessalos
1434 376 1473 408 et
1491 383 1531 408 se
1551 383 1628 408 non

171 427 316 478 optime
336 430 568 475 conveniret,
581 436 620 467 et
638 428 788 468 Pheraei
806 431 970 481 primum
990 429 1162 468 militiam
1177 430 1448 477 detrectarent,
1476 439 1516 469 et
1530 432 1630 469 The-

169 490 259 528 bani
279 491 591 539 succubuissent,
612 491 822 542 praelioque
842 492 934 530 victi
951 498 1095 538 essent,
1123 498 1162 530 et
1188 498 1376 542 tropaeum
1397 493 1446 530 de
1471 494 1524 531 eis
1544 506 1628 531 ere-

172 559 290 601 ctum,
307 567 383 592 non
403 561 604 605 penetrare
620 567 746 605 posse,
766 554 798 592 si
817 567 886 592 vos
902 567 1014 605 opem
1031 554 1203 592 ferretis:
1227 567 1311 597 nec,
1331 554 1361 591 si
1374 554 1488 591 armis
1507 567 1626 592 cona-

171 620 288 662 retur,
319 615 526 666 quicquam
555 615 826 666 perfecturum,
846 615 918 654 nisi
951 615 1062 653 dolus
1096 615 1338 653 accessisset.
1396 615 1485 658 Quo
1516 622 1631 664 pacto

171 677 288 728 igitur
304 690 375 715 nec
395 684 523 728 aperte
543 677 720 722 mentiar,
744 684 784 715 et
802 678 882 716 sine
912 678 1067 729 perjurii
1097 678 1267 725 infamia,
1287 677 1416 715 omnia
1437 691 1523 728 quae
1542 678 1631 715 volo

172 737 415 788 consequar?
444 737 670 788 quomodo?
698 738 776 776 Sic.
833 739 874 776 Si
906 751 1004 789 quos
1040 739 1300 778 Athenienses
1334 739 1529 785 invenero,
1564 739 1631 789 qui

172 798 427 837 Athenienses
448 798 666 850 decipiant:
696 799 735 837 id
754 800 854 838 enim
868 801 1051 851 probrum
1064 801 1145 852 jam
1161 813 1289 838 meum
1307 813 1385 838 non
1401 800 1482 838 erit.
1532 800 1630 838 Inde

171 860 316 898 sactum
335 867 406 906 est,
426 867 470 898 ut
489 860 570 912 ejus
590 861 707 911 legati
725 862 833 899 vobis
853 868 941 899 ante
957 862 1144 909 dicerent,
1164 862 1388 900 Phocenses
1410 875 1432 900 a
1453 862 1631 913 Philippo

170 920 210 958 in
231 922 453 959 societatem
475 935 553 960 non
583 922 724 973 recipi:
752 922 816 960 isti
849 929 975 961 autem
1009 936 1247 970 successere,
1269 930 1385 974 atque
1405 924 1460 961 ita
1477 924 1632 961 concio·

172 982 253 1020 nati
271 989 388 1026 sunt3
418 983 547 1034 palam
568 997 646 1022 non
665 996 759 1022 sane
779 984 1024 1022 commodum
1057 998 1142 1023 esse
1173 984 1367 1035 Philippo,
1395 984 1433 1021 in
1467 984 1631 1023 societa-

171 1050 250 1081 tem
282 1043 450 1095 recipere
478 1043 716 1092 Phocenses,
748 1053 905 1097 propter
932 1046 1139 1084 Thebanos
1172 1052 1211 1084 et
1239 1045 1461 1089 Thessalos,
1495 1046 1564 1083 sed
1600 1045 1632 1084 si

173 1116 324 1142 summa
353 1117 480 1142 rerum
500 1106 702 1155 potiretur,
734 1112 773 1144 et
804 1120 939 1157 pacem
968 1107 1201 1157 impetraret,
1222 1119 1309 1157 quae
1329 1119 1433 1144 nunc
1454 1119 1541 1144 eum
1560 1119 1630 1159 pa-

173 1165 265 1202 cisci
282 1165 537 1214 postulemus,
553 1172 634 1202 tum
656 1166 862 1204 facturum.

225 1228 288 1264 90.
320 1226 463 1264 Pacem
481 1226 598 1276 igitur
617 1226 674 1264 bis
694 1227 1032 1277 pollicitationibus
1053 1235 1092 1266 et
1112 1227 1210 1266 dolis
1225 1235 1264 1266 et
1278 1228 1467 1267 illecebris
1488 1230 1633 1268 avobis

172 1287 254 1325 sine
287 1287 558 1325 Phocensibus
588 1287 854 1338 impetrarunt.
913 1289 1022 1335 Post,
1052 1289 1335 1340 prohibendum
1365 1298 1460 1337 erat,
1499 1305 1548 1330 ne
1582 1292 1631 1329 acl

172 1347 290 1399 Pylas
307 1348 449 1386 auxilia
467 1349 733 1386 mitterentur:
762 1350 872 1401 cujus
888 1350 940 1388 rei
959 1351 1084 1401 gratia
1102 1363 1141 1388 L.
1164 1352 1337 1390 triremes
1357 1351 1395 1389 in
1415 1353 1633 1404 propinquo

170 1410 211 1447 in
231 1410 380 1449 ancoris
401 1411 569 1457 stabant,
590 1418 633 1449 ut
658 1411 689 1449 si
714 1412 1025 1462 proficisceretur
1044 1412 1261 1464 Philippus,
1282 1427 1349 1452 vos
1368 1414 1632 1466 prohiberetis.

173 1471 281 1515 Quid
300 1471 443 1522 igitur?
471 1485 557 1523 quae
586 1472 725 1512 iterum
746 1473 851 1511 fraus
886 1473 947 1512 hic
967 1474 1280 1525 excogitabitur?
1310 1475 1506 1527 Tempora
1523 1478 1633 1516 vobis

174 1533 370 1584 eripienda
396 1541 518 1578 erant,
539 1540 579 1571 et
597 1535 798 1585 negotium
817 1535 870 1573 ita
889 1535 1126 1582 ducendum,
1146 1542 1190 1573 ut
1210 1537 1337 1575 subito
1357 1538 1566 1588 ingrueret,
1586 1553 1632 1578 ac

173 1607 257 1641 vos,
285 1607 356 1633 nec
388 1594 420 1632 si
453 1595 616 1641 velletis,
645 1596 810 1647 possetis
841 1597 986 1647 egredi,
1005 1597 1136 1648 itaque
1169 1597 1264 1635 istos
1295 1598 1433 1637 fecisse
1465 1607 1631 1639 constat.

174 1655 260 1706 Ego
279 1668 385 1701 vero,
406 1662 450 1694 ut
473 1656 554 1707 jam
587 1657 727 1708 saepius
761 1657 937 1704 audistis,
957 1672 1034 1696 non
1067 1659 1172 1710 prius
1205 1659 1309 1697 abire
1340 1661 1474 1711 potui:
1505 1662 1574 1699 sed
1594 1669 1634 1700 et

174 1730 273 1755 nave
291 1717 489 1756 conducta
509 1731 593 1756 sum
614 1725 801 1757 retentus·
856 1719 883 1758 J
887 1732 947 1757 arn
968 1732 1065 1771 opus
1085 1727 1181 1767 erat,
1201 1727 1243 1757 ut
1274 1721 1389 1758 etiam
1417 1721 1536 1760 fidem
1563 1723 1634 1760 ha-

172 1780 310 1818 berent
329 1778 509 1831 Philippo
529 1779 765 1826 Phocenses,
787 1794 904 1831 seque
918 1781 1019 1820 ultro
1040 1782 1239 1829 dederent,
1259 1796 1307 1821 ne
1324 1796 1384 1821 res
1405 1783 1632 1832 differretur,

172 1854 269 1879 neve
297 1841 532 1879 contrarium
552 1854 575 1879 a
593 1841 702 1879 vobis
735 1842 1118 1880 senatusconsultum
1150 1843 1341 1882 ederetur.
1398 1844 1564 1884 Proinde
1585 1847 1633 1885 ab

172 1901 467 1940 Atheniensium
487 1902 625 1953 legatis
639 1903 902 1941 nunciandum
922 1903 1008 1950 fuit,
1029 1903 1253 1943 Phocenses
1272 1914 1541 1945 conservatum
1561 1908 1633 1946 iri:

172 1970 229 2010 ut,
261 1964 418 2002 tametsi
451 1963 591 2015 aliquis
623 1964 715 2002 mihi
746 1965 910 2012 diffidat,
930 1965 1082 2004 illorum
1100 1966 1300 2017 promissis
1319 1968 1452 2016 fretus,
1481 1982 1523 2007 se
1543 1969 1634 2008 mihi

173 2026 314 2064 tradat.
370 2025 628 2064 Athenienses
648 2033 776 2064 autem
795 2027 902 2078 ipsos
929 2040 1173 2066 accersemus
1197 2041 1280 2075 nos,
1309 2037 1354 2067 ut
1384 2032 1515 2069 omnia
1547 2045 1635 2083 quae

171 2087 318 2132 volunt,
344 2087 417 2125 sibi
445 2094 583 2138 parata
614 2101 700 2127 esse
731 2088 1011 2136 existimantes,
1030 2090 1125 2128 nihil
1144 2092 1380 2130 contrarium
1409 2093 1633 2134 decernant.

175 2148 234 2186 Illi
250 2155 378 2187 autern
399 2162 422 2186 a
440 2150 551 2186 nobis
580 2150 673 2188 talia
704 2150 945 2188 nunciabunt
965 2158 1004 2188 et
1023 2151 1261 2202 promittent,
1280 2160 1324 2191 ut
1343 2155 1529 2205 quicquid
1549 2164 1635 2195 tan-

173 2210 260 2248 dem
282 2212 363 2257 fiat,
383 2223 461 2248 non
481 2218 809 2251 commoveantur.

226 2273 292 2310 91.
321 2273 385 2310 Ad
411 2272 515 2311 hunc
546 2273 703 2311 modum
736 2280 775 2312 et
805 2273 947 2312 talibus
982 2274 1146 2321 technis,
1176 2275 1224 2314 ab
1252 2275 1336 2315 istis
1366 2278 1633 2329 perditissimis

171 2334 390 2374 hominibus
410 2348 542 2374 omnes
561 2349 622 2374 res
644 2342 734 2374 sunt
753 2336 925 2388 perditae.
985 2338 1120 2389 Itaque
1142 2338 1272 2376 statim
1292 2353 1370 2378 non
1390 2341 1577 2394 Thespias
1595 2351 1637 2383 et

174 2398 342 2436 Plataeas
373 2398 578 2437 instaurari
605 2398 767 2445 vidistis,
802 2406 844 2438 ut
876 2399 1064 2438 decebat:
1096 2400 1165 2438 sed
1186 2401 1404 2441 Coroneam
1424 2410 1463 2442 et
1482 2404 1634 2445 Orcho-

173 2472 330 2498 menum
357 2473 510 2498 eversas
532 2473 618 2499 esse
639 2461 866 2500 audivistis:
896 2474 976 2500 non
995 2461 1149 2501 Thebas
1179 2463 1396 2515 depressas,
1424 2480 1496 2505 nec
1528 2468 1633 2507 inso-

172 2521 330 2560 lentiam
368 2522 642 2562 Thebanorum
678 2530 718 2561 et
755 2523 941 2562 ferociam
978 2524 1200 2573 cohibitam,
1248 2527 1319 2565 sed
1360 2527 1633 2576 Phocensium,

173 2584 362 2622 sociorum
373 2591 599 2633 vestrorum,
613 2586 755 2625 moenia
766 2586 907 2633 diruta,
921 2600 1043 2638 eaque
1057 2587 1185 2627 diruta
1204 2602 1227 2627 a
1243 2589 1455 2637 Thebanis,
1473 2605 1634 2643 quorum

172 2646 307 2683 urbem
342 2645 535 2684 AEschinis
567 2648 683 2686 verba
713 2648 752 2685 in
782 2661 906 2699 pagos
935 2649 1167 2701 redegerunt
1198 2650 1359 2690 scilicet.
1417 2652 1506 2690 Non
1525 2653 1634 2692 vobis

174 2706 324 2744 Euboea
341 2706 481 2744 tradita
501 2714 560 2746 est
575 2721 646 2759 pro
665 2709 909 2761 Amphipoli:
946 2710 1016 2748 sed
1045 2710 1247 2762 Philippus
1267 2712 1306 2749 in
1327 2712 1475 2751 Euboea
1501 2714 1633 2764 praesi-

174 2768 237 2806 dia
255 2769 379 2806 munit
399 2768 448 2806 ad
465 2769 611 2806 bellum
631 2771 738 2808 vobis
757 2771 847 2810 inde
867 2764 1126 2818 inferendum,
1149 2779 1188 2811 et
1207 2773 1376 2812 Gerasto
1396 2781 1435 2812 et
1462 2773 1633 2825 Megaris

173 2829 346 2868 insidiari
371 2843 448 2868 non
468 2830 631 2869 desistit.
685 2831 776 2870 Non
795 2834 904 2871 vobis
923 2834 1080 2886 Oropus
1108 2835 1317 2874 restituitur
1334 2849 1343 2873 t
1373 2835 1442 2873 sed
1463 2836 1511 2874 de
1530 2837 1634 2890 Dry-

175 2904 253 2939 mo,
271 2898 313 2930 et
332 2905 426 2943 agro
455 2892 505 2930 ad
525 2892 741 2931 Panactum
760 2895 876 2934 armis
895 2896 1135 2943 dimicamus,
1156 2897 1260 2947 quod
1282 2896 1398 2935 salvis
1420 2897 1633 2938 Phocensi-

173 2953 262 3000 bus,
282 2967 480 3006 nunquam
500 2955 676 2994 fecimus.
732 2955 823 2995 Non
856 2958 968 3009 patrii
994 2958 1090 2997 ritus
1125 2958 1163 2995 in
1191 2958 1335 3010 templo
1355 2959 1546 3012 Delphico
1565 2963 1635 3001 ob-
