1923 3149
224 159 303 198 496
785 160 841 197 IN
873 160 980 199 APH
988 161 1149 200 OBUM

223 267 378 299 mnatus
393 273 459 299 eas
473 262 674 300 restituere
686 262 863 309 voluerit,
879 269 1009 302 tamen
1029 263 1159 315 inique
1178 276 1311 302 secum
1321 275 1406 303 esse
1419 270 1549 303 actum
1563 279 1681 318 seque

222 329 377 374 propter
394 322 465 360 hos
485 329 607 361 testes
627 323 928 362 condemnatum
946 325 1138 375 queritur:
1165 337 1388 377 quanquam
1403 325 1540 364 horum
1553 327 1682 367 nullus

222 396 308 421 eum
330 383 473 422 habere
493 384 594 423 hanc
613 386 842 424 testificatus
862 393 935 424 est.

282 445 343 482 12.
372 445 461 482 Jam
481 445 529 483 de
549 446 713 497 pecunia
731 455 864 486 mutuo
884 448 975 486 data
994 454 1033 486 et
1051 448 1238 486 lectorum
1258 448 1375 487 fabris
1393 456 1432 487 et
1448 449 1548 488 ferro
1563 457 1602 488 et
1621 463 1681 489 re-

223 504 315 543 licto
335 505 446 544 nobis
473 507 588 545 ebore
615 514 652 546 et
680 508 770 546 dote
798 510 952 556 sororis,
973 522 1089 560 quam
1122 508 1193 547 iste
1225 522 1294 560 per
1320 510 1678 561 praevaricationem

223 565 460 605 condonavit
483 574 527 605 ut
546 574 585 605 et
607 568 689 619 ipse
708 575 856 606 tantum
886 570 935 607 de
955 583 1042 608 meo
1062 570 1223 608 haberet
1247 577 1436 621 quantum
1460 571 1590 617 vellet,
1612 585 1682 610 au-

223 626 303 664 dite
321 633 359 665 et
379 628 638 675 considerate,
659 641 773 679 quarn
788 630 875 680 jure
897 631 947 668 sit
965 632 1186 677 damnatus,
1205 644 1401 682 quamque
1421 644 1496 670 non
1520 645 1679 670 necesse

223 687 340 726 fuerit
358 695 561 739 propterea
582 689 743 741 Milyam
770 692 953 742 torqueri.
1017 693 1116 730 Nam
1143 692 1193 730 de
1219 692 1279 729 his
1297 705 1383 743 quae
1407 692 1681 744 praevaricatus

224 762 281 795 es,
310 749 374 787 lex
401 756 473 795 est,
492 763 580 801 quae
599 751 726 788 verbis
745 752 885 802 apertis
899 752 1013 804 jubet
1030 759 1068 790 te
1091 766 1202 804 aeque
1221 754 1359 803 teneri,
1385 766 1433 792 ac
1457 754 1488 792 si
1515 755 1599 805 ipse
1624 761 1683 792 te-

223 823 355 849 neres:
386 810 480 861 quid
509 811 624 863 igitur
644 811 722 862 legi
748 813 801 850 rei
825 820 883 852 est
902 827 990 852 cum
1009 814 1314 865 quaestionibus?
1345 815 1463 859 Quod
1483 822 1611 853 autem
1631 815 1682 853 ad

223 872 481 910 mutuatitiam
502 873 704 924 pecuniam
727 874 877 921 attinet,
907 888 996 914 cum
1025 882 1064 914 et
1083 875 1176 914 socii
1200 874 1321 913 Xuthi
1341 876 1486 913 fueritis
1507 883 1546 914 et
1563 889 1683 926 pecu-

223 932 325 970 niam
353 934 484 985 partiti
502 934 582 973 sitis
602 943 642 974 et
657 935 811 974 tabulas
833 936 1062 975 sustuleritis
1083 944 1122 975 et
1139 937 1323 975 arbitratu
1342 943 1473 974 vestro
1489 937 1686 987 gesseritis

223 992 354 1031 omnia
382 1000 422 1032 et
447 995 591 1046 scripta
615 996 867 1046 perdideritis,
893 1004 938 1035 ut
968 997 1121 1036 Demon
1150 1004 1286 1035 contra
1314 1009 1383 1035 vos
1413 1003 1579 1035 testatus
1610 1005 1685 1045 est,

222 1054 339 1092 etiam
356 1055 417 1093 his
436 1055 565 1094 facere
584 1057 715 1095 fucum
735 1058 913 1096 studetis.
970 1059 1033 1097 De
1055 1059 1243 1097 lectorum
1262 1057 1379 1097 fabris
1405 1064 1534 1096 autem
1551 1057 1582 1096 si
1599 1071 1684 1097 cor-

223 1122 333 1166 repta
360 1117 528 1165 pecunia
547 1124 586 1153 et
605 1130 747 1167 magno
766 1119 942 1168 privatim
963 1120 1073 1156 lucro
1092 1121 1196 1156 facto
1215 1119 1312 1156 meis
1331 1119 1381 1156 ad
1399 1131 1555 1157 usuram
1571 1119 1685 1166 datis,

223 1177 363 1227 quibus
393 1184 432 1214 tu
457 1177 552 1215 alios
582 1178 696 1215 etiam
731 1179 934 1228 prohibere
961 1178 1148 1226 debebas,
1168 1192 1234 1218 eos
1269 1179 1411 1217 deinde
1442 1180 1631 1219 sustulisti
1662 1194 1684 1220 e

223 1238 374 1276 medio:
403 1238 493 1288 quid
523 1238 592 1276 tibi
629 1239 767 1276 facturi
797 1246 890 1277 sunt
915 1240 1061 1278 testes?
1104 1241 1241 1291 Neque
1267 1241 1367 1279 enim
1386 1241 1425 1278 hi
1445 1242 1573 1280 testati
1593 1249 1685 1281 sunt

223 1299 336 1337 fateri
355 1306 407 1346 te,
426 1312 565 1337 usuras
585 1300 636 1338 de
656 1300 750 1339 meis
769 1301 972 1351 accepisse
993 1308 1032 1339 et
1051 1303 1246 1352 mancipia
1263 1302 1314 1340 ad
1334 1310 1372 1339 te
1392 1302 1600 1353 recepisse,
1616 1304 1685 1341 sed

223 1366 267 1397 tu
292 1361 330 1398 in
358 1360 571 1398 rationibus
603 1361 786 1411 scripsisti
818 1362 912 1406 ista;
958 1374 1080 1412 eaque
1113 1369 1234 1401 testes
1264 1363 1553 1401 confirmarunt.
1623 1364 1683 1402 De

221 1421 340 1459 ebore
359 1434 473 1472 porro
488 1427 528 1459 et
541 1421 655 1468 ferro,
670 1422 758 1460 dico
778 1435 852 1474 ego
867 1423 1032 1461 famulos
1049 1436 1182 1462 omnes
1202 1424 1297 1462 scire
1318 1424 1540 1462 vendidisse
1555 1424 1685 1472 istum,

224 1483 337 1532 eique
351 1488 390 1520 et
408 1490 488 1521 tum
504 1489 544 1520 et
564 1496 666 1520 nunc
681 1496 952 1535 quemcunque
972 1484 1091 1522 vellet
1109 1483 1159 1522 ad
1176 1484 1431 1535 quaestionem
1453 1485 1546 1523 dare
1568 1485 1684 1523 volui.

223 1544 343 1586 Quod
363 1544 395 1582 si
414 1557 477 1582 me
496 1557 584 1582 eum
603 1545 669 1595 qui
688 1545 803 1583 sciret
815 1546 909 1584 dare
929 1546 1111 1593 noluisse,
1132 1559 1198 1584 eos
1217 1547 1283 1597 qui
1305 1546 1498 1584 nescirent
1516 1546 1685 1586 voluisse

224 1605 329 1644 dicet
358 1606 525 1654 tradere,
550 1607 672 1645 multo
699 1607 823 1658 magis
851 1607 921 1646 hos
953 1607 1008 1645 illi
1039 1607 1284 1659 accipiendos
1317 1607 1435 1645 fuisse
1462 1609 1685 1659 apparebit:

223 1680 315 1705 nam
336 1667 368 1705 si
391 1667 431 1715 ii,
450 1680 548 1718 quos
567 1675 610 1706 ut
628 1668 807 1706 consci0s
833 1681 906 1719 ego
933 1669 1145 1714 tradebam,
1162 1681 1251 1706 eum
1272 1668 1411 1706 horum
1431 1668 1525 1706 nihil
1543 1669 1686 1707 habere

224 1728 426 1775 dixissent,
447 1729 551 1768 omni
575 1730 654 1781 jam
672 1730 807 1780 utique
827 1730 985 1769 crimine
1004 1730 1190 1769 liberatus
1209 1736 1326 1769 esset.
1368 1729 1514 1768 Verum
1533 1743 1611 1769 non
1630 1729 1687 1769 ita

223 1795 308 1827 est:
349 1790 418 1828 sed
446 1790 547 1829 clare
572 1791 773 1830 convictus
806 1790 946 1830 fuisset
978 1804 1020 1830 se
1051 1798 1092 1830 et
1117 1790 1335 1829 vendidisse
1361 1798 1400 1828 et
1425 1791 1591 1841 pretium
1623 1803 1685 1829 re-

224 1851 391 1902 cepisse,
418 1864 542 1903 eaque
570 1852 619 1890 de
638 1864 760 1891 causa
777 1853 981 1904 praeteritis
1000 1852 1044 1892 iis
1064 1865 1164 1904 quos
1191 1852 1398 1891 constabat
1419 1864 1507 1890 esse
1537 1865 1685 1899 servos,

224 1912 386 1950 liberum
419 1919 598 1964 torquere
618 1913 655 1950 vi
687 1913 885 1960 studebat,
903 1927 1018 1964 quem
1045 1926 1120 1952 nec
1145 1912 1296 1951 tradere
1327 1913 1385 1951 fas
1417 1919 1513 1959 erat,
1534 1925 1612 1951 nou
1631 1913 1686 1951 rei

225 1973 510 2024 comperiendae
539 1973 748 2021 studiosus,
769 1974 838 2012 sed
870 1974 908 2013 id
938 1987 1115 2026 quaerens
1141 1981 1186 2013 ut
1209 1986 1256 2012 eo
1287 1987 1363 2013 non
1393 1980 1558 2025 accepto
1585 1986 1684 2025 pree·

224 2040 355 2072 textus
377 2034 448 2073 sibi
479 2034 616 2084 aliquis
637 2035 929 2086 relinqueretur.
986 2035 1046 2074 De
1075 2035 1134 2073 his
1167 2035 1286 2086 igitur
1309 2034 1504 2084 omnibus,
1532 2047 1578 2073 ac
1609 2035 1687 2086 pri-

225 2107 329 2134 mum
350 2095 402 2134 de
421 2095 526 2142 dote,
545 2096 687 2135 deinde
715 2096 796 2135 de'
787 2097 833 2135 iis
856 2109 944 2147 quae
967 2096 1069 2135 mala
1092 2096 1170 2134 fide
1197 2095 1488 2141 administravit,
1523 2102 1614 2147 post
1636 2096 1687 2135 de

226 2156 393 2203 caeteris,
412 2163 457 2194 ut
484 2156 580 2195 certi
607 2157 705 2204 sitis,
728 2164 768 2194 et
792 2157 901 2208 leges
922 2157 1030 2195 vobis
1051 2163 1089 2195 et
1109 2157 1331 2196 testimonia
1355 2157 1631 2196 recitabuntur.

664 2301 852 2340 LEGES.
888 2300 1246 2339 TESTIMONIA.

286 2395 345 2430 13.
380 2393 521 2445 Neque
554 2408 645 2434 vero
677 2409 724 2434 ex
753 2397 814 2434 his
848 2396 972 2435 solum
1005 2396 1267 2447 cognoscetis,
1296 2394 1441 2432 nullam
1470 2395 1503 2432 ei
1543 2395 1686 2436 factam

226 2454 417 2505 injuriam,
453 2467 498 2493 eo
534 2457 639 2507 quod
677 2457 872 2496 hominem
909 2458 947 2495 in
980 2456 1236 2508 quaestionem
1272 2469 1349 2494 non
1385 2456 1571 2503 dederim,
1615 2457 1686 2495 sed

227 2516 311 2567 ipsa
340 2516 453 2554 etiam
484 2529 523 2555 re
554 2518 810 2556 considerata.
869 2518 1065 2556 Ponamus
1093 2531 1186 2557 sane
1224 2517 1387 2569 Milyam
1421 2518 1458 2555 in
1489 2524 1575 2556 rota
1608 2524 1686 2556 tor-

226 2577 358 2627 queri;
384 2584 424 2615 et
442 2577 536 2628 quid
569 2579 618 2616 ab
645 2591 692 2617 eo
711 2579 785 2618 diei
817 2579 960 2630 optarit
989 2579 1231 2630 potissimum
1264 2585 1496 2630 spectemus.
1545 2579 1686 2618 Nonne

227 2637 316 2682 hoc,
339 2651 380 2677 se
398 2651 475 2677 non
495 2651 580 2678 esse
597 2641 796 2678 conscium
815 2653 865 2678 an
884 2641 1003 2680 ullam
1021 2640 1199 2679 habuerit
1216 2641 1289 2679 iste
1313 2639 1540 2693 pecuniam?
1588 2640 1685 2682 Esto

227 2699 345 2738 dicat.
403 2701 661 2752 Proptereane
682 2701 829 2741 nullam
850 2702 994 2741 habet?
1024 2702 1195 2741 Multum
1213 2710 1318 2741 certe
1336 2703 1465 2741 abest:
1495 2714 1563 2740 eos
1578 2702 1684 2740 enim

227 2772 302 2811 ego
321 2768 441 2801 testes
462 2763 605 2802 adduxi
624 2764 689 2815 qui
709 2776 790 2802 rem
808 2771 849 2802 et
867 2765 997 2803 sciunt
1015 2771 1055 2802 et
1073 2765 1342 2803 interfuerunt.
1400 2765 1683 2815 Argumentum

229 2828 358 2860 autem
385 2830 425 2861 et
450 2825 628 2876 probatio
644 2833 718 2872 est,
738 2837 816 2864 non
836 2826 867 2864 si
893 2827 977 2876 quis
1005 2826 1122 2866 istum
1151 2826 1297 2878 aliquid
1322 2825 1462 2864 habere
1482 2824 1684 2863 nesciat-

229 2883 326 2923 tales
346 2885 446 2926 enim
465 2899 551 2926 esse
576 2888 685 2927 multi
705 2896 915 2940 queant—‚
945 2889 1013 2928 sed
1048 2889 1078 2927 si
1109 2890 1195 2939 quis
1227 2889 1336 2928 sciat.
1394 2889 1494 2927 Cum
1513 2900 1604 2927 vero
1625 2894 1683 2927 tot
