1923 3149
546 174 771 213 CONTRA
801 174 1251 214 ARISTOCRATEM.
1536 179 1625 216 *389

171 275 277 325 quod
308 277 684 315 senatusconsultum
704 277 774 320 sit;
804 277 928 328 legem
961 285 1088 315 autem
1115 279 1265 328 jubere,
1285 279 1623 316 senatusconsulta

172 351 259 375 esse
298 351 438 376 annua.
515 339 648 388 Itaque
686 338 840 376 tametsi
875 351 978 376 nunc
1018 338 1099 389 ipse
1140 339 1374 385 absolvatur,
1424 339 1623 377 decretum

171 406 299 436 tamen
333 399 404 436 hoc
430 399 521 436 nibil
569 400 941 438 incommodatur-um
977 399 1205 450 reipublicae.
1276 400 1360 449 Ego
1396 413 1485 437 vero
1514 401 1622 438 vobis

170 462 267 499 illud
287 468 420 499 contra
447 462 519 500 hoc
546 462 815 513 opponendum
841 475 924 499 esse
954 468 1095 505 statuo,
1124 461 1321 498 decretum
1354 463 1401 499 ab
1433 462 1506 500 isto
1538 476 1623 501 esse

171 524 370 573 scriptum,
407 535 482 560 non
521 530 564 560 ut
598 535 644 560 eo
673 523 787 568 irrito,
826 522 917 560 nihil
953 535 1019 560 vos
1053 522 1287 559 incommodi
1320 523 1510 560 sentiretis
1527 539 1537 568 ;
1577 524 1624 561 li-

170 585 318 622 cuisset
335 585 436 622 enim
463 585 510 621 ab
541 584 645 621 initio
677 584 770 621 nihil
801 584 979 629 scribere,
998 582 1029 621 si
1049 589 1264 634 spectasset
1283 583 1377 633 quid
1402 592 1508 621 esset
1526 598 1546 622 e
1565 598 1624 622 re-

174 646 348 697 publica:
379 645 461 691 sed,
481 652 525 682 ut
542 645 651 682 vobis
672 644 858 695 deceptis,
879 645 1036 694 quidam
1056 658 1101 682 ea
1119 658 1307 695 quaecum
1321 644 1456 682 vestris
1477 645 1620 683 utilita-

171 707 273 745 tibus
293 712 481 757 pugnant,
501 713 841 756 consequerentur.
888 706 965 747 Qui
986 713 1113 744 autem
1133 707 1365 750 accusarint,
1387 713 1426 743 et
1445 719 1523 743 rem
1544 706 1622 743 dis-

170 767 339 812 tulerint,
364 773 403 804 et
428 765 638 811 effecerint,
672 779 720 804 ne
753 774 877 804 ratum
910 774 1014 805 esset
1046 767 1260 812 decretum,
1300 767 1339 804 hi
1372 780 1442 805 nos
1475 780 1621 805 sumus.

171 827 393 865 Absurdum
413 827 527 877 igitur
539 827 666 873 fuerit,
682 841 843 878 quarum
864 841 988 865 rerum
1004 828 1127 878 gratia
1142 828 1252 866 nobis
1273 828 1446 874 debetur,
1459 842 1525 866 eas
1541 829 1622 866 istis

167 889 284 927 saluti
302 902 399 927 esse.
434 889 584 927 Deinde
600 902 724 939 neque
744 890 797 927 ita
810 890 969 941 simplex
989 890 1089 928 istud
1106 897 1177 935 est,
1197 896 1240 927 ut
1259 890 1396 940 aliquis
1416 891 1621 928 existimet.

171 950 272 987 Nam
298 951 329 987 si
358 963 471 988 nemo
499 958 602 989 esset
629 951 740 998 alius,
759 951 869 989 istius
889 952 1080 1003 exemplo,
1101 952 1281 1002 neglecta
1299 952 1461 990 utilitate
1483 960 1620 998 vestra,

168 1011 393 1061 scripturus,
413 1012 538 1049 minus
568 1012 729 1050 fortasse
760 1026 875 1063 grave
906 1012 1028 1050 foret:
1066 1026 1169 1051 nunc
1189 1013 1280 1063 quia
1295 1013 1390 1050 tales
1410 1026 1486 1051 non
1507 1014 1621 1064 pauci

169 1079 273 1117 sunt,
294 1073 408 1110 vestri
426 1073 539 1110 officii
559 1085 635 1109 non
651 1080 725 1116 est,
743 1073 939 1111 decretum
958 1073 1059 1111 istud
1082 1075 1254 1112 tolerare.
1301 1075 1396 1116 Quis
1422 1075 1522 1111 enim
1541 1088 1620 1113 non

169 1146 307 1171 securo
328 1133 454 1170 animo
469 1133 597 1170 denuo
619 1133 771 1179 scribet,
794 1134 824 1170 si
841 1133 914 1171 hoc
935 1133 1046 1171 fuerit
1062 1135 1310 1172 absolutum?
1348 1135 1444 1176 Quis
1460 1148 1537 1172 non
1553 1149 1621 1186 ap-

168 1194 369 1245 probabit?
408 1194 505 1235 Quis
522 1207 610 1232 vero
635 1195 858 1233 accusabit?
898 1196 986 1232 Non
1011 1195 1127 1246 igitur
1141 1197 1302 1247 spectari
1323 1196 1453 1241 debet,
1477 1210 1524 1234 an
1545 1197 1619 1235 hoc

166 1257 217 1293 sit
236 1256 469 1305 temporibus
483 1255 643 1301 irritum,
660 1256 728 1293 sed
744 1256 838 1293 illud
858 1257 1082 1294 intuendum
1103 1264 1174 1303 est,
1195 1270 1277 1303 vos,
1297 1257 1328 1294 si
1343 1264 1471 1295 vestro
1488 1258 1620 1296 suffra-

167 1317 231 1367 gio
262 1317 460 1354 decretum
489 1329 592 1353 nunc
623 1317 876 1364 absolveritis,
895 1318 955 1355 his
971 1318 1036 1368 qui
1057 1318 1185 1356 denuo
1205 1331 1343 1357 nocere
1363 1319 1470 1356 vobis
1491 1320 1620 1357 volent

165 1377 431 1430 impunitatem
451 1377 623 1415 daturos.

219 1441 283 1476 ⁶26.
315 1438 451 1487 Neque
476 1437 570 1475 illud
590 1438 705 1476 etiam
725 1451 786 1477 me
804 1439 912 1484 latet,
937 1439 1212 1486 Athenienses,
1228 1440 1502 1479 Ariston-ratem
1528 1443 1618 1479 sim-

165 1501 303 1552 plicem
336 1506 375 1536 et
402 1512 528 1536 veram
558 1499 823 1537 defensionem
855 1500 1000 1537 nullam
1023 1501 1178 1546 habere,
1210 1502 1279 1539 sed
1314 1501 1408 1540 talia
1440 1503 1620 1553 quaedam

163 1563 307 1612 effugia
320 1561 582 1612 quaesiturum,
603 1560 758 1598 decreta
775 1561 889 1611 hujus
909 1561 1058 1611 generis
1077 1562 1197 1600 multa
1219 1563 1299 1612 jam
1321 1569 1359 1600 et
1388 1562 1514 1600 multis
1533 1576 1620 1601 esse

163 1625 288 1664 facta„
336 1623 381 1660 Id
401 1635 503 1667 vero,
520 1622 793 1667 Athenienses,
815 1623 921 1660 nullo
941 1630 1167 1673 argumento
1188 1631 1260 1668 est,
1280 1624 1394 1660 istum
1414 1631 1619 1662 consenta-

162 1698 236 1723 nea
249 1684 464 1721 decrevisse
484 1683 633 1733 legibus
651 1695 660 1720 t
695 1683 825 1720 multae
845 1697 904 1721 res
921 1685 1023 1721 enim
1044 1691 1144 1725 sunt,
1161 1685 1299 1734 quibus
1329 1685 1371 1722 fit
1394 1691 1436 1722 ut
1461 1698 1530 1723 vos
1550 1686 1618 1723 de-

161 1744 368 1797 cipiamini.
424 1743 568 1789 Veluti,
589 1744 619 1781 si
635 1744 737 1794 quod
759 1758 779 1782 e
798 1745 987 1782 damnatis
1001 1745 1164 1782 decretis
1180 1746 1284 1796 apud
1304 1759 1371 1783 vos
1386 1759 1463 1784 non
1483 1747 1621 1784 fuisset

162 1812 403 1850 accusatum,
421 1812 547 1842 ratum
567 1805 699 1855 utique
726 1805 872 1851 fuisset,
901 1819 1123 1855 quanquam
1153 1813 1288 1845 contra
1315 1806 1421 1865 leges
1438 1808 1615 1848 ¹sactum.

164 1869 248 1905 Nec
268 1867 393 1904 minus
415 1866 445 1903 si
462 1866 566 1915 quod
587 1874 809 1904 accusatum
829 1873 900 1910 est,
921 1873 961 1904 et
993 1874 1123 1904 tamen
1143 1867 1204 1904 vel
1224 1867 1484 1917 praevaricatis
1503 1881 1619 1906 accu-

159 1929 365 1973 satoribus,
385 1927 444 1965 vel
471 1927 693 1976 eloquentia
720 1928 769 1964 ad
791 1941 901 1965 suam
927 1941 1084 1965 causam
1113 1929 1385 1979 explicandam
1407 1930 1618 1977 destitutis,

159 1997 221 2028 est
240 1989 483 2030 absolutum;
523 1987 637 2025 etiam
662 1989 736 2026 hoc
765 1989 914 2039 legibus
946 2003 1032 2027 esse
1051 1991 1298 2036 contrarium,
1321 1990 1414 2028 nihil
1427 1992 1618 2042 prohibet.

164 2050 269 2087 Num
281 2048 484 2098 igitur,qui
498 2048 544 2084 de
557 2060 602 2084 eo
617 2049 847 2086 sententiam
861 2049 1284 2101 dixere,jusjurandum
1302 2065 1378 2089 non
1393 2052 1618 2090 servarunt?

163 2113 259 2150 Imo.
317 2109 552 2152 Quomodo?
610 2110 653 2146 Id
674 2123 746 2160 ego
767 2110 928 2148 docebo.
987 2112 1036 2148 Se
1059 2112 1187 2150 animo
1217 2113 1508 2163 religiosissimo
1527 2127 1617 2164 pro-

161 2172 622 2221 nunciaturosjurarunt:
654 2171 768 2208 animi
801 2179 928 2209 autem
956 2173 1098 2222 opinio,
1131 2187 1178 2211 ex
1194 2174 1262 2212 -his
1293 2189 1381 2225 quae
1413 2175 1616 2222 audierint,

159 2234 341 2272 exoritur.
397 2233 492 2270 Eam
512 2232 550 2268 in
563 2231 775 2282 judicando
792 2246 880 2270 cum
895 2240 1119 2284 sequuntur,
1138 2235 1198 2285 pie
1217 2235 1372 2274 faciunt.
1430 2236 1614 2287 Quisquis

160 2296 275 2340 enim,
305 2307 433 2344 neque
466 2293 569 2339 odio,
600 2306 725 2343 neque
753 2294 1036 2340 benevolentia,
1057 2308 1181 2345 neque
1214 2297 1288 2334 alia
1317 2297 1463 2348 injusta
1496 2311 1615 2336 causa.

159 2362 392 2401 commotus,
408 2361 542 2393 contra
561 2354 620 2391 sui
635 2355 750 2392 animi
763 2355 992 2393 sententiam
1013 2369 1090 2393 non
1110 2358 1348 2407 pronunciat,
1365 2359 1542 2409 religiose
1559 2360 1616 2397 fa-

161 2417 228 2455 cit.
284 2415 423 2465 Neque
443 2416 542 2453 enim
563 2415 629 2465 qui
648 2416 696 2452 ab
719 2422 869 2453 oratore
896 2416 1094 2467 deceptus,
1122 2417 1264 2468 aliquid
1283 2419 1484 2469 ignoravit,
1507 2420 1617 2470 igno·

160 2477 294 2516 rantiae
314 2490 450 2528 poenas
477 2477 568 2515 dare
587 2477 729 2515 debet:
757 2477 824 2515 sed
852 2479 917 2527 qui
941 2478 1075 2516 volens
1101 2485 1140 2516 et
1158 2479 1281 2518 sciens
1305 2494 1503 2532 perperam
1526 2494 1616 2532 pro-

160 2539 331 2581 nunciat,
358 2538 390 2574 is
411 2538 663 2576 exsecrationi
682 2543 742 2575 est
759 2539 964 2576 obnoxius.
995 2539 1243 2590 Quapropter
1261 2541 1299 2578 in
1328 2542 1491 2591 singulis
1519 2554 1612 2579 con-

159 2599 349 2643 cionibus,
369 2610 498 2648 praeco
526 2597 615 2635 diris
637 2598 802 2636 devovet
828 2612 906 2636 non
927 2599 1126 2650 deceptos,
1154 2601 1222 2638 sed
1241 2601 1328 2640 illos
1351 2603 1416 2652 qui
1437 2602 1614 2652 phalera-

159 2662 207 2699 tis
227 2660 351 2698 verbis
371 2658 431 2696 vel
450 2665 637 2704 senatum,
656 2659 719 2697 vel
737 2661 936 2711 populum,
967 2661 1026 2698 vel
1047 2661 1237 2699 Heliaeam
1257 2662 1467 2713 decipiunt.
1522 2661 1613 2698 Non

159 2723 275 2773 igitur
294 2721 328 2758 ei
343 2719 565 2758 concedatis
586 2726 629 2756 ut
644 2719 760 2767 dieat,
773 2721 848 2759 hoc
863 2734 948 2759 esse
963 2721 1121 2768 sactum,
1137 2723 1320 2770 sedjuste
1339 2735 1425 2760 esse
1442 2722 1587 2759 factum
1602 2735 1615 2760 ε

160 2797 232 2821 nec
253 2783 301 2820 ab
322 2781 404 2820 aliis
425 2792 471 2818 ea
483 2780 677 2828 judicibus
703 2793 788 2819 esse
805 2781 1042 2827 confirmata,
1066 2783 1134 2820 sed
1154 2796 1222 2820 vos
1243 2782 1395 2820 edoceri
1408 2781 1555 2832 jubete,
1574 2794 1616 2820 se

160 2857 209 2881 ea
227 2844 275 2880 de
294 2856 333 2881 re
349 2854 462 2892 quam
479 2853 548 2878 nos
564 2840 734 2891 aequiora
753 2842 892 2887 dicere.
923 2843 1039 2886 Quod
1057 2843 1087 2880 si
1102 2844 1226 2881 facere
1246 2856 1322 2880 non
1337 2849 1531 2893 poterunt,
1547 2844 1614 2880 ab·

161 2904 318 2944 surdum
348 2916 434 2943 esse
454 2907 596 2950 statuo,
621 2902 782 2942 aliorum
809 2903 1075 2955 deceptionem
1101 2910 1237 2943 vcstrae
1263 2903 1474 2955 cognitioni
1504 2909 1612 2942 ante-
