1923 3149
308 132 383 198 318
801 160 1027 198 CONTRA
1058 160 1282 199 MIDIAM.

306 272 382 311 que
413 259 591 298 omnibus
630 262 678 299 ab
710 261 781 300 isto
807 262 944 308 factas,
973 262 1022 300 ad
1053 274 1120 299 vos
1149 261 1260 300 rediit
1288 261 1498 301 hereditas.
1555 263 1616 302 Ea
1647 263 1763 314 igitur

308 320 438 359 omnia
466 319 502 358 in
530 333 648 358 unum
679 321 845 360 collecta
864 323 959 360 tanti
978 323 1183 369 aestimate,
1202 323 1335 373 quanti
1354 324 1462 362 vobis
1482 337 1635 375 aequum
1655 325 1761 363 vide-

306 381 424 420 bitur.
482 381 685 421 Excutiam
705 389 833 421 autem
854 390 894 422 et
912 396 1083 434 coargua
1102 384 1288 431 mordine,
1311 385 1489 435 primum,
1507 398 1552 423 ea
1570 386 1608 422 in
1625 386 1762 436 quibus

306 455 381 494 ego
410 456 493 481 sum
525 443 713 483 violatus:
743 444 882 483 deinde
914 445 1071 497 injurias
1103 445 1210 484 vobis
1238 445 1386 484 factas:
1417 453 1565 497 postea,
1596 447 1761 484 Atheni-

308 517 436 551 enses,
468 505 508 542 in
532 505 716 556 reliquam
748 507 830 557 ejus
861 519 1013 545 omnem
1033 507 1151 546 vitam
1171 507 1373 557 inquiram,
1392 520 1438 545 ac
1459 507 1661 546 ostendam
1683 520 1761 545 non

309 579 426 605 unam
445 580 532 605 eum
566 574 728 607 mortem
747 568 1034 616 commeruisse,
1054 569 1123 608 sed
1143 569 1298 607 multas.
1356 568 1462 620 Cape
1480 568 1643 620 primum
1663 568 1763 608 auri-

308 628 393 669 ficis
413 630 685 679 testimonium,
700 644 746 670 ac
765 632 897 671 recita.

824 778 1233 817 TESTIMONIUM.

337 872 521 902 Pammenes
539 870 714 902 Pammenis
727 871 808 902 filius
826 873 987 911 epar-chus,
1003 883 1061 913 ego
1078 872 1264 903 aurificium
1278 872 1308 902 in
1325 873 1389 902 foro
1405 874 1514 909 habeo,
1530 873 1560 903 in
1573 883 1633 912 qua
1648 877 1679 903 et
1695 883 1763 904 ver-

309 933 361 953 sor
376 927 407 953 et
422 922 608 952 aurificinam
625 922 715 953 facio.
761 924 838 953 Cum
854 928 956 954 autem
973 924 1047 954 mihi
1061 924 1301 958 Demosthenes,
1322 924 1371 953 cui
1388 924 1459 953 dieo
1475 924 1696 959 testimonium,
1711 934 1764 953 au-

308 983 390 1003 ream
407 982 548 1003 coronam
563 973 739 1012 parandam,
751 977 783 1003 et
796 978 930 1003 auratam
948 978 1063 1004 vestem
1081 975 1262 1011 faciendam,
1278 974 1421 1010 locasset,
1441 978 1473 1003 ut
1489 973 1519 1003 in
1536 974 1575 1003 iis
1589 974 1765 1004 Bacchana-

307 1023 380 1054 lium
396 1023 594 1054 festivitatem
611 1024 795 1060 celebraret,
807 1034 927 1063 egoque
943 1025 1142 1055 confecissem
1155 1024 1265 1059 omnia,
1277 1029 1308 1054 et
1325 1034 1418 1063 penes
1433 1035 1481 1054 me
1495 1029 1600 1063 parata
1610 1024 1765 1060 haberem,

308 1073 424 1105 Midias
436 1074 464 1104 is
479 1075 531 1115 qui
546 1085 624 1104 nunc
639 1085 657 1104 a
670 1075 876 1105 Demosthene
894 1080 1055 1105 accusatur
1078 1079 1171 1105 noctu
1197 1075 1227 1104 in
1251 1075 1334 1104 aedes
1358 1084 1440 1104 meas
1455 1074 1570 1113 impetu
1589 1074 1682 1111 sacto,
1697 1084 1766 1103 cum

309 1125 378 1155 aliis
394 1135 469 1164 quos
486 1135 589 1155 secum
602 1126 787 1163 adduxerat,
799 1136 940 1156 coronam
957 1131 988 1156 et
1003 1130 1119 1156 vestem
1133 1126 1263 1165 perdere
1280 1130 1407 1155 conatus
1419 1130 1478 1162 est,
1495 1130 1525 1154 et
1541 1125 1679 1164 quaedam
1693 1133 1765 1154 sane

307 1175 400 1212 laesit,
412 1186 471 1206 non
485 1176 585 1206 omnia
600 1180 699 1206 tamen
716 1177 816 1217 potuit
830 1177 1004 1208 interventu
1021 1187 1088 1207 meo
1101 1176 1287 1216 prohibitus.

361 1254 400 1290 9.
427 1252 595 1291 Possum
614 1259 804 1304 praeterea
830 1253 879 1291 de
907 1252 967 1291 his
999 1265 1165 1304 quoque,
1183 1252 1456 1297 Athenienses,
1479 1252 1603 1289 multa
1622 1246 1763 1296 dicere,

308 1319 352 1352 ut
370 1313 479 1351 initio
498 1314 613 1365 hujus
635 1314 817 1352 orationis
836 1314 927 1360 dixi,
954 1327 1040 1365 quae
1061 1314 1100 1351 in
1119 1313 1213 1352 alios
1232 1313 1399 1360 admisit,
1430 1326 1475 1351 ac
1508 1312 1765 1351 contumelias

307 1382 347 1414 et
365 1376 540 1427 improba
559 1376 639 1427 ejus
665 1376 839 1415 facinora
867 1383 927 1415 tot
954 1376 1107 1426 collegi,
1127 1383 1223 1426 quot
1244 1388 1332 1414 mox
1352 1375 1531 1413 audietis.
1590 1373 1680 1412 Fuit
1698 1386 1765 1411 au-

307 1443 389 1476 tem
405 1436 582 1476 collectio
597 1436 746 1476 facilis:
776 1451 866 1476 narn
884 1438 936 1483 hi,
954 1437 1094 1487 quibus
1113 1437 1331 1482 insultarat,
1350 1437 1423 1487 ipsi
1439 1436 1490 1474 ad
1509 1448 1569 1473 me
1589 1448 1766 1474 accesse-

306 1504 410 1536 runt.
466 1497 568 1536 Volo
604 1505 747 1544 autem,
767 1499 1004 1548 ‘priusquam
1037 1498 1087 1535 ad
1118 1497 1185 1534 illa
1220 1497 1386 1543 veniam,
1419 1509 1465 1535 ea
1497 1496 1641 1542 dicere,
1678 1509 1766 1547 quae

307 1559 525 1610 decipiendi
557 1559 676 1597 vestri
710 1572 831 1598 causa
861 1571 951 1597 eum
979 1557 1114 1596 afferre
1144 1558 1357 1597 instituisse
1394 1558 1534 1596 audio:
1581 1571 1684 1604 nam,
1723 1565 1768 1596 ut

307 1620 400 1659 mihi
419 1620 525 1658 dictu
545 1633 695 1658 summe
726 1620 1000 1664 necessarium,
1020 1620 1074 1657 sic
1106 1618 1240 1657 auditu
1267 1619 1376 1658 vobis
1408 1619 1655 1658 utilissimum
1684 1633 1766 1658 esse

306 1688 416 1733 puto,
435 1687 480 1719 ut
511 1681 589 1719 illae
616 1680 785 1719 rationes
815 1681 854 1718 in
882 1681 1015 1732 primis
1044 1681 1278 1731 aperiantur.
1336 1680 1612 1733 Quapropter?
1668 1681 1766 1720 Haec

309 1743 432 1782 oratio
452 1755 529 1794 qua
548 1743 747 1781 cavebitur
763 1755 814 1781 ne
841 1742 1099 1794 decipiamini,
1121 1742 1194 1781 erit
1220 1742 1260 1780 in
1290 1755 1422 1791 causa,
1441 1749 1486 1781 ut
1517 1743 1618 1781 sicut
1643 1742 1708 1794 jus
1728 1749 1768 1782 et

305 1803 560 1856 jurisjurandi
586 1804 720 1856 religio
737 1804 912 1857 postulat
935 1804 1210 1856 pronuncietis.
1267 1803 1451 1843 Omnium
1471 1804 1588 1856 igitur
1604 1803 1769 1842 maxime

307 1867 417 1905 vobis
436 1866 520 1904 haec
539 1865 662 1905 oratio
692 1867 896 1918 diligenter
915 1865 1121 1912 audienda,
1142 1873 1182 1904 et
1207 1866 1405 1917 infigenda
1421 1865 1615 1903 memoriae
1635 1872 1708 1910 est,
1727 1872 1767 1903 et

307 1929 469 1979 singulis
487 1928 596 1966 istius
620 1927 927 1967 cavillationibus
953 1928 1243 1966 occurrendum.
1301 1928 1392 1966 Jam
1411 1928 1576 1979 primum
1594 1926 1765 1964 omniurn

307 2003 386 2028 non
403 1996 464 2028 est
483 1991 704 2036 obscurum,
726 2003 774 2029 ex
791 1990 851 2028 his
871 2002 959 2040 quae
989 1989 1070 2041 ipse
1090 1990 1194 2041 apud
1213 1989 1419 2041 quosdam,
1439 1995 1483 2027 ut
1497 1987 1587 2026 mihi
1604 1989 1765 2027 nuncia—

307 2059 389 2089 tum
407 2058 478 2099 est,
498 2051 823 2098 commemoravit,
843 2064 932 2089 eum
952 2051 1027 2089 hoc
1046 2051 1255 2098 dicturum,
1275 2064 1349 2096 me,
1373 2050 1404 2088 si
1435 2049 1590 2088 omnino
1609 2062 1765 2101 perpes-

308 2124 374 2150 sus
393 2125 519 2151 essem
547 2113 629 2152 haec
648 2125 736 2164 quae
754 2113 892 2159 dicam,
914 2112 1094 2151 decuisse
1107 2112 1255 2164 judicio
1272 2112 1422 2163 privato
1442 2123 1646 2154 accusare3
1675 2123 1766 2149 nam

306 2175 410 2225 quod
429 2174 480 2213 ad
499 2175 664 2213 vestium
696 2181 735 2212 et
763 2187 967 2213 aurearum
995 2187 1222 2213 coronarum
1253 2173 1507 2225 perdi-tionem
1536 2172 1709 2222 attineat,
1728 2178 1767 2210 et

305 2237 526 2275 universam
559 2236 778 2275 violentiam
809 2237 849 2275 in
881 2237 1040 2275 chorum
1072 2235 1293 2282 admissam,
1313 2235 1503 2273 actionem
1535 2233 1666 2271 damni
1685 2233 1766 2271 dati

306 2298 428 2336 fuisse
448 2298 747 2344 instituendam3
769 2298 925 2349 deinde,
937 2299 1040 2350 quod
1061 2306 1188 2337 meum
1203 2310 1343 2348 corpus
1359 2296 1494 2335 laesum
1510 2307 1596 2333 esse
1611 2307 1764 2345 querar,

307 2359 556 2411 injuriarum:
586 2372 831 2412 nequaquam
851 2373 940 2398 vero
971 2360 1114 2412 publici
1140 2359 1309 2398 criminis
1346 2369 1454 2396 reum
1475 2356 1707 2402 faciendum,
1727 2363 1767 2395 et

306 2420 409 2459 hanc
442 2420 519 2459 litis
549 2421 843 2460 aestimationem
873 2421 1151 2467 intentandam,
1174 2420 1268 2472 quid
1299 2419 1348 2457 sit
1378 2418 1578 2464 luendum,
1600 2424 1667 2456 aut
1685 2417 1765 2456 sol-

306 2481 487 2520 vendum.
541 2482 628 2532 Ego
645 2496 735 2521 vero
749 2495 869 2520 unum
889 2483 984 2521 illud
1001 2483 1095 2521 satis
1117 2482 1210 2529 scio,
1228 2481 1346 2531 idque
1365 2480 1473 2519 vobis
1492 2480 1607 2518 etiam
1627 2486 1764 2518 tenen-

306 2543 400 2581 dum
429 2550 503 2590 est,
529 2544 601 2581 nisi
642 2544 826 2595 populum
856 2545 1128 2596 appellassem,
1163 2542 1232 2581 sed
1265 2543 1303 2579 in
1333 2542 1396 2593 jus
1427 2554 1516 2579 eum
1545 2553 1762 2588 vocassem,

307 2605 538 2643 contrariam
557 2604 685 2643 statim
704 2605 889 2644 rationem
910 2605 1023 2657 objici
1042 2605 1134 2643 mihi
1154 2604 1339 2655 potuisse,
1366 2617 1441 2651 me,
1464 2603 1495 2642 si
1513 2602 1606 2654 quid
1625 2603 1763 2641 horum

307 2672 413 2705 esset
429 2679 574 2712 verum,
593 2666 748 2717 publice
767 2667 962 2718 conqueri,
985 2674 1023 2705 et
1038 2668 1075 2704 in
1096 2679 1136 2704 re
1156 2665 1335 2717 praesenti
1349 2664 1582 2717 supplicium
1597 2663 1645 2701 de
1663 2663 1763 2712 inju-

308 2726 373 2766 riis
388 2740 599 2780 exposcere
614 2727 818 2766 debuisse:
850 2741 939 2766 nam
960 2735 998 2766 et
1026 2728 1188 2765 chorum
1208 2727 1324 2766 fuisse
1351 2726 1530 2771 civitatis,
1558 2732 1598 2763 et
1614 2729 1762 2762 vestem

309 2799 464 2828 omnem
493 2802 612 2828 causa
641 2790 726 2827 festi
758 2796 956 2841 paratam:
988 2795 1027 2827 et
1046 2801 1121 2834 me,
1142 2788 1203 2827 cui
1236 2788 1302 2826 illa
1329 2787 1578 2834 accidissent,
1597 2785 1763 2823 aedilem.

311 2850 408 2892 Quis
423 2851 539 2902 igitur
556 2850 670 2890 aliam
688 2850 898 2889 vindictam
917 2851 951 2889 ei
971 2849 1220 2901 praetulisset,
1241 2863 1329 2901 quoe
1347 2849 1498 2900 legibus
1527 2848 1566 2885 in
1598 2859 1664 2884 eos
1694 2846 1762 2884 da-

310 2917 384 2957 tur,
403 2913 468 2962 qui
488 2913 629 2953 festum
648 2911 868 2952 violarunt?
925 2911 1021 2951 Hoec
1054 2913 1180 2951 omnia
1209 2916 1447 2962 compertum
1477 2909 1615 2957 habeo,
1644 2908 1760 2946 istum
