1923 3149
398 408 600 447 LIBANll
630 409 1029 453 ARGUMENTUM
1058 413 1365 454 ORATIONIS
1396 415 1617 455 CONTRA

809 475 1199 515 TIMOCRATEM.

323 587 511 620 Dronouus
526 590 618 620 etiarn
641 591 689 622 hic
704 598 876 630 accusator,
897 594 1071 626 criminatur
1085 597 1184 636 legem
1203 597 1291 627 valde
1307 598 1465 627 humanam
1479 609 1487 636 3
1510 601 1694 637 quapropter
1711 607 1728 626 a

281 645 373 692 causa
392 643 423 668 et
439 640 568 671 consilio
586 643 746 682 scriptoris
763 655 828 674 eam
845 646 1017 676 convellere
1033 653 1170 677 conatur.
1202 648 1257 677 Est
1281 653 1379 679 autem
1396 649 1449 678 lex
1472 649 1656 679 Timocratis
1672 648 1727 677 hu-

274 689 435 728 jusmodi:
474 692 508 722 si
536 692 631 731 quis
655 695 796 725 Atheni
811 697 964 727 ensium
997 698 1046 727 ob
1076 698 1260 728 debitum
1291 699 1513 738 publicum
1545 699 1728 729 vinculis

280 738 504 771 damnatus
535 748 612 778 est,
642 749 708 774 aut
739 745 939 785 deinceps
965 748 1234 786 damnabitur,
1258 750 1294 779 ei
1328 750 1412 780 sive
1440 750 1539 789 ipsi.
1568 751 1655 779 sive
1676 749 1729 778 al-

280 791 357 819 teri
389 793 481 829 ejus
509 793 678 830 nomine,
705 795 824 825 datis
853 798 1030 828 vadibus
1052 810 1070 829 a
1099 801 1257 840 populo
1288 801 1588 841 comprobatis,
1614 811 1658 830 se
1680 801 1727 830 ad

280 845 439 870 certum
455 846 635 882 ‘tempus
673 846 866 876 mulctam
904 848 1008 878 bona
1047 849 1124 878 fide
1161 850 1398 880 soluturum
1441 851 1691 890 promittent
1706 852 1732 886 i,

277 890 417 922 liceat
442 892 629 925 vinculis
653 896 846 928 liberari:
873 897 938 928 sin
969 899 1013 928 ad
1037 900 1188 930 dictam
1216 900 1254 929 di
1269 911 1285 930 e
1300 912 1328 930 m
1352 901 1530 930 debitum
1558 901 1727 931 solutum

279 951 349 970 non
375 942 508 980 fuerit,
532 949 569 974 et
593 945 629 975 is
656 947 724 986 qui
750 957 821 986 per
845 958 1075 987 sponsores
1098 950 1307 980 liberatus
1331 952 1477 980 fuerat
1498 951 1534 980 in
1561 951 1729 981 vincula

279 1002 296 1021 c
309 992 557 1033 onjiciatur,
589 1001 628 1026 et
658 997 754 1027 bona
781 1009 798 1027 v
811 998 943 1028 adium
975 999 1262 1038 publicentur.
1303 1000 1392 1030 Hanc
1419 1000 1520 1038 legem
1551 1000 1728 1030 criminatur

279 1048 450 1081 accusator,
466 1056 525 1076 non
549 1057 590 1076 ex
605 1057 663 1077 usu
677 1048 866 1087 reipublicae,
883 1049 936 1079 sed
961 1060 1020 1089 pro
1039 1051 1243 1088 Androtione,
1264 1056 1294 1081 et
1317 1051 1480 1085 Glauce-ta,
1507 1055 1539 1080 et
1562 1050 1729 1090 Melanopo

277 1103 348 1123 esse
365 1095 520 1134 scriptam.
553 1097 597 1127 Hi
619 1098 699 1129 enim
714 1100 809 1138 legati
825 1099 855 1129 in
872 1100 993 1130 Cariam
1010 1101 1108 1137 missi,
1123 1111 1191 1131 cum
1209 1102 1240 1131 in
1264 1101 1380 1131 triremi
1402 1101 1581 1140 navigantes
1597 1101 1626 1130 in
1643 1102 1728 1131 Nau-

277 1144 401 1175 cratitas
417 1147 576 1185 quosdam,
588 1148 723 1179 homines
738 1155 935 1187 mercatores,
951 1151 1141 1188 incidissent,
1157 1151 1303 1191 pecunias
1320 1151 1364 1181 eis
1379 1153 1566 1190 eripuerunt.
1591 1152 1729 1182 Naucra-

278 1194 342 1223 titae
354 1195 487 1226 Athenas
502 1199 646 1236 profecti,
662 1200 778 1239 populo
796 1201 989 1240 supplicant:
1013 1202 1147 1240 populus
1162 1203 1310 1238 decernit,
1325 1213 1390 1231 eam
1408 1202 1567 1241 pecuniam
1585 1201 1729 1232 hostilem

277 1255 358 1281 esse,
374 1256 430 1276 nec
445 1249 533 1278 reddi
549 1251 768 1280 mercatoribus
784 1257 937 1290 oportere.
958 1252 1018 1281 His
1032 1252 1074 1282 ita
1087 1252 1187 1288 factis,
1205 1252 1374 1282 Archebius
1390 1258 1420 1282 et
1436 1252 1626 1290 Lysithides‚
1639 1252 1730 1282 trier-

277 1297 359 1327 archi
388 1304 418 1328 et
434 1299 548 1330 domini
564 1301 630 1341 ejus
647 1303 734 1332 navis
759 1313 818 1342 qua
838 1303 990 1333 Androtio
1018 1314 1087 1333 cum
1113 1303 1241 1343 collegis
1267 1308 1373 1333 vectus
1399 1305 1509 1338 suerat,
1538 1304 1576 1332 de
1600 1305 1730 1343 pecunia

275 1349 482 1386 postulantur.
507 1351 605 1388 Quam
625 1363 691 1383 cum
709 1354 778 1383 illos
794 1364 851 1383 nou
865 1354 976 1383 habere
991 1359 1152 1389 constaret,
1166 1356 1220 1384 sed
1231 1355 1323 1393 legati
1337 1365 1370 1384 se
1386 1355 1498 1383 habere
1511 1354 1688 1390 faterentur,
1700 1359 1732 1385 et

276 1402 328 1427 aut
344 1400 441 1430 omnis
457 1402 585 1439 pecunia
602 1404 796 1440 numeranda,
812 1409 864 1433 aut
880 1405 998 1443 legibus
1014 1405 1110 1434 teneri
1127 1415 1252 1434 necesse
1269 1412 1362 1438 esset,
1382 1415 1450 1443 quae
1472 1405 1501 1433 in
1516 1405 1639 1433 aerarios
1659 1405 1729 1435 latae

275 1453 359 1485 sunt,
371 1456 544 1489 propterea,
558 1453 667 1492 iuquit,
682 1454 873 1484 Timocrates
887 1455 984 1494 legem
999 1455 1074 1484 hanc
1090 1456 1128 1485 ad
1140 1455 1208 1484 illos
1218 1455 1421 1484 sublevandos
1435 1455 1513 1485 tulit.
1546 1455 1730 1495 Respondet

274 1498 478 1537 Timocrates,
493 1504 709 1534 Androtionem
725 1509 756 1534 et
773 1505 907 1544 collegas
924 1505 1054 1534 solvisse
1070 1505 1241 1543 pecuniam,
1255 1510 1345 1544 atque
1366 1505 1436 1534 inde
1457 1511 1608 1540 constare,
1624 1515 1681 1534 non
1697 1506 1728 1535 in

274 1547 396 1579 illorum
413 1552 539 1589 gratiam
555 1553 654 1592 legem
669 1554 744 1583 hanc
760 1564 828 1583 esse
840 1558 987 1593 rogatam.
1015 1555 1077 1583 Sed
1092 1555 1247 1584 Diodorus
1259 1555 1348 1584 etiam
1366 1555 1449 1584 aliud
1465 1554 1494 1583 in
1512 1554 1580 1593 tege
1596 1560 1731 1586 accusat.

276 1600 355 1629 Nam
371 1606 402 1630 et
414 1602 504 1632 latam
519 1614 584 1633 esse
602 1610 706 1636 contra
720 1605 816 1644 leges,
831 1610 861 1636 et
877 1605 1009 1645 antiquis
1021 1606 1177 1637 adversari
1193 1606 1312 1645 legibus
1326 1606 1379 1643 ait,
1394 1611 1424 1637 et
1439 1606 1643 1646 perniciosam
1661 1617 1729 1637 esso

275 1650 454 1691 reipublicae
471 1655 616 1685 ostendit.

895 1785 1109 1823 ALITER.

319 1877 397 1914 Quo
418 1881 555 1918 tempore
568 1880 682 1909 bellum
699 1884 762 1910 erat
779 1880 857 1910 inter
871 1881 1070 1910 Athenienses
1085 1884 1114 1909 et
1130 1889 1231 1918 regem
1249 1880 1424 1915 Persarum,
1440 1879 1596 1909 decretum
1614 1880 1726 1910 sactum

276 1933 334 1964 est,
348 1934 380 1958 ut
394 1929 524 1958 hostium
540 1940 634 1960 naves
650 1931 760 1970 praedae
776 1936 889 1966 essent,
905 1936 935 1961 et
958 1931 1175 1960 aestimationes
1191 1929 1335 1959 furtorum
1355 1930 1484 1969 publicae
1507 1928 1619 1959 fierent.
1649 1932 1727 1960 Cum

276 1984 379 2008 autem
395 1979 552 2009 Mausolus
569 1980 666 2009 Cariae
683 1986 816 2020 satrapes
831 1981 957 2011 ultiores
974 1980 1088 2009 insulas
1104 1984 1244 2013 vexaret,
1267 1984 1298 2008 et
1312 1980 1332 2008 ii
1350 1980 1401 2018 qui
1418 1980 1615 2015 laedebantur,
1632 1980 1727 2018 quiri-

275 2033 422 2065 tarentur,
432 2035 462 2058 et
475 2030 701 2060 Atheniensium
715 2041 803 2070 opem
814 2031 1022 2069 implorarent,
1036 2030 1132 2059 visum
1147 2035 1192 2058 est
1204 2029 1323 2058 interim
1339 2030 1408 2059 dum
1427 2029 1540 2059 bellum
1555 2032 1729 2068 parabatur,

275 2090 332 2119 per
348 2080 465 2117 legatos
480 2079 586 2110 Carem
604 2091 671 2110 esse
688 2081 898 2114 incusandum.
938 2082 1045 2119 ltaque
1071 2080 1193 2108 mittunt
1217 2080 1445 2115 Androtionem‚
1470 2080 1679 2118 Melanopum,
1696 2084 1728 2108 et

276 2131 453 2160 Glauc'etam
470 2131 506 2159 ud
523 2131 691 2170 principem
704 2132 890 2167 Mausolum,
908 2131 1080 2160 Artemisia:
1101 2130 1239 2159 maritum
1257 2135 1286 2158 et
1302 2130 1438 2166 fratrem,
1453 2135 1673 2169 conquesturos
1690 2130 1730 2159 de

276 2181 442 2211 insularum
458 2181 588 2219 injuriis,
608 2183 689 2220 quod
707 2183 732 2211 is
749 2183 776 2211 in
794 2183 873 2221 regis
892 2182 1055 2210 Persarum
1079 2180 1205 2220 gratiam
1223 2180 1341 2210 Graecis
1356 2180 1559 2210 malefaceret.
1585 2180 1641 2214 Hi,
1658 2190 1726 2209 cum

275 2232 305 2261 in
318 2243 423 2261 navem
442 2233 691 2268 Naucratiticam,
705 2233 862 2272 AEgyptiis
878 2232 1030 2261 mercibus
1047 2237 1210 2266 oneratam,
1226 2231 1612 2266 incidissent‚—vehebant
1626 2235 1726 2260 autern

275 2283 394 2321 legatos
410 2282 579 2312 Arcti-chius
604 2289 635 2312 et
657 2283 837 2322 Lysithides
853 2282 1066 2316 trierarchi—,
1088 2292 1197 2311 navem
1222 2281 1420 2320 interceptam
1446 2281 1475 2310 in
1503 2281 1653 2310 Piraeeum
1675 2290 1730 2319 ap-

276 2333 403 2373 pellunt.
428 2333 567 2372 AEgyptii
585 2334 641 2364 etsi
660 2336 752 2363 verba
769 2334 882 2363 faciunt
898 2334 978 2372 apud
995 2333 1156 2372 populum,
1171 2337 1201 2362 et
1217 2333 1401 2371 supplicant,
1415 2331 1609 2361 nihilominus
1625 2336 1726 2360 tamen

276 2385 462 2419 decernitur,
479 2395 528 2414 res
544 2385 610 2414 illas
628 2395 696 2415 esse
713 2386 861 2424 publicas,
878 2385 958 2423 quod
975 2384 1116 2423 AEgyptii
1133 2384 1234 2413 hostes
1249 2389 1362 2414 essent.
1385 2383 1516 2412 Jubente
1529 2387 1627 2410 autem
1645 2381 1728 2421 lege,

275 2434 312 2464 ut
328 2436 378 2473 qui
396 2435 518 2473 publiea
535 2436 661 2474 pecunia
682 2446 737 2474 per
753 2436 900 2474 integrum
917 2445 1024 2464 annum
1042 2445 1115 2463 usus
1138 2439 1230 2468 esset,
1251 2434 1376 2463 eandem
1402 2433 1523 2470 duplam
1542 2432 1728 2467 restitueret,

276 2485 370 2524 legati
387 2485 450 2520 isti,
477 2487 556 2524 quod
582 2496 689 2516 novem
706 2486 830 2521 talenta,
846 2491 876 2514 et
892 2486 1015 2523 triginta
1031 2484 1136 2519 minas,
1151 2483 1318 2513 divenditis
1339 2493 1377 2512 ex
1396 2492 1471 2511 nare
1493 2483 1546 2511 itta
1562 2482 1728 2518 mercibus,

277 2538 429 2570 redactas,
446 2537 650 2569 retinuissent.
667 2537 792 2566 obnoxii
817 2537 924 2566 aerario
940 2536 1034 2574 duplo
1051 2535 1252 2573 persolvendo
1268 2534 1350 2563 liunt.
1378 2534 1479 2569 Quum
1505 2538 1603 2563 autem
1621 2543 1730 2572 respu-

279 2587 358 2616 blica
372 2586 510 2625 pecuniae
534 2587 634 2625 inopia
659 2587 821 2621 laboraret,
843 2586 1024 2624 Aristoplio,
1040 2596 1116 2614 unus
1134 2596 1149 2614 e
1167 2584 1408 2623 magistratibus,
1424 2584 1579 2612 decretum
1598 2583 1679 2619 facit,
1696 2587 1730 2612 ut

276 2637 472 2677 inquisitores
487 2637 658 2675 deliguntur
674 2649 776 2668 eorum
793 2639 843 2676 qui
861 2639 966 2667 aernrio
983 2637 1124 2671 debeant,
1147 2641 1175 2664 et
1192 2636 1286 2664 latere
1304 2636 1456 2669 studeant,
1473 2638 1565 2673 utque
1588 2634 1658 2663 illos
1673 2634 1727 2663 de-

276 2689 382 2718 ferant.
406 2688 525 2718 Iudicat
539 2689 696 2724 Euctcmo,
712 2689 764 2727 qui
781 2690 894 2717 dudum
912 2698 980 2717 cum
998 2686 1183 2716 Androtione
1202 2685 1348 2724 litigaret,
1367 2695 1444 2714 nunc
1458 2695 1527 2714 cum
1543 2684 1728 2720 Timocrate,

275 2741 388 2770 habere
402 2740 586 2770 Archebium
601 2745 630 2769 et
644 2740 831 2779 Lysithidem
845 2750 885 2769 ex
901 2739 1047 2778 AEgyptia
1063 2748 1138 2766 nave
1156 2737 1303 2772 oneraria,
1321 2736 1431 2766 talenta
1449 2745 1568 2771 novem,
1585 2740 1615 2765 et
1629 2735 1727 2764 minas

275 2791 407 2825 trifime.
436 2790 567 2829 Scripsit
582 2796 680 2820 autem
698 2790 755 2825 sie,
771 2800 808 2819 eo
824 2791 903 2828 quod
929 2793 1034 2828 aperto
1051 2793 1147 2817 marte
1169 2799 1236 2817 cum
1254 2788 1441 2817 Androtione
1458 2786 1621 2825 confligere
1638 2794 1726 2814 vere-

276 2843 347 2871 batur
370 2865 373 2873 .
394 2846 418 2869 ti
443 2841 676 2871 trierarchorum
692 2842 770 2870 facta
789 2840 951 2875 mentione,
969 2838 1165 2868 nihilominus
1189 2839 1286 2868 eidem
1311 2837 1521 2867 insidiabatur.
1557 2835 1605 2865 Re
1624 2835 1725 2865 disce-

277 2897 362 2930 ptata
378 2891 454 2921 inter
470 2892 586 2931 legatos
603 2896 633 2922 ct
655 2891 849 2925 trierarchos,
865 2890 958 2929 legati
977 2889 1050 2919 victi
1074 2889 1233 2929 pecuniam
1250 2889 1370 2918 solvere
1385 2889 1540 2927 jubentur.
1572 2885 1631 2914 Sed
1653 2885 1725 2924 quia

277 2942 345 2982 lege
361 2942 507 2972 sancitum
529 2947 605 2980 erut,
621 2943 673 2982 qui
691 2942 824 2974 secundo
844 2949 920 2971 anuo
944 2941 1082 2977 deberet,
1107 2944 1138 2970 ut
1155 2940 1185 2970 in
1212 2939 1342 2970 vinculis
1362 2939 1536 2973 baberetur,
1552 2936 1648 2966 donec
1664 2935 1725 2964 sol-
