1923 3149
279 176 354 213 360
667 174 892 211 CONTRA
931 174 1356 213 ANDROTIONEM.

279 278 375 315 inter
394 276 611 314 convicium
639 283 755 326 atque
775 277 932 324 crimen,
953 284 990 314 et
1017 277 1295 328 probationem.
1355 275 1511 313 Crimen
1537 277 1637 313 enim
1658 283 1730 321 est,

275 339 306 375 si
326 338 409 388 quis
429 338 543 375 nudis
559 337 684 375 verbis
706 351 797 376 usus
814 338 975 376 orationi
998 352 1078 376 suae
1093 338 1208 376 nullis
1229 338 1462 389 argumentis
1482 337 1595 375 fidem
1614 338 1726 376 facit:

276 399 463 450 probatio,
480 399 511 436 si
525 412 610 449 quae
631 399 738 446 dicit,
757 413 804 437 ea
822 401 936 437 ctiam
956 413 1045 437 vcra
1068 412 1154 438 esse
1181 398 1364 437 ostendit.
1423 398 1596 436 Necesse
1616 399 1730 449 igitur

277 468 337 498 est
352 473 417 498 eos
438 460 504 510 qui
523 461 698 510 probant,
714 460 950 510 argumentis
967 461 1046 505 niti,
1067 473 1134 509 per
1149 473 1234 509 quae
1254 459 1307 497 rei
1323 460 1522 497 veritatem
1535 460 1641 498 vobis
1661 460 1730 497 de-

275 522 437 565 clarent,
458 527 524 558 aut
543 521 785 569 conjecturas
807 519 954 564 afferre,
976 526 1043 556 aut
1060 520 1276 570 producere
1295 526 1432 558 testes.
1478 520 1614 570 Neque
1627 520 1728 557 enim

275 584 313 620 in
331 582 562 633 quibusdam
582 581 662 619 fieri
683 581 811 618 causis
831 586 969 630 potest,
997 588 1040 618 ut
1066 582 1103 617 in
1135 594 1215 618 rem
1243 587 1475 632 praesentem
1508 581 1729 625 ducamini;

276 644 345 681 sed
367 643 399 681 si
418 643 503 693 quis
519 643 600 693 ejus
623 641 776 692 generis
795 640 942 690 aliquid
962 642 1185 687 ostenderit,
1203 655 1354 693 semper
1378 655 1445 679 vos
1461 642 1605 693 justam
1630 642 1727 680 veri-

275 705 364 742 tatis
382 704 526 741 habere
545 703 906 754 probationemjure
920 702 1086 741 creditis.
1144 703 1225 740 Nos
1246 704 1360 754 igitur
1374 716 1448 741 non
1465 702 1728 753 probabilibus

274 766 412 809 verbis,
433 772 499 802 aut
518 764 767 814 argumentiS‚
788 763 857 800 sed
876 776 899 800 a
917 776 992 814 quo
1011 764 1176 801 maxime
1194 777 1320 814 poenae
1338 765 1465 815 expeti
1484 771 1660 814 possunt,
1681 776 1728 802 eo

275 826 525 870 ostendimus,
546 825 745 874 virumque
766 823 1007 869 adducimus,
1029 825 1094 874 qui
1113 825 1295 863 tabellam
1320 825 1432 863 nobis
1452 825 1634 871 exhibuit,
1654 838 1730 876 qua

275 889 385 926 istius
413 893 594 924 anteacta
614 885 690 923 vita
709 885 948 923 continetur:
978 885 1043 935 qui
1063 898 1133 922 suo
1152 885 1322 936 periculo
1341 885 1602 923 testimonium
1623 885 1728 923 dicit.

275 950 409 999 Itaque
428 948 459 986 si
477 948 562 985 haec
583 947 798 984 convicium
830 952 868 984 et
898 946 1041 983 crimen
1067 959 1152 984 esse
1185 946 1336 992 dixerit,
1363 959 1431 984 vos
1464 946 1730 997 probationem

273 1023 359 1047 esse
378 1009 575 1060 putabitis,
595 1022 682 1058 quae
701 1021 791 1047 vero
803 1009 874 1046 iste
889 1009 992 1054 facit,
1008 1008 1224 1046 convicium
1243 1015 1283 1047 et
1299 1007 1465 1046 crimen:
1497 1021 1585 1046 cum
1598 1015 1727 1046 autem

273 1072 323 1109 ad
344 1071 512 1109 sexviros
532 1083 611 1108 rem
631 1070 749 1107 fuisse
769 1069 1019 1108 deferendam
1041 1069 1146 1115 dicit,
1169 1069 1222 1108 sic
1243 1069 1523 1116 existimabitis,
1543 1082 1614 1107 nos
1633 1075 1671 1107 et
1688 1069 1727 1106 id

274 1133 455 1178 facturos,
482 1138 521 1169 et
548 1144 650 1168 nunc
676 1131 751 1168 hac
770 1130 818 1168 de
846 1130 932 1181 lege
951 1130 1223 1169 convenienter
1241 1131 1359 1181 loqui.
1395 1130 1496 1169 Nam
1519 1131 1550 1169 si
1575 1137 1614 1168 te
1634 1129 1730 1168 alte-

273 1196 348 1233 rius
367 1193 533 1233 criminis
562 1206 668 1231 reum
697 1193 771 1231 hoc
802 1193 957 1230 nomine
990 1205 1274 1238 accusaremus,
1295 1206 1415 1230 causa
1438 1193 1508 1230 tibi
1536 1200 1641 1231 esset
1659 1205 1728 1230 cur

269 1269 372 1306 aegre
386 1256 529 1293 ferres:
561 1254 631 1292 sed
657 1255 695 1291 in
722 1254 797 1291 hoc
820 1253 970 1304 judicio
1004 1253 1053 1290 de
1085 1253 1292 1291 violatione
1311 1253 1442 1304 legum
1462 1254 1602 1304 agitur,
1616 1254 1725 1304 leges

273 1324 401 1354 autem
421 1317 503 1354 istis
519 1316 686 1353 moribus
701 1313 884 1365 praeditos
905 1327 976 1351 nec
990 1313 1161 1364 legitima
1180 1313 1387 1352 decernere
1408 1314 1622 1365 patiuntur,
1637 1326 1727 1352 nos-

273 1392 347 1429 que
367 1377 606 1416 ostendimus
632 1377 748 1414 istum
768 1388 845 1413 non
866 1374 1011 1412 dixisse
1031 1380 1182 1412 tantum
1202 1381 1338 1412 contra
1354 1374 1476 1425 legeS,
1498 1375 1567 1412 sed
1587 1374 1727 1412 vixisse

273 1441 389 1478 etiam
404 1440 511 1477 aliter
530 1451 645 1488 quam
661 1438 769 1488 leges
785 1436 938 1475 sinunt:
960 1449 1054 1474 eane
1075 1435 1122 1473 de
1143 1435 1228 1487 lege
1243 1435 1337 1473 nihil
1353 1435 1511 1483 dicetur,
1530 1448 1598 1487 per
1611 1447 1726 1486 quam

275 1502 357 1540 haec
377 1499 615 1552 probantur?

327 1565 364 1602 8.
397 1562 498 1600 Illud
517 1562 632 1600 etiam
660 1561 975 1612 cognoscendum
996 1562 1104 1599 vobis
1123 1568 1194 1607 est,
1227 1561 1410 1600 Solonem
1440 1561 1576 1599 harum
1600 1561 1730 1612 legum

270 1631 485 1671 auctorem,
506 1630 545 1661 et
563 1623 723 1661 aliarum
742 1623 820 1661 fere
840 1622 1025 1669 omnium,
1044 1622 1162 1673 longe
1185 1621 1302 1660 aliurn
1327 1635 1442 1672 quarn
1460 1621 1534 1659 iste
1550 1621 1599 1659 sit
1611 1621 1729 1672 legis-

273 1686 449 1733 latorem,
468 1698 547 1724 non
565 1697 644 1722 uno
670 1684 785 1722 modo
806 1684 994 1722 scelerum
1013 1696 1150 1734 poenas
1177 1683 1221 1721 iis
1243 1683 1309 1734 qui
1330 1683 1464 1722 volunt
1492 1682 1730 1734 expetendas

271 1747 489 1798 permisisse
509 1759 529 1784 e
548 1745 788 1792 facinorosis,
809 1745 878 1782 sed
907 1743 1168 1782 multifariam.
1225 1744 1348 1783 Norat
1375 1746 1408 1783 is
1438 1743 1630 1792 nimirum,
1649 1755 1728 1782 non

273 1821 389 1859 posse
403 1808 497 1854 fieri,
517 1814 562 1845 ut
577 1820 710 1846 ornnes
729 1807 831 1845 cives
851 1819 900 1844 ex
920 1818 1032 1856 aequo
1046 1812 1177 1844 essent
1194 1813 1261 1844 aut
1279 1805 1519 1857 eloquentes,
1539 1811 1607 1843 aut
1634 1817 1726 1843 con·

274 1870 534 1916 fidentes,aut
551 1868 752 1907 moderati.
809 1867 926 1911 Quod
956 1867 987 1905 si
1019 1867 1073 1904 ita
1105 1867 1298 1905 sanxisset
1322 1867 1430 1917 leges
1450 1873 1493 1903 ut
1522 1865 1728 1904 moderatis

275 1932 489 1982 sumpsisse
507 1943 643 1982 poenas
663 1928 755 1967 satis
770 1935 887 1974 esset,
907 1927 1051 1965 multos
1072 1927 1226 1978 impune
1245 1927 1326 1965 fore
1340 1927 1535 1978 improbos
1555 1926 1728 1965 censuit:

276 1993 307 2030 si
328 2005 417 2030 vero
432 1998 475 2029 ut
492 1991 776 2030 confidentibus
794 1997 834 2027 et
848 1988 1133 2040 eloquentibus,
1153 1988 1324 2026 futurum
1353 1995 1397 2025 ut
1414 1987 1590 2025 homines
1611 1987 1730 2039 impe-

276 2053 336 2090 riti
354 2059 392 2090 et
407 2052 520 2090 rudes
539 2064 617 2089 non
636 2056 795 2102 possent
813 2049 950 2087 eodem
977 2061 1055 2099 quo
1077 2048 1130 2085 illi
1160 2048 1275 2086 modo
1294 2061 1429 2099 poenas
1446 2060 1609 2086 sumere.
1666 2047 1734 2084 AE-

276 2127 395 2165 quum
411 2120 540 2150 autem
560 2125 647 2149 esse
667 2110 832 2157 censuit,
853 2123 901 2148 ne
920 2109 997 2157 cui,
1017 2122 1086 2160 pro
1121 2122 1191 2147 sua
1219 2109 1406 2160 cujusque
1433 2108 1631 2154 facultate,
1652 2108 1731 2146 exi-

276 2175 415 2226 gendae
436 2186 558 2225 poenae
574 2172 637 2223 jus
657 2178 874 2222 negaretur.
926 2170 972 2208 Id
998 2178 1127 2209 autem
1157 2171 1238 2208 fieri
1266 2170 1331 2221 qui
1351 2169 1502 2221 potuit?
1531 2170 1572 2208 Si
1591 2169 1730 2208 multas

276 2236 357 2274 vias
377 2247 443 2286 per
463 2235 568 2285 leges
589 2232 752 2270 muniret
771 2231 821 2269 ad
841 2232 1077 2270 facinorosos
1097 2231 1350 2270 invadendos.
1407 2231 1540 2269 Veluti
1554 2232 1592 2268 in
1605 2231 1729 2268 furto:

276 2298 406 2334 firmus
438 2310 494 2342 es,
513 2302 552 2333 et
578 2295 700 2345 teipso
728 2292 876 2330 fretus?
914 2291 1057 2330 Abduc
1077 2291 1116 2328 in
1139 2304 1346 2330 carcerem.
1405 2291 1483 2329 Sed
1511 2290 1615 2329 mille
1642 2290 1731 2329 dra-

279 2357 399 2395 chmis
415 2355 653 2408 periclitaris.
685 2353 872 2391 Infirmior
892 2352 961 2391 es?
992 2352 1232 2390 Novemviris
1252 2352 1404 2390 indica:
1426 2351 1478 2388 illi
1497 2351 1654 2390 facient.
1685 2352 1731 2390 Id

277 2432 430 2469 quoque
445 2416 658 2455 formidas?
715 2416 881 2453 Accusa.
939 2413 1032 2452 Non
1052 2414 1119 2451 tibi
1146 2414 1248 2458 fidis,
1270 2420 1308 2451 et
1337 2413 1539 2464 pauperior
1557 2426 1597 2451 es
1613 2426 1731 2464 quam

276 2480 340 2531 qui
360 2479 461 2516 mille
476 2477 677 2515 drachmas
699 2475 853 2514 solvas?
909 2475 1015 2512 Furti
1031 2487 1103 2525 age
1122 2474 1225 2525 apud
1247 2474 1441 2516 arbitrum,
1456 2481 1494 2512 et
1512 2481 1620 2512 extra
1634 2476 1731 2526 peri-

276 2541 407 2579 culum
422 2539 509 2578 cris.
568 2539 755 2575 Neutrum
770 2536 904 2574 horum
924 2535 1078 2587 placet?
1108 2535 1273 2573 Accusa.
1319 2534 1444 2572 Etiam
1464 2535 1538 2573 hoc
1557 2535 1730 2574 reformi-

278 2601 375 2640 das?
416 2600 547 2638 Defer.
605 2599 706 2636 Haec
726 2597 855 2636 omnia
875 2597 1026 2635 diversa
1046 2603 1147 2634 sunt.
1205 2595 1351 2633 Eodem
1369 2595 1485 2634 modo
1499 2602 1538 2633 et
1556 2595 1595 2632 in
1615 2609 1731 2636 causa

275 2663 426 2700 violatae
447 2659 654 2711 religionis,
670 2659 759 2696 licet
773 2658 966 2696 abducere
986 2658 1022 2694 in
1037 2669 1243 2702 carcerem,
1260 2669 1442 2695 accusare
1457 2656 1622 2707 publice,
1637 2669 1728 2695 cau-

277 2738 358 2762 sam
380 2724 482 2774 apud
502 2721 754 2772 Eumolpidas
774 2734 900 2770 agere,
920 2731 1131 2770 proponere
1152 2718 1254 2769 apud
1275 2731 1417 2769 regem.
1449 2717 1594 2756 Eodem
1613 2718 1729 2757 modo

278 2788 315 2822 in
338 2785 475 2823 ceteris
499 2783 576 2820 fere
598 2781 799 2819 universis.
861 2780 1002 2830 Siquis
1023 2780 1137 2830 igitur
1157 2793 1197 2817 se
1217 2779 1435 2817 maleficum
1455 2791 1539 2817 esse
1559 2790 1636 2816 non
1657 2778 1729 2816 dif-

278 2846 443 2890 fiteatur,
473 2851 540 2882 aut
569 2843 740 2894 impium,
768 2848 835 2879 aut
863 2842 1126 2892 cujuscunque
1147 2840 1313 2879 oriminis
1340 2840 1387 2878 de
1417 2852 1492 2890 quo
1525 2847 1729 2878 accusetur

277 2912 439 2952 sontem,
459 2905 527 2943 sed
542 2911 742 2956 propterea
762 2916 802 2942 se
823 2902 967 2943 absolvi
982 2902 1164 2954 postulet,
1184 2902 1303 2953 quod,
1318 2903 1348 2939 si
1369 2900 1523 2955 quidem
1542 2899 1579 2940 in
1598 2913 1727 2939 carce-
