1923 3149
481 205 553 242 DE
583 204 742 244 MALE
774 202 954 246 GEsTA
984 201 1323 240 LEGATIONE.
1553 200 1628 236 267

175 306 450 358 perdidissent,
472 322 575 346 nunc
602 309 682 359 jam
713 308 828 346 etiam
855 306 1071 345 libertatem
1096 307 1150 343 eis
1183 305 1359 355 eripiunt.
1418 303 1518 341 Nam
1539 315 1633 352 quo·

173 368 335 406 tundam
363 382 409 406 ex
436 370 489 407 eis
516 383 622 407 arces
643 369 882 407 Macedones
902 366 1092 418 praesidiis
1114 373 1317 416 occupant.
1377 366 1420 402 In
1441 363 1634 414 Pelopon—

174 443 310 467 nesum
332 438 457 468 autem
476 432 661 481 ingressa,
683 431 809 468 caedes
827 430 910 467 illas
932 428 1043 465 Elide
1063 428 1284 472 concitavit,
1307 434 1345 464 et
1365 440 1412 464 ea
1431 427 1634 477 iniquitate

173 497 212 526 et
230 491 380 528 insania
402 493 559 529 miseros
587 492 672 529 illos
693 490 876 541 implevit,
898 496 1052 544 ut,·quo
1072 488 1136 525 alii
1157 488 1240 525 aliis
1263 488 1464 538 imperent,
1485 494 1524 525 et
1543 487 1634 524 Phi-

173 550 276 602 lippo
296 553 573 602 gratificentur,
588 559 842 602 cognatorum
864 563 1017 588 suorum
1040 557 1079 587 et
1094 550 1232 587 civium
1252 549 1361 587 caede
1382 562 1423 585 se
1445 549 1634 598 polluant.

175 613 236 650 Ac
257 626 303 651 ne
320 613 381 650 hic
397 613 550 664 quidem
571 626 631 650 res
652 612 770 658 stetit,
793 612 862 650 sed
883 611 1090 649 Arcadiam
1109 611 1297 661 ingressa,
1315 610 1444 647 omnia
1457 609 1534 646 illic
1553 622 1636 646 sur-

174 686 260 710 sum
288 674 545 723 deorsumque
564 674 689 711 vertit.
748 673 797 710 Et
816 686 919 711 nunc
940 672 1137 710 Arcadum
1158 672 1282 716 multi,
1307 684 1396 709 cum
1426 683 1492 707 eos
1526 669 1636 707 liber-

172 740 292 771 tatem
311 734 436 771 facere
457 734 609 771 maximi
631 741 819 784 oporteat,
848 747 959 784 aeque
979 741 1021 771 ut
1043 731 1255 779 voss—soli
1275 732 1376 770 enim
1396 744 1466 769 vos
1489 744 1536 769 ex
1557 743 1637 768 om-

172 794 301 840 nibus,
321 802 360 832 et
377 794 444 841 illi,
468 795 687 845 aborigines
708 794 870 841 estis—‚
892 795 1111 846 Philippum
1132 794 1384 838 admirantur,
1405 800 1444 830 et
1461 805 1583 830 aereas
1604 792 1638 829 ei

171 861 320 893 statuas
339 855 502 905 erigunt,
519 862 559 893 et
578 868 739 893 coronas
756 856 985 901 decernunt,
1007 856 1190 906 denique,
1213 856 1244 892 si
1265 855 1304 891 in
1326 854 1639 905 Peloponnesum

171 915 270 961 ierit,
291 929 378 954 eum
397 917 548 967 oppidis
564 917 732 967 recipere
749 917 1015 954 decreverunt.
1067 916 1214 954 Eadem
1234 922 1273 953 et
1293 916 1521 965 Argivorum
1544 914 1638 952 ratio

173 984 243 1015 est.
280 978 377 1015 Haec
399 978 548 1016 medius
569 978 698 1024 fidius,
714 978 745 1016 si
766 979 864 1016 serio
884 978 1082 1028 agendum
1101 985 1172 1023 est,
1193 990 1268 1015 non
1289 989 1448 1028 parvam
1469 976 1638 1027 pruden-

172 1038 266 1076 tiam
284 1039 507 1090 postulant;
539 1040 682 1090 passim
710 1039 810 1076 enim
831 1045 1043 1090 pervagata
1064 1039 1145 1076 lues
1165 1037 1365 1081 illaetiam
1385 1038 1460 1074 huc
1481 1036 1637 1082 introiit,

171 1100 441 1139 Athenienses.
474 1102 578 1138 Dum
594 1101 766 1152 igitur·in
788 1108 872 1139 tuto
893 1097 1166 1147 estis‚vcavet'e,
1188 1107 1227 1138 et
1246 1113 1311 1138 eos
1326 1101 1391 1151 qui
1410 1100 1512 1137 illam
1531 1099 1640 1150 primi

171 1162 482 1209 introduxerunt,
510 1162 637 1213 cogite
671 1163 708 1200 in
741 1162 935 1206 ordinem;
967 1162 1076 1212 quod
1097 1161 1128 1199 si
1148 1161 1411 1212 neglexeritis,
1430 1160 1570 1206 videte,
1587 1174 1639 1198 -ne

170 1230 253 1267 ‚tuin
269 1236 316 1261 ea
331 1237 418 1274 quae
447 1237 550 1262 nunc
570 1224 670 1270 dico,
690 1230 794 1261 recte
816 1223 920 1261 dicta
939 1237 1023 1262 esse
1043 1223 1260 1270 videantur,
1282 1236 1370 1261 cum
1401 1222 1549 1260 nullum
1580 1234 1638 1259 re·-

169 1298 258 1327 rum
278 1290 490 1323 vestrarum
511 1286 661 1323 initium
681 1286 892 1337 reperietis.

168 1377 177 1381 -
228 1348 293 1385 75.
323 1346 412 1384 Non
432 1347 601 1393 cernitis,
618 1347 886 1394 Athenienses,
902 1360 1018 1398 quam
1038 1347 1196 1386 evidens
1213 1355 1252 1385 et
1265 1347 1410 1385 illustre
1425 1346 1642 1397 exemplum

172 1408 224 1446 sit
241 1408 280 1446 in
304 1408 462 1446 miseros
489 1408 693 1460 Olynthios
713 1408 883 1447 editum?
912 1409 978 1460 qui
999 1409 1105 1447 nulla
1130 1409 1206 1448 alia
1224 1422 1263 1447 re
1288 1409 1411 1459 magis
1426 1421 1542 1458 quam
1561 1407 1640 1446 isti-

174 1469 327 1508 usmodi
357 1470 469 1508 factis
503 1470 710 1521 perierunt.
766 1470 888 1521 quue
911 1484 959 1509 ex
978 1483 1110 1508 eorum
1130 1470 1331 1510 eventibus
1352 1470 1535 1520 cognosci
1556 1482 1643 1520 per·-

174 1531 308 1582 spicue
323 1538 464 1582 potest.
495 1532 673 1575 Quicum
689 1532 994 1584 quadringentos
1012 1532 1202 1570 duntaxat
1216 1532 1364 1584 equites
1382 1532 1583 1577 haberent,
1604 1539 1644 1569 et

173 1592 340 1630 universi
359 1605 436 1629 non
454 1592 584 1643 plures
606 1606 766 1631 numero
780 1593 950 1644 quinque
963 1593 1123 1630 millium
1140 1600 1280 1638 essent,
1297 1600 1506 1643 antequam
1523 1593 1641 1630 Chal-

176 1652 352 1692 cidenses
379 1654 418 1692 in
438 1667 559 1691 unum
585 1654 715 1692 locum
736 1654 1020 1701 convenissent,
1041 1668 1063 1692 a
1084 1655 1388 1693 Lacedaemoniis
1420 1654 1529 1705 petiti
1560 1668 1641 1694 ma-

167 1715 262 1766 gnis
272 1722 309 1753 et
322 1716 564 1766 pedestribus
581 1722 620 1754 et
634 1717 835 1754 navalibus
852 1716 1168 1766 copiis,—nostis
1186 1717 1287 1753 enim
1303 1716 1378 1754 hoc
1393 1716 1499 1753 haud
1511 1715 1640 1762 dubie,

168 1785 276 1816 ,terra
294 1776 463 1826 marique
477 1783 520 1813 ut
539 1777 672 1826 paucis
685 1778 831 1824 dicam,
853 1778 926 1816 illis
947 1778 1183 1827 temporibus
1200 1778 1437 1828 imperitasse
1454 1778 1640 1817 Laeedae-

175 1837 394 1883 monios—-‚
410 1845 541 1874 tamen
561 1838 676 1874 tantis
692 1839 907 1889 oppugnati
927 1838 1060 1888 copiis,
1079 1851 1203 1888 neque
1219 1839 1353 1876 urbem
1371 1851 1496 1883 suam,
1513 1852 1639 1889 neque

163 1899 377 1937 .castellum
391 1898 513 1935 ullum
533 1898 756 1945 amiserunt,
776 1899 844 1936 sed
865 1905 903 1936 et
918 1899 1052 1949 praelia
1069 1899 1192 1937 multa
1211 1899 1400 1947 vicerunt,
1413 1908 1451 1938 et
1471 1907 1548 1939 tres
1569 1901 1640 1938 im-

164 1968 371 2013 :peratores
390 1960 628 2006 occiderunt,
651 1968 690 1998 et
707 1973 845 2012 pacem
862 1960 1029 2012 denique
1049 1974 1094 1998 ex
1117 1961 1233 1998 animi
1255 1961 1310 1999 sui
1334 1963 1527 2001 sententia
1538 1963 1639 2001 fece-

163 2030 276 2061 runt.
298 2024 556 2073 Posteaquam
577 2029 705 2060 autern
723 2023 880 2074 quidam
900 2030 1103 2074 acceptare
1122 2036 1282 2060 munera
1302 2031 1513 2075 coeperunt,
1534 2031 1573 2062 et
1588 2037 1638 2061 ex

163 2085 435 2136 simplicitate,
451 2098 494 2122 ac
510 2084 638 2135 potius
655 2084 889 2130 calamitate,
904 2084 990 2122 illos
1012 2085 1204 2123 fideliores
1216 2085 1446 2123 existimavit
1458 2086 1640 2137 populus,

168 2159 293 2198 >quam
323 2146 456 2197 patriae
486 2145 681 2183 studiosos
711 2153 751 2184 et
779 2146 1016 2192 defensores,
1052 2160 1140 2184 cum
1173 2146 1387 2192 Lasthenes
1417 2148 1521 2185 aedes
1550 2161 1639 2186 suas

161 2207 365 2249 contexit·
384 2207 499 2258 lignis
537 2206 640 2244 dono
672 2207 799 2245 allatis
825 2221 846 2246 e
877 2207 1128 2254 Macedonia,
1161 2215 1201 2245 et
1228 2207 1489 2259 Euthycrates
1518 2210 1638 2247 boves

175 2270 321 2308 multos
339 2269 446 2316 aluit,
475 2269 598 2320 pretio
619 2269 761 2306 nemini
781 2276 994 2315 numerato,
1017 2276 1056 2306 et
1077 2269 1330 2320 aliusaliquis
1359 2283 1450 2308 oves
1470 2269 1639 2317 advexit,

176 2331 274 2370 alius
290 2344 426 2382 equos,
446 2344 533 2368 cum
553 2331 734 2382 populus,
755 2331 793 2367 in
823 2330 934 2382 cujus
961 2331 1028 2368 illa
1047 2331 1223 2369 fraudem
1243 2332 1400 2377 fiebant,
1426 2344 1502 2368 non
1522 2334 1639 2371 modo

178 2405 256 2430 non
290 2392 529 2438 irasceretur,
567 2399 635 2429 aut
669 2392 709 2429 id
741 2404 861 2442 genus
887 2391 1084 2429 hominum
1110 2392 1274 2442 puniret,
1310 2392 1381 2430 sed
1410 2393 1639 2444 suspiceret,

175 2453 417 2506 praedicaret,
434 2460 693 2500 veneraretur,
713 2453 814 2491 viros
846 2460 1022 2505 putaret;
1065 2466 1154 2491 cum
1180 2453 1297 2503 igitur
1329 2467 1375 2492 ea
1404 2454 1458 2491 ita
1489 2468 1640 2493 cresce-

163 2522 276 2561 ¹rent,
293 2523 332 2552 et
344 2514 565 2564 largitiones
584 2514 880 2562 invalescerent,
901 2515 1075 2566 quamvis
1091 2515 1238 2568 equites
1257 2516 1359 2553 mille
1378 2515 1579 2561 haberent,
1603 2524 1642 2554 et

178 2577 308 2629 plures
337 2582 468 2614 essent
496 2589 537 2614 x.
566 2575 746 2624 millibus,
768 2583 809 2615 et
827 2590 915 2614 cum
941 2576 1110 2616 finitimis
1141 2576 1318 2614 omnibus
1339 2577 1524 2615 societate
1545 2590 1640 2615 con-

162 2638 312 2692 juncti,
338 2637 508 2692 quamvis
538 2650 607 2675 vos
638 2638 694 2675 eis
713 2638 840 2676 decies
867 2637 973 2676 mille
996 2637 1261 2685 conductitiis,
1289 2644 1328 2675 et
1354 2637 1570 2676 triremibus
1602 2647 1640 2674 L.

160 2713 291 2753 ‚opem
308 2699 504 2744 tulissetis,
523 2705 564 2736 et
577 2705 714 2750 quater
731 2699 835 2738 mille
850 2706 1039 2751 praeterea
1053 2699 1214 2746 civibus,
1234 2699 1328 2736 nihil
1348 2699 1485 2736 horum
1505 2698 1559 2736 eis
1580 2711 1640 2736 sa-

164 2762 251 2801 .luti
277 2774 364 2800 esse
390 2760 526 2811 potuit,
558 2760 627 2798 sed
653 2761 876 2812 priusquam
905 2760 997 2798 belli
1028 2773 1150 2811 annus
1177 2760 1309 2805 exiret,
1342 2759 1485 2810 oppida
1512 2759 1642 2797 omnia

163 2822 419 2865 ,Chalcidicae
440 2821 596 2859 ditionis
624 2822 835 2873 proditores
860 2822 1125 2874 perdiderunt,
1151 2835 1222 2860 nec
1254 2820 1455 2871 Phflippus
1483 2821 1565 2872 jam
1591 2822 1640 2859 ad

162 2891 319 2928 ‚nutum
338 2883 577 2935 proditorum
602 2890 744 2934 praesto
772 2896 860 2922 esse
890 2883 1030 2935 potuit,
1058 2896 1186 2934 neque
1212 2883 1335 2927 scivit,
1364 2881 1457 2931 quid
1476 2883 1641 2934 primum

164 2953 402 2998 ,occuparet‚
436 2951 476 2984 et
504 2944 737 2996 quingentos
766 2945 915 2995 equites
945 2946 993 2983 ab
1030 2944 1124 2996 ipsis
1155 2943 1317 2982 ducibus
1344 2942 1515 2994 proditos
1552 2957 1640 2983 cum
