<?xml version="1.0" encoding="UTF-8"?>
<!DOCTYPE html PUBLIC "-//W3C//DTD XHTML 1.0 Transitional//EN"
    "http://www.w3.org/TR/xhtml1/DTD/xhtml1-transitional.dtd">
<html xmlns="http://www.w3.org/1999/xhtml" xml:lang="en" lang="en">
 <head>
  <title>
</title>
<meta http-equiv="Content-Type" content="text/html;charset=utf-8" />
  <meta name='ocr-system' content='tesseract 3.04.00' />
  <meta name='ocr-capabilities' content='ocr_page ocr_carea ocr_par ocr_line ocrx_word'/>
</head>
<body>
  <div class='ocr_page' id='page_1' title='image "./oratoresatticie15dobs_0058.png"; bbox 0 0 1923 3149; ppageno 0'>
   <div class='ocr_carea' id='block_1_1' title="bbox 195 107 1173 159">
    <p class='ocr_par' dir='ltr' id='par_1_1' title="bbox 195 107 1173 159">
     <span class='ocr_line' id='line_1_1' title="bbox 195 107 1173 159; baseline 0.005 -16"><span class='ocrx_word' id='word_1_1' title='bbox 195 107 245 143; x_wconf 80' lang='lat'>44</span> <span class='ocrx_word' id='word_1_2' title='bbox 621 108 982 148; x_wconf 81' lang='lat' dir='ltr'><strong>OLYNTfflACA</strong></span> <span class='ocrx_word' id='word_1_3' title='bbox 1012 110 1072 148; x_wconf 89' lang='lat'>111</span> <span class='ocrx_word' id='word_1_4' title='bbox 1109 112 1173 159; x_wconf 86' lang='lat'><em>(1).</em></span> 
     </span>
    </p>
   </div>
   <div class='ocr_carea' id='block_1_2' title="bbox 198 209 1664 1429">
    <p class='ocr_par' dir='ltr' id='par_1_2' title="bbox 198 209 1662 936">
     <span class='ocr_line' id='line_1_2' title="bbox 198 209 1652 264; baseline 0.006 -18"><span class='ocrx_word' id='word_1_5' title='bbox 198 209 268 247; x_wconf 82' lang='lat' dir='ltr'>uisi</span> <span class='ocrx_word' id='word_1_6' title='bbox 286 221 354 246; x_wconf 82' lang='lat' dir='ltr'>vos</span> <span class='ocrx_word' id='word_1_7' title='bbox 371 221 482 260; x_wconf 89' lang='lat' dir='ltr'>opem</span> <span class='ocrx_word' id='word_1_8' title='bbox 502 210 646 248; x_wconf 86' lang='lat' dir='ltr'>feratis.</span> <span class='ocrx_word' id='word_1_9' title='bbox 688 211 750 249; x_wconf 87' lang='lat' dir='ltr'>An</span> <span class='ocrx_word' id='word_1_10' title='bbox 770 212 866 250; x_wconf 89' lang='lat' dir='ltr'>alius</span> <span class='ocrx_word' id='word_1_11' title='bbox 886 213 1103 264; x_wconf 74' lang='lat' dir='ltr'><strong>quispiam?</strong></span> <span class='ocrx_word' id='word_1_12' title='bbox 1135 214 1191 250; x_wconf 88' lang='lat' dir='ltr'>At</span> <span class='ocrx_word' id='word_1_13' title='bbox 1210 213 1362 252; x_wconf 84' lang='lat' dir='ltr'>hercule</span> <span class='ocrx_word' id='word_1_14' title='bbox 1382 215 1498 253; x_wconf 88' lang='lat' dir='ltr'>nolet.</span> <span class='ocrx_word' id='word_1_15' title='bbox 1556 216 1652 254; x_wconf 91' lang='lat' dir='ltr'>Om-</span> 
     </span>
     <span class='ocr_line' id='line_1_3' title="bbox 201 270 1655 326; baseline 0.006 -20"><span class='ocrx_word' id='word_1_16' title='bbox 201 270 304 307; x_wconf 87' lang='lat' dir='ltr'>nium</span> <span class='ocrx_word' id='word_1_17' title='bbox 327 278 430 308; x_wconf 85' lang='lat' dir='ltr'>certe</span> <span class='ocrx_word' id='word_1_18' title='bbox 450 271 763 310; x_wconf 83' lang='lat' dir='ltr'>absurdissimum</span> <span class='ocrx_word' id='word_1_19' title='bbox 782 273 908 320; x_wconf 85' lang='lat' dir='ltr'>fuerit,</span> <span class='ocrx_word' id='word_1_20' title='bbox 929 274 974 320; x_wconf 87' lang='lat' dir='ltr'>si,</span> <span class='ocrx_word' id='word_1_21' title='bbox 997 287 1084 326; x_wconf 88' lang='lat' dir='ltr'>quae</span> <span class='ocrx_word' id='word_1_22' title='bbox 1107 287 1210 312; x_wconf 90' lang='lat' dir='ltr'>nunc</span> <span class='ocrx_word' id='word_1_23' title='bbox 1235 274 1348 312; x_wconf 88' lang='lat' dir='ltr'>etiam</span> <span class='ocrx_word' id='word_1_24' title='bbox 1367 288 1454 313; x_wconf 89' lang='lat' dir='ltr'>cum</span> <span class='ocrx_word' id='word_1_25' title='bbox 1483 277 1655 314; x_wconf 82' lang='lat' dir='ltr'>stultitiae</span> 
     </span>
     <span class='ocr_line' id='line_1_4' title="bbox 200 332 1654 386; baseline 0.003 -17"><span class='ocrx_word' id='word_1_26' title='bbox 200 332 492 382; x_wconf 86' lang='lat' dir='ltr'>reprehensione</span> <span class='ocrx_word' id='word_1_27' title='bbox 506 340 635 372; x_wconf 89' lang='lat' dir='ltr'>tamen</span> <span class='ocrx_word' id='word_1_28' title='bbox 650 334 852 386; x_wconf 86' lang='lat' dir='ltr'>eloquitur,</span> <span class='ocrx_word' id='word_1_29' title='bbox 872 349 919 373; x_wconf 87' lang='lat' dir='ltr'>ea</span> <span class='ocrx_word' id='word_1_30' title='bbox 931 336 1022 373; x_wconf 88' lang='lat' dir='ltr'>data</span> <span class='ocrx_word' id='word_1_31' title='bbox 1038 343 1229 386; x_wconf 83' lang='lat' dir='ltr'>potestate</span> <span class='ocrx_word' id='word_1_32' title='bbox 1242 348 1319 373; x_wconf 91' lang='lat' dir='ltr'>non</span> <span class='ocrx_word' id='word_1_33' title='bbox 1335 335 1489 375; x_wconf 84' lang='lat' dir='ltr'>faceret.</span> <span class='ocrx_word' id='word_1_34' title='bbox 1520 338 1654 381; x_wconf 85' lang='lat' dir='ltr'>Quan-</span> 
     </span>
     <span class='ocr_line' id='line_1_5' title="bbox 199 395 1656 450; baseline 0.004 -19"><span class='ocrx_word' id='word_1_35' title='bbox 199 400 281 431; x_wconf 89' lang='lat' dir='ltr'>tum</span> <span class='ocrx_word' id='word_1_36' title='bbox 308 401 437 433; x_wconf 86' lang='lat' dir='ltr'>autem</span> <span class='ocrx_word' id='word_1_37' title='bbox 461 395 622 444; x_wconf 89' lang='lat' dir='ltr'>intersit,</span> <span class='ocrx_word' id='word_1_38' title='bbox 647 397 710 435; x_wconf 91' lang='lat' dir='ltr'>hic</span> <span class='ocrx_word' id='word_1_39' title='bbox 736 409 784 435; x_wconf 90' lang='lat' dir='ltr'>an</span> <span class='ocrx_word' id='word_1_40' title='bbox 810 397 888 435; x_wconf 89' lang='lat' dir='ltr'>illic</span> <span class='ocrx_word' id='word_1_41' title='bbox 915 397 1059 435; x_wconf 88' lang='lat' dir='ltr'>bellum</span> <span class='ocrx_word' id='word_1_42' title='bbox 1088 404 1252 448; x_wconf 84' lang='lat' dir='ltr'>geratur,</span> <span class='ocrx_word' id='word_1_43' title='bbox 1283 398 1405 436; x_wconf 85' lang='lat' dir='ltr'>verbis</span> <span class='ocrx_word' id='word_1_44' title='bbox 1437 399 1531 436; x_wconf 88' lang='lat' dir='ltr'>nihil</span> <span class='ocrx_word' id='word_1_45' title='bbox 1558 413 1656 450; x_wconf 91' lang='lat' dir='ltr'>opus</span> 
     </span>
     <span class='ocr_line' id='line_1_6' title="bbox 201 456 1657 510; baseline 0.003 -17"><span class='ocrx_word' id='word_1_46' title='bbox 201 467 290 493; x_wconf 90' lang='lat' dir='ltr'>esse</span> <span class='ocrx_word' id='word_1_47' title='bbox 310 456 484 495; x_wconf 82' lang='lat' dir='ltr'>arbitror.</span> <span class='ocrx_word' id='word_1_48' title='bbox 539 458 580 495; x_wconf 90' lang='lat' dir='ltr'>Si</span> <span class='ocrx_word' id='word_1_49' title='bbox 610 459 710 496; x_wconf 88' lang='lat' dir='ltr'>enirn</span> <span class='ocrx_word' id='word_1_50' title='bbox 737 465 931 509; x_wconf 87' lang='lat' dir='ltr'>oporteret</span> <span class='ocrx_word' id='word_1_51' title='bbox 951 471 1018 496; x_wconf 87' lang='lat' dir='ltr'>vos</span> <span class='ocrx_word' id='word_1_52' title='bbox 1048 459 1151 509; x_wconf 90' lang='lat' dir='ltr'>ipsos</span> <span class='ocrx_word' id='word_1_53' title='bbox 1172 459 1325 510; x_wconf 83' lang='lat' dir='ltr'>triginta</span> <span class='ocrx_word' id='word_1_54' title='bbox 1354 458 1544 498; x_wconf 85' lang='lat' dir='ltr'>duntaxat</span> <span class='ocrx_word' id='word_1_55' title='bbox 1574 460 1657 499; x_wconf 86' lang='lat' dir='ltr'>dies</span> 
     </span>
     <span class='ocr_line' id='line_1_7' title="bbox 200 515 1656 572; baseline 0.003 -18"><span class='ocrx_word' id='word_1_56' title='bbox 200 515 292 554; x_wconf 85' lang='lat' dir='ltr'>foris</span> <span class='ocrx_word' id='word_1_57' title='bbox 318 530 417 563; x_wconf 86' lang='lat' dir='ltr'>esse,</span> <span class='ocrx_word' id='word_1_58' title='bbox 440 525 478 556; x_wconf 93' lang='lat' dir='ltr'>et</span> <span class='ocrx_word' id='word_1_59' title='bbox 497 532 584 569; x_wconf 84' lang='lat' dir='ltr'>quae</span> <span class='ocrx_word' id='word_1_60' title='bbox 611 519 751 557; x_wconf 87' lang='lat' dir='ltr'>alendo</span> <span class='ocrx_word' id='word_1_61' title='bbox 777 526 866 557; x_wconf 91' lang='lat' dir='ltr'>sunt</span> <span class='ocrx_word' id='word_1_62' title='bbox 891 519 1090 564; x_wconf 88' lang='lat' dir='ltr'>exercitui,</span> <span class='ocrx_word' id='word_1_63' title='bbox 1109 531 1155 557; x_wconf 89' lang='lat' dir='ltr'>ea</span> <span class='ocrx_word' id='word_1_64' title='bbox 1173 532 1194 557; x_wconf 90' lang='lat' dir='ltr'>e</span> <span class='ocrx_word' id='word_1_65' title='bbox 1220 521 1340 559; x_wconf 86' lang='lat' dir='ltr'>nostri</span> <span class='ocrx_word' id='word_1_66' title='bbox 1362 521 1443 572; x_wconf 84' lang='lat' dir='ltr'>agri</span> <span class='ocrx_word' id='word_1_67' title='bbox 1462 521 1656 572; x_wconf 83' lang='lat' dir='ltr'>proventi-</span> 
     </span>
     <span class='ocr_line' id='line_1_8' title="bbox 200 578 1657 633; baseline 0.003 -18"><span class='ocrx_word' id='word_1_68' title='bbox 200 578 272 615; x_wconf 89' lang='lat' dir='ltr'>bus</span> <span class='ocrx_word' id='word_1_69' title='bbox 291 585 436 629; x_wconf 90' lang='lat' dir='ltr'>petere‚</span> <span class='ocrx_word' id='word_1_70' title='bbox 459 580 529 617; x_wconf 90' lang='lat' dir='ltr'>etsi</span> <span class='ocrx_word' id='word_1_71' title='bbox 548 580 675 617; x_wconf 89' lang='lat' dir='ltr'>nullus</span> <span class='ocrx_word' id='word_1_72' title='bbox 695 580 849 631; x_wconf 89' lang='lat' dir='ltr'>inquam</span> <span class='ocrx_word' id='word_1_73' title='bbox 874 579 995 618; x_wconf 88' lang='lat' dir='ltr'>hostis</span> <span class='ocrx_word' id='word_1_74' title='bbox 1024 581 1062 618; x_wconf 90' lang='lat' dir='ltr'>in</span> <span class='ocrx_word' id='word_1_75' title='bbox 1090 594 1136 619; x_wconf 92' lang='lat' dir='ltr'>eo</span> <span class='ocrx_word' id='word_1_76' title='bbox 1165 588 1393 630; x_wconf 88' lang='lat' dir='ltr'>versaretur,</span> <span class='ocrx_word' id='word_1_77' title='bbox 1412 583 1537 633; x_wconf 83' lang='lat' dir='ltr'>majus</span> <span class='ocrx_word' id='word_1_78' title='bbox 1558 582 1657 621; x_wconf 90' lang='lat' dir='ltr'>arbi-</span> 
     </span>
     <span class='ocr_line' id='line_1_9' title="bbox 200 639 1659 695; baseline 0.004 -19"><span class='ocrx_word' id='word_1_79' title='bbox 200 645 279 676; x_wconf 92' lang='lat' dir='ltr'>tror</span> <span class='ocrx_word' id='word_1_80' title='bbox 298 639 478 677; x_wconf 86' lang='lat' dir='ltr'>damnum</span> <span class='ocrx_word' id='word_1_81' title='bbox 498 647 724 690; x_wconf 88' lang='lat' dir='ltr'>accepturos</span> <span class='ocrx_word' id='word_1_82' title='bbox 751 640 833 679; x_wconf 86' lang='lat' dir='ltr'>fore</span> <span class='ocrx_word' id='word_1_83' title='bbox 861 653 927 679; x_wconf 88' lang='lat' dir='ltr'>eos</span> <span class='ocrx_word' id='word_1_84' title='bbox 946 649 1112 680; x_wconf 89' lang='lat' dir='ltr'>vestrum</span> <span class='ocrx_word' id='word_1_85' title='bbox 1132 643 1197 693; x_wconf 93' lang='lat' dir='ltr'>qui</span> <span class='ocrx_word' id='word_1_86' title='bbox 1224 655 1337 695; x_wconf 85' lang='lat' dir='ltr'>agros</span> <span class='ocrx_word' id='word_1_87' title='bbox 1364 643 1512 689; x_wconf 89' lang='lat' dir='ltr'>colunt,</span> <span class='ocrx_word' id='word_1_88' title='bbox 1541 657 1659 695; x_wconf 86' lang='lat' dir='ltr'>quam</span> 
     </span>
     <span class='ocr_line' id='line_1_10' title="bbox 202 700 1657 756; baseline 0.003 -18"><span class='ocrx_word' id='word_1_89' title='bbox 202 712 250 738; x_wconf 88' lang='lat' dir='ltr'>ex</span> <span class='ocrx_word' id='word_1_90' title='bbox 269 700 453 739; x_wconf 89' lang='lat' dir='ltr'>universis</span> <span class='ocrx_word' id='word_1_91' title='bbox 472 702 659 750; x_wconf 78' lang='lat' dir='ltr'>accepistis</span> <span class='ocrx_word' id='word_1_92' title='bbox 676 701 768 740; x_wconf 89' lang='lat' dir='ltr'>belli</span> <span class='ocrx_word' id='word_1_93' title='bbox 787 703 991 754; x_wconf 88' lang='lat' dir='ltr'>superioris</span> <span class='ocrx_word' id='word_1_94' title='bbox 1012 703 1205 755; x_wconf 88' lang='lat' dir='ltr'>impensis.</span> <span class='ocrx_word' id='word_1_95' title='bbox 1262 704 1378 749; x_wconf 90' lang='lat' dir='ltr'>Quod</span> <span class='ocrx_word' id='word_1_96' title='bbox 1408 705 1440 742; x_wconf 85' lang='lat' dir='ltr'>si</span> <span class='ocrx_word' id='word_1_97' title='bbox 1470 719 1558 756; x_wconf 88' lang='lat' dir='ltr'>quae</span> <span class='ocrx_word' id='word_1_98' title='bbox 1586 705 1657 743; x_wconf 90' lang='lat' dir='ltr'>ho-</span> 
     </span>
     <span class='ocr_line' id='line_1_11' title="bbox 201 759 1660 817; baseline 0.006 -21"><span class='ocrx_word' id='word_1_99' title='bbox 201 759 306 797; x_wconf 85' lang='lat' dir='ltr'>stiles</span> <span class='ocrx_word' id='word_1_100' title='bbox 325 760 446 811; x_wconf 82' lang='lat' dir='ltr'>copiae</span> <span class='ocrx_word' id='word_1_101' title='bbox 466 760 656 809; x_wconf 87' lang='lat' dir='ltr'>venerint,</span> <span class='ocrx_word' id='word_1_102' title='bbox 674 769 862 813; x_wconf 85' lang='lat' dir='ltr'>quantum</span> <span class='ocrx_word' id='word_1_103' title='bbox 880 764 1019 802; x_wconf 84' lang='lat' dir='ltr'>exinde</span> <span class='ocrx_word' id='word_1_104' title='bbox 1042 764 1223 802; x_wconf 87' lang='lat' dir='ltr'>damnum</span> <span class='ocrx_word' id='word_1_105' title='bbox 1237 765 1317 804; x_wconf 86' lang='lat' dir='ltr'>fore</span> <span class='ocrx_word' id='word_1_106' title='bbox 1344 767 1507 817; x_wconf 90' lang='lat' dir='ltr'>putetis!</span> <span class='ocrx_word' id='word_1_107' title='bbox 1537 767 1660 805; x_wconf 89' lang='lat' dir='ltr'>Acce-</span> 
     </span>
     <span class='ocr_line' id='line_1_12' title="bbox 202 819 1662 878; baseline 0.006 -21"><span class='ocrx_word' id='word_1_108' title='bbox 202 819 269 858; x_wconf 87' lang='lat' dir='ltr'>det</span> <span class='ocrx_word' id='word_1_109' title='bbox 295 821 530 860; x_wconf 84' lang='lat' dir='ltr'>contumelia</span> <span class='ocrx_word' id='word_1_110' title='bbox 559 830 674 874; x_wconf 87' lang='lat' dir='ltr'>atque</span> <span class='ocrx_word' id='word_1_111' title='bbox 704 823 859 875; x_wconf 87' lang='lat' dir='ltr'>insuper</span> <span class='ocrx_word' id='word_1_112' title='bbox 886 825 1010 875; x_wconf 89' lang='lat' dir='ltr'>ipsius</span> <span class='ocrx_word' id='word_1_113' title='bbox 1029 825 1082 864; x_wconf 88' lang='lat' dir='ltr'>rei</span> <span class='ocrx_word' id='word_1_114' title='bbox 1104 825 1288 874; x_wconf 87' lang='lat' dir='ltr'>dedecus,</span> <span class='ocrx_word' id='word_1_115' title='bbox 1310 826 1414 878; x_wconf 83' lang='lat' dir='ltr'>quod</span> <span class='ocrx_word' id='word_1_116' title='bbox 1439 826 1535 865; x_wconf 89' lang='lat' dir='ltr'>nulli</span> <span class='ocrx_word' id='word_1_117' title='bbox 1557 827 1662 866; x_wconf 88' lang='lat' dir='ltr'>cedit</span> 
     </span>
     <span class='ocr_line' id='line_1_13' title="bbox 203 882 988 936; baseline 0.006 -16"><span class='ocrx_word' id='word_1_118' title='bbox 203 882 404 930; x_wconf 88' lang='lat' dir='ltr'>malorum,</span> <span class='ocrx_word' id='word_1_119' title='bbox 425 885 657 936; x_wconf 87' lang='lat' dir='ltr'>sapientium</span> <span class='ocrx_word' id='word_1_120' title='bbox 677 886 813 924; x_wconf 87' lang='lat' dir='ltr'>saltem</span> <span class='ocrx_word' id='word_1_121' title='bbox 826 885 988 935; x_wconf 84' lang='lat' dir='ltr'>judicio.</span> 
     </span>
    </p>

    <p class='ocr_par' dir='ltr' id='par_1_3' title="bbox 199 945 1664 1429">
     <span class='ocr_line' id='line_1_14' title="bbox 260 945 1662 1000; baseline 0.004 -18"><span class='ocrx_word' id='word_1_122' title='bbox 260 945 321 982; x_wconf 92' lang='grc'>11.</span> <span class='ocrx_word' id='word_1_123' title='bbox 351 945 479 989; x_wconf 82' lang='lat' dir='ltr'>Quare</span> <span class='ocrx_word' id='word_1_124' title='bbox 500 947 627 984; x_wconf 87' lang='lat' dir='ltr'>omnia</span> <span class='ocrx_word' id='word_1_125' title='bbox 644 946 728 985; x_wconf 81' lang='lat' dir='ltr'>haec</span> <span class='ocrx_word' id='word_1_126' title='bbox 758 954 849 986; x_wconf 88' lang='lat' dir='ltr'>ante</span> <span class='ocrx_word' id='word_1_127' title='bbox 874 948 1008 985; x_wconf 90' lang='lat' dir='ltr'>oculos</span> <span class='ocrx_word' id='word_1_128' title='bbox 1028 947 1216 986; x_wconf 88' lang='lat' dir='ltr'>habentes</span> <span class='ocrx_word' id='word_1_129' title='bbox 1237 948 1404 987; x_wconf 87' lang='lat' dir='ltr'>universi</span> <span class='ocrx_word' id='word_1_130' title='bbox 1432 961 1544 1000; x_wconf 90' lang='lat' dir='ltr'>opem</span> <span class='ocrx_word' id='word_1_131' title='bbox 1564 950 1662 988; x_wconf 82' lang='lat' dir='ltr'>ferre</span> 
     </span>
     <span class='ocr_line' id='line_1_15' title="bbox 203 1006 1662 1060; baseline 0.004 -17"><span class='ocrx_word' id='word_1_132' title='bbox 203 1011 242 1043; x_wconf 86' lang='lat' dir='ltr'>et</span> <span class='ocrx_word' id='word_1_133' title='bbox 259 1006 405 1044; x_wconf 89' lang='lat' dir='ltr'>bellum</span> <span class='ocrx_word' id='word_1_134' title='bbox 423 1007 515 1045; x_wconf 89' lang='lat' dir='ltr'>illuc</span> <span class='ocrx_word' id='word_1_135' title='bbox 535 1008 682 1046; x_wconf 87' lang='lat' dir='ltr'>amoliri</span> <span class='ocrx_word' id='word_1_136' title='bbox 697 1007 851 1054; x_wconf 85' lang='lat' dir='ltr'>debent,</span> <span class='ocrx_word' id='word_1_137' title='bbox 877 1008 1027 1053; x_wconf 83' lang='lat' dir='ltr'>divites,</span> <span class='ocrx_word' id='word_1_138' title='bbox 1045 1016 1088 1046; x_wconf 90' lang='lat' dir='ltr'>ut</span> <span class='ocrx_word' id='word_1_139' title='bbox 1103 1021 1170 1060; x_wconf 91' lang='lat' dir='ltr'>pro</span> <span class='ocrx_word' id='word_1_140' title='bbox 1185 1008 1314 1047; x_wconf 88' lang='lat' dir='ltr'>multis</span> <span class='ocrx_word' id='word_1_141' title='bbox 1341 1023 1428 1060; x_wconf 89' lang='lat' dir='ltr'>quae</span> <span class='ocrx_word' id='word_1_142' title='bbox 1456 1010 1570 1048; x_wconf 89' lang='lat' dir='ltr'>deum</span> <span class='ocrx_word' id='word_1_143' title='bbox 1594 1011 1662 1050; x_wconf 90' lang='lat' dir='ltr'>be-</span> 
     </span>
     <span class='ocr_line' id='line_1_16' title="bbox 203 1067 1664 1122; baseline 0.005 -18"><span class='ocrx_word' id='word_1_144' title='bbox 203 1067 391 1119; x_wconf 86' lang='lat' dir='ltr'>nignitate</span> <span class='ocrx_word' id='word_1_145' title='bbox 420 1068 634 1119; x_wconf 84' lang='lat' dir='ltr'>possident,</span> <span class='ocrx_word' id='word_1_146' title='bbox 663 1082 788 1121; x_wconf 90' lang='lat' dir='ltr'>pauca</span> <span class='ocrx_word' id='word_1_147' title='bbox 812 1069 1093 1121; x_wconf 89' lang='lat' dir='ltr'>impendentes,</span> <span class='ocrx_word' id='word_1_148' title='bbox 1124 1070 1280 1122; x_wconf 90' lang='lat' dir='ltr'>reliquis</span> <span class='ocrx_word' id='word_1_149' title='bbox 1312 1084 1445 1110; x_wconf 90' lang='lat' dir='ltr'>secure</span> <span class='ocrx_word' id='word_1_150' title='bbox 1474 1073 1664 1120; x_wconf 83' lang='lat' dir='ltr'>fruantur,</span> 
     </span>
     <span class='ocr_line' id='line_1_17' title="bbox 199 1128 1662 1183; baseline 0.004 -17"><span class='ocrx_word' id='word_1_151' title='bbox 199 1128 379 1179; x_wconf 85' lang='lat' dir='ltr'>juvenes,</span> <span class='ocrx_word' id='word_1_152' title='bbox 399 1137 442 1168; x_wconf 93' lang='lat' dir='ltr'>ut</span> <span class='ocrx_word' id='word_1_153' title='bbox 461 1129 500 1168; x_wconf 90' lang='lat' dir='ltr'>in</span> <span class='ocrx_word' id='word_1_154' title='bbox 522 1130 687 1182; x_wconf 89' lang='lat' dir='ltr'>Philippi</span> <span class='ocrx_word' id='word_1_155' title='bbox 707 1144 826 1182; x_wconf 83' lang='lat' dir='ltr'>regno</span> <span class='ocrx_word' id='word_1_156' title='bbox 854 1138 966 1182; x_wconf 88' lang='lat' dir='ltr'>parta</span> <span class='ocrx_word' id='word_1_157' title='bbox 983 1131 1153 1170; x_wconf 87' lang='lat' dir='ltr'>bellandi</span> <span class='ocrx_word' id='word_1_158' title='bbox 1171 1132 1306 1183; x_wconf 88' lang='lat' dir='ltr'>peritia</span> <span class='ocrx_word' id='word_1_159' title='bbox 1324 1132 1583 1172; x_wconf 82' lang='lat' dir='ltr'>formidabiles</span> <span class='ocrx_word' id='word_1_160' title='bbox 1603 1135 1662 1173; x_wconf 91' lang='lat' dir='ltr'>in-</span> 
     </span>
     <span class='ocr_line' id='line_1_18' title="bbox 206 1190 1663 1242; baseline 0.004 -14"><span class='ocrx_word' id='word_1_161' title='bbox 206 1190 368 1230; x_wconf 90' lang='lat' dir='ltr'>columis</span> <span class='ocrx_word' id='word_1_162' title='bbox 387 1192 522 1242; x_wconf 83' lang='lat' dir='ltr'>patriae</span> <span class='ocrx_word' id='word_1_163' title='bbox 547 1193 728 1230; x_wconf 88' lang='lat' dir='ltr'>custodes</span> <span class='ocrx_word' id='word_1_164' title='bbox 757 1192 863 1239; x_wconf 88' lang='lat' dir='ltr'>fiant,</span> <span class='ocrx_word' id='word_1_165' title='bbox 893 1199 1075 1239; x_wconf 87' lang='lat' dir='ltr'>oratores,</span> <span class='ocrx_word' id='word_1_166' title='bbox 1098 1200 1142 1231; x_wconf 91' lang='lat' dir='ltr'>ut</span> <span class='ocrx_word' id='word_1_167' title='bbox 1161 1193 1200 1231; x_wconf 91' lang='lat' dir='ltr'>in</span> <span class='ocrx_word' id='word_1_168' title='bbox 1221 1194 1430 1232; x_wconf 89' lang='lat' dir='ltr'>reddendis</span> <span class='ocrx_word' id='word_1_169' title='bbox 1451 1196 1663 1234; x_wconf 85' lang='lat' dir='ltr'>rationibus</span> 
     </span>
     <span class='ocr_line' id='line_1_19' title="bbox 207 1251 1663 1305; baseline 0.005 -16"><span class='ocrx_word' id='word_1_170' title='bbox 207 1251 576 1291; x_wconf 88' lang='lat' dir='ltr'>administrationem</span> <span class='ocrx_word' id='word_1_171' title='bbox 601 1266 710 1292; x_wconf 87' lang='lat' dir='ltr'>suam</span> <span class='ocrx_word' id='word_1_172' title='bbox 730 1254 842 1293; x_wconf 86' lang='lat' dir='ltr'>facile</span> <span class='ocrx_word' id='word_1_173' title='bbox 870 1255 965 1292; x_wconf 88' lang='lat' dir='ltr'>tueri</span> <span class='ocrx_word' id='word_1_174' title='bbox 998 1255 1157 1305; x_wconf 89' lang='lat' dir='ltr'>possint,</span> <span class='ocrx_word' id='word_1_175' title='bbox 1186 1268 1276 1293; x_wconf 89' lang='lat' dir='ltr'>nam</span> <span class='ocrx_word' id='word_1_176' title='bbox 1301 1263 1346 1294; x_wconf 88' lang='lat' dir='ltr'>ut</span> <span class='ocrx_word' id='word_1_177' title='bbox 1375 1270 1431 1294; x_wconf 85' lang='lat' dir='ltr'>eae</span> <span class='ocrx_word' id='word_1_178' title='bbox 1456 1270 1517 1295; x_wconf 90' lang='lat' dir='ltr'>res</span> <span class='ocrx_word' id='word_1_179' title='bbox 1550 1264 1663 1296; x_wconf 88' lang='lat' dir='ltr'>erunt</span> 
     </span>
     <span class='ocr_line' id='line_1_20' title="bbox 208 1315 1664 1367; baseline 0.004 -15"><span class='ocrx_word' id='word_1_180' title='bbox 208 1327 295 1366; x_wconf 83' lang='lat' dir='ltr'>quoe</span> <span class='ocrx_word' id='word_1_181' title='bbox 314 1315 423 1353; x_wconf 88' lang='lat' dir='ltr'>vobis</span> <span class='ocrx_word' id='word_1_182' title='bbox 443 1316 631 1363; x_wconf 87' lang='lat' dir='ltr'>evenient,</span> <span class='ocrx_word' id='word_1_183' title='bbox 649 1315 704 1354; x_wconf 87' lang='lat' dir='ltr'>ita</span> <span class='ocrx_word' id='word_1_184' title='bbox 722 1322 760 1354; x_wconf 86' lang='lat' dir='ltr'>et</span> <span class='ocrx_word' id='word_1_185' title='bbox 777 1329 847 1354; x_wconf 88' lang='lat' dir='ltr'>vos</span> <span class='ocrx_word' id='word_1_186' title='bbox 866 1315 915 1354; x_wconf 92' lang='lat' dir='ltr'>de</span> <span class='ocrx_word' id='word_1_187' title='bbox 934 1316 1027 1354; x_wconf 85' lang='lat' dir='ltr'>actis</span> <span class='ocrx_word' id='word_1_188' title='bbox 1048 1329 1179 1356; x_wconf 90' lang='lat' dir='ltr'>eorum</span> <span class='ocrx_word' id='word_1_189' title='bbox 1192 1317 1428 1367; x_wconf 88' lang='lat' dir='ltr'>judicabitis.</span> <span class='ocrx_word' id='word_1_190' title='bbox 1472 1319 1571 1361; x_wconf 84' lang='lat' dir='ltr'>Quae</span> <span class='ocrx_word' id='word_1_191' title='bbox 1590 1318 1664 1358; x_wconf 87' lang='lat' dir='ltr'>uti-</span> 
     </span>
     <span class='ocr_line' id='line_1_21' title="bbox 208 1377 1004 1429; baseline 0.003 -15"><span class='ocrx_word' id='word_1_192' title='bbox 208 1388 297 1414; x_wconf 86' lang='lat' dir='ltr'>nam</span> <span class='ocrx_word' id='word_1_193' title='bbox 315 1377 427 1415; x_wconf 83' lang='lat' dir='ltr'>bonoe</span> <span class='ocrx_word' id='word_1_194' title='bbox 449 1378 526 1416; x_wconf 85' lang='lat' dir='ltr'>sint</span> <span class='ocrx_word' id='word_1_195' title='bbox 543 1377 848 1429; x_wconf 81' lang='lat' dir='ltr'>uniuscujusque</span> <span class='ocrx_word' id='word_1_196' title='bbox 867 1378 1004 1429; x_wconf 84' lang='lat' dir='ltr'>gratia.</span> 
     </span>
    </p>
   </div>
   <div class='ocr_carea' id='block_1_3' title="bbox 209 1480 1675 2234">
    <p class='ocr_par' dir='ltr' id='par_1_4' title="bbox 209 1480 1675 2234">
     <span class='ocr_line' id='line_1_22' title="bbox 254 1480 1670 1527; baseline 0.004 -13"><span class='ocrx_word' id='word_1_197' title='bbox 254 1480 314 1519; x_wconf 40' lang='lat' dir='ltr'>*s*</span> <span class='ocrx_word' id='word_1_198' title='bbox 338 1481 526 1525; x_wconf 84' lang='lat' dir='ltr'>Philippus</span> <span class='ocrx_word' id='word_1_199' title='bbox 543 1492 636 1515; x_wconf 89' lang='lat' dir='ltr'>anno</span> <span class='ocrx_word' id='word_1_200' title='bbox 653 1482 860 1527; x_wconf 81' lang='lat' dir='ltr'>insequenti</span> <span class='ocrx_word' id='word_1_201' title='bbox 878 1481 1077 1525; x_wconf 85' lang='lat' dir='ltr'>Olynthum</span> <span class='ocrx_word' id='word_1_202' title='bbox 1099 1482 1208 1526; x_wconf 89' lang='lat' dir='ltr'>cepit.</span> <span class='ocrx_word' id='word_1_203' title='bbox 1256 1482 1352 1517; x_wconf 89' lang='lat' dir='ltr'>Eam</span> <span class='ocrx_word' id='word_1_204' title='bbox 1375 1483 1500 1518; x_wconf 88' lang='lat' dir='ltr'>omnia</span> <span class='ocrx_word' id='word_1_205' title='bbox 1513 1483 1670 1519; x_wconf 85' lang='lat' dir='ltr'>Atheni·</span> 
     </span>
     <span class='ocr_line' id='line_1_23' title="bbox 209 1535 1669 1584; baseline 0.003 -16"><span class='ocrx_word' id='word_1_206' title='bbox 209 1535 347 1568; x_wconf 87' lang='lat' dir='ltr'>ensium</span> <span class='ocrx_word' id='word_1_207' title='bbox 375 1535 535 1569; x_wconf 89' lang='lat' dir='ltr'>subsidia</span> <span class='ocrx_word' id='word_1_208' title='bbox 559 1540 596 1570; x_wconf 89' lang='lat' dir='ltr'>et</span> <span class='ocrx_word' id='word_1_209' title='bbox 613 1539 764 1570; x_wconf 88' lang='lat' dir='ltr'>conatus</span> <span class='ocrx_word' id='word_1_210' title='bbox 780 1548 802 1570; x_wconf 88' lang='lat' dir='ltr'>a</span> <span class='ocrx_word' id='word_1_211' title='bbox 823 1536 1030 1570; x_wconf 85' lang='lat' dir='ltr'>domesticis</span> <span class='ocrx_word' id='word_1_212' title='bbox 1051 1536 1163 1580; x_wconf 88' lang='lat' dir='ltr'>ipsius</span> <span class='ocrx_word' id='word_1_213' title='bbox 1185 1535 1349 1571; x_wconf 83' lang='lat' dir='ltr'>hostibus</span> <span class='ocrx_word' id='word_1_214' title='bbox 1367 1538 1459 1572; x_wconf 89' lang='lat' dir='ltr'>tueri</span> <span class='ocrx_word' id='word_1_215' title='bbox 1477 1548 1549 1572; x_wconf 89' lang='lat' dir='ltr'>non</span> <span class='ocrx_word' id='word_1_216' title='bbox 1567 1542 1669 1584; x_wconf 87' lang='lat' dir='ltr'>pote-</span> 
     </span>
     <span class='ocr_line' id='line_1_24' title="bbox 210 1590 1675 1636; baseline 0.005 -14"><span class='ocrx_word' id='word_1_217' title='bbox 210 1592 312 1623; x_wconf 84' lang='lat' dir='ltr'>rant:</span> <span class='ocrx_word' id='word_1_218' title='bbox 341 1590 414 1623; x_wconf 88' lang='lat' dir='ltr'>duo</span> <span class='ocrx_word' id='word_1_219' title='bbox 432 1590 528 1623; x_wconf 84' lang='lat' dir='ltr'>enim</span> <span class='ocrx_word' id='word_1_220' title='bbox 546 1591 625 1634; x_wconf 85' lang='lat' dir='ltr'>ejus</span> <span class='ocrx_word' id='word_1_221' title='bbox 643 1590 752 1634; x_wconf 90' lang='lat' dir='ltr'>cives,</span> <span class='ocrx_word' id='word_1_222' title='bbox 774 1590 1017 1634; x_wconf 84' lang='lat' dir='ltr'>Euthycrates</span> <span class='ocrx_word' id='word_1_223' title='bbox 1033 1593 1071 1624; x_wconf 88' lang='lat' dir='ltr'>et</span> <span class='ocrx_word' id='word_1_224' title='bbox 1094 1590 1308 1628; x_wconf 77' lang='lat' dir='ltr'>Lasthenes,</span> <span class='ocrx_word' id='word_1_225' title='bbox 1330 1602 1409 1626; x_wconf 89' lang='lat' dir='ltr'>eam</span> <span class='ocrx_word' id='word_1_226' title='bbox 1427 1592 1675 1636; x_wconf 87' lang='lat' dir='ltr'>prodiderunt.</span> 
     </span>
     <span class='ocr_line' id='line_1_25' title="bbox 210 1643 1670 1689; baseline 0.003 -12"><span class='ocrx_word' id='word_1_227' title='bbox 210 1643 269 1677; x_wconf 84' lang='lat' dir='ltr'>Ita</span> <span class='ocrx_word' id='word_1_228' title='bbox 287 1643 486 1688; x_wconf 88' lang='lat' dir='ltr'>Philippus,</span> <span class='ocrx_word' id='word_1_229' title='bbox 511 1644 762 1688; x_wconf 79' lang='lat' dir='ltr'>largitionibus</span> <span class='ocrx_word' id='word_1_230' title='bbox 780 1645 836 1679; x_wconf 88' lang='lat' dir='ltr'>via</span> <span class='ocrx_word' id='word_1_231' title='bbox 852 1646 961 1686; x_wconf 87' lang='lat' dir='ltr'>sacta,</span> <span class='ocrx_word' id='word_1_232' title='bbox 984 1646 1149 1679; x_wconf 88' lang='lat' dir='ltr'>miseram</span> <span class='ocrx_word' id='word_1_233' title='bbox 1167 1645 1293 1678; x_wconf 91' lang='lat' dir='ltr'>urbem</span> <span class='ocrx_word' id='word_1_234' title='bbox 1310 1645 1522 1689; x_wconf 86' lang='lat' dir='ltr'>ingreditur,</span> <span class='ocrx_word' id='word_1_235' title='bbox 1545 1647 1670 1682; x_wconf 90' lang='lat' dir='ltr'>diruit-</span> 
     </span>
     <span class='ocr_line' id='line_1_26' title="bbox 210 1699 1669 1745; baseline 0.004 -15"><span class='ocrx_word' id='word_1_236' title='bbox 210 1709 302 1742; x_wconf 87' lang='lat' dir='ltr'>que;</span> <span class='ocrx_word' id='word_1_237' title='bbox 329 1703 467 1743; x_wconf 86' lang='lat' dir='ltr'>partem</span> <span class='ocrx_word' id='word_1_238' title='bbox 495 1699 628 1732; x_wconf 81' lang='lat' dir='ltr'>civium</span> <span class='ocrx_word' id='word_1_239' title='bbox 655 1699 818 1733; x_wconf 79' lang='lat' dir='ltr'>servituti</span> <span class='ocrx_word' id='word_1_240' title='bbox 843 1699 990 1740; x_wconf 84' lang='lat' dir='ltr'>addicit,</span> <span class='ocrx_word' id='word_1_241' title='bbox 1017 1702 1154 1742; x_wconf 80' lang='lat' dir='ltr'>partem</span> <span class='ocrx_word' id='word_1_242' title='bbox 1176 1699 1400 1741; x_wconf 83' lang='lat' dir='ltr'>venumdat3</span> <span class='ocrx_word' id='word_1_243' title='bbox 1426 1710 1544 1745; x_wconf 88' lang='lat' dir='ltr'>neque</span> <span class='ocrx_word' id='word_1_244' title='bbox 1568 1702 1669 1737; x_wconf 89' lang='lat' dir='ltr'>aliter</span> 
     </span>
     <span class='ocr_line' id='line_1_27' title="bbox 212 1751 1670 1800; baseline 0.005 -16"><span class='ocrx_word' id='word_1_245' title='bbox 212 1762 322 1795; x_wconf 89' lang='lat' dir='ltr'>quam</span> <span class='ocrx_word' id='word_1_246' title='bbox 338 1752 530 1786; x_wconf 82' lang='lat' dir='ltr'>crudeliori</span> <span class='ocrx_word' id='word_1_247' title='bbox 549 1752 676 1786; x_wconf 84' lang='lat' dir='ltr'>mortis</span> <span class='ocrx_word' id='word_1_248' title='bbox 689 1763 820 1796; x_wconf 87' lang='lat' dir='ltr'>genere</span> <span class='ocrx_word' id='word_1_249' title='bbox 837 1751 1037 1796; x_wconf 77' lang='lat' dir='ltr'>proditores</span> <span class='ocrx_word' id='word_1_250' title='bbox 1055 1763 1076 1785; x_wconf 91' lang='lat' dir='ltr'>a</span> <span class='ocrx_word' id='word_1_251' title='bbox 1089 1753 1229 1787; x_wconf 87' lang='lat' dir='ltr'>caeteris</span> <span class='ocrx_word' id='word_1_252' title='bbox 1243 1753 1442 1798; x_wconf 85' lang='lat' dir='ltr'>distinguit.</span> <span class='ocrx_word' id='word_1_253' title='bbox 1492 1755 1670 1800; x_wconf 80' lang='lat' dir='ltr'>Olynthii,</span> 
     </span>
     <span class='ocr_line' id='line_1_28' title="bbox 210 1806 1668 1855; baseline 0.005 -16"><span class='ocrx_word' id='word_1_254' title='bbox 210 1806 319 1841; x_wconf 85' lang='lat' dir='ltr'>sicuti</span> <span class='ocrx_word' id='word_1_255' title='bbox 340 1806 419 1850; x_wconf 84' lang='lat' dir='ltr'>jam</span> <span class='ocrx_word' id='word_1_256' title='bbox 441 1806 705 1849; x_wconf 81' lang='lat' dir='ltr'>annotavimus,</span> <span class='ocrx_word' id='word_1_257' title='bbox 728 1806 883 1851; x_wconf 86' lang='lat' dir='ltr'>Philippi</span> <span class='ocrx_word' id='word_1_258' title='bbox 914 1806 1201 1851; x_wconf 88' lang='lat' dir='ltr'>indignationem</span> <span class='ocrx_word' id='word_1_259' title='bbox 1227 1808 1420 1851; x_wconf 89' lang='lat' dir='ltr'>subierant,</span> <span class='ocrx_word' id='word_1_260' title='bbox 1451 1811 1549 1855; x_wconf 90' lang='lat' dir='ltr'>quod</span> <span class='ocrx_word' id='word_1_261' title='bbox 1577 1811 1668 1847; x_wconf 89' lang='lat' dir='ltr'>duos</span> 
     </span>
     <span class='ocr_line' id='line_1_29' title="bbox 211 1862 1672 1907; baseline 0.003 -11"><span class='ocrx_word' id='word_1_262' title='bbox 211 1862 334 1896; x_wconf 82' lang='lat' dir='ltr'>fratres</span> <span class='ocrx_word' id='word_1_263' title='bbox 351 1862 441 1905; x_wconf 82' lang='lat' dir='ltr'>ejus,</span> <span class='ocrx_word' id='word_1_264' title='bbox 458 1862 519 1906; x_wconf 90' lang='lat' dir='ltr'>qui</span> <span class='ocrx_word' id='word_1_265' title='bbox 536 1873 584 1896; x_wconf 88' lang='lat' dir='ltr'>ex</span> <span class='ocrx_word' id='word_1_266' title='bbox 600 1862 711 1896; x_wconf 90' lang='lat' dir='ltr'>altero</span> <span class='ocrx_word' id='word_1_267' title='bbox 727 1862 897 1906; x_wconf 86' lang='lat' dir='ltr'>conjugio</span> <span class='ocrx_word' id='word_1_268' title='bbox 909 1863 928 1884; x_wconf 59' lang='lat'><em>2</em></span> <span class='ocrx_word' id='word_1_269' title='bbox 945 1862 979 1896; x_wconf 89' lang='lat' dir='ltr'>ei</span> <span class='ocrx_word' id='word_1_270' title='bbox 996 1865 1219 1906; x_wconf 89' lang='lat' dir='ltr'>supererant,</span> <span class='ocrx_word' id='word_1_271' title='bbox 1237 1873 1301 1907; x_wconf 88' lang='lat' dir='ltr'>per</span> <span class='ocrx_word' id='word_1_272' title='bbox 1322 1864 1599 1900; x_wconf 88' lang='lat' dir='ltr'>misericordiam</span> <span class='ocrx_word' id='word_1_273' title='bbox 1615 1878 1672 1902; x_wconf 90' lang='lat' dir='ltr'>re-</span> 
     </span>
     <span class='ocr_line' id='line_1_30' title="bbox 213 1916 1671 1966; baseline 0.003 -17"><span class='ocrx_word' id='word_1_274' title='bbox 213 1919 397 1960; x_wconf 86' lang='lat' dir='ltr'>ceperant.</span> <span class='ocrx_word' id='word_1_275' title='bbox 447 1917 584 1950; x_wconf 82' lang='lat' dir='ltr'>Eorum</span> <span class='ocrx_word' id='word_1_276' title='bbox 603 1916 752 1958; x_wconf 89' lang='lat' dir='ltr'>scilicet,</span> <span class='ocrx_word' id='word_1_277' title='bbox 771 1916 872 1961; x_wconf 85' lang='lat' dir='ltr'>quasi</span> <span class='ocrx_word' id='word_1_278' title='bbox 898 1917 1189 1960; x_wconf 83' lang='lat' dir='ltr'>competitorum,</span> <span class='ocrx_word' id='word_1_279' title='bbox 1209 1920 1395 1961; x_wconf 84' lang='lat' dir='ltr'>pertaesus,</span> <span class='ocrx_word' id='word_1_280' title='bbox 1417 1920 1552 1964; x_wconf 87' lang='lat' dir='ltr'>quippe</span> <span class='ocrx_word' id='word_1_281' title='bbox 1577 1933 1671 1966; x_wconf 90' lang='lat' dir='ltr'>quos</span> 
     </span>
     <span class='ocr_line' id='line_1_31' title="bbox 212 1971 1670 2019; baseline 0.004 -14"><span class='ocrx_word' id='word_1_282' title='bbox 212 1973 248 2005; x_wconf 92' lang='lat' dir='ltr'>in</span> <span class='ocrx_word' id='word_1_283' title='bbox 264 1975 400 2015; x_wconf 88' lang='lat' dir='ltr'>partem</span> <span class='ocrx_word' id='word_1_284' title='bbox 419 1972 519 2014; x_wconf 89' lang='lat' dir='ltr'>regni</span> <span class='ocrx_word' id='word_1_285' title='bbox 536 1971 768 2005; x_wconf 88' lang='lat' dir='ltr'>Macedonici</span> <span class='ocrx_word' id='word_1_286' title='bbox 790 1971 867 2016; x_wconf 88' lang='lat' dir='ltr'>ipsa</span> <span class='ocrx_word' id='word_1_287' title='bbox 882 1971 1151 2016; x_wconf 86' lang='lat' dir='ltr'>quodammodo</span> <span class='ocrx_word' id='word_1_288' title='bbox 1180 1975 1309 2006; x_wconf 86' lang='lat' dir='ltr'>natura</span> <span class='ocrx_word' id='word_1_289' title='bbox 1323 1984 1450 2008; x_wconf 84' lang='lat' dir='ltr'>vocare</span> <span class='ocrx_word' id='word_1_290' title='bbox 1468 1975 1670 2019; x_wconf 89' lang='lat' dir='ltr'>videbatur,</span> 
     </span>
     <span class='ocr_line' id='line_1_32' title="bbox 216 2025 1671 2075; baseline 0.005 -16"><span class='ocrx_word' id='word_1_291' title='bbox 216 2037 253 2059; x_wconf 90' lang='lat' dir='ltr'>se</span> <span class='ocrx_word' id='word_1_292' title='bbox 271 2036 414 2070; x_wconf 88' lang='lat' dir='ltr'>prorsus</span> <span class='ocrx_word' id='word_1_293' title='bbox 431 2025 475 2059; x_wconf 92' lang='lat' dir='ltr'>ab</span> <span class='ocrx_word' id='word_1_294' title='bbox 492 2026 535 2059; x_wconf 89' lang='lat' dir='ltr'>iis</span> <span class='ocrx_word' id='word_1_295' title='bbox 551 2026 698 2059; x_wconf 86' lang='lat' dir='ltr'>liberare</span> <span class='ocrx_word' id='word_1_296' title='bbox 715 2026 839 2068; x_wconf 89' lang='lat' dir='ltr'>voluit,</span> <span class='ocrx_word' id='word_1_297' title='bbox 857 2026 964 2059; x_wconf 90' lang='lat' dir='ltr'>sicuti</span> <span class='ocrx_word' id='word_1_298' title='bbox 981 2028 1088 2059; x_wconf 78' lang='lat' dir='ltr'>antea</span> <span class='ocrx_word' id='word_1_299' title='bbox 1102 2027 1250 2060; x_wconf 84' lang='lat' dir='ltr'>tertium</span> <span class='ocrx_word' id='word_1_300' title='bbox 1265 2027 1309 2060; x_wconf 88' lang='lat' dir='ltr'>de</span> <span class='ocrx_word' id='word_1_301' title='bbox 1324 2028 1442 2062; x_wconf 88' lang='lat' dir='ltr'>medio</span> <span class='ocrx_word' id='word_1_302' title='bbox 1457 2031 1671 2075; x_wconf 85' lang='lat' dir='ltr'>sustulerat;</span> 
     </span>
     <span class='ocr_line' id='line_1_33' title="bbox 216 2079 1670 2130; baseline 0.005 -17"><span class='ocrx_word' id='word_1_303' title='bbox 216 2084 326 2125; x_wconf 87' lang='lat' dir='ltr'>atquc</span> <span class='ocrx_word' id='word_1_304' title='bbox 342 2080 394 2113; x_wconf 89' lang='lat' dir='ltr'>ita</span> <span class='ocrx_word' id='word_1_305' title='bbox 410 2080 556 2114; x_wconf 89' lang='lat' dir='ltr'>demum</span> <span class='ocrx_word' id='word_1_306' title='bbox 570 2080 660 2114; x_wconf 82' lang='lat' dir='ltr'>feras</span> <span class='ocrx_word' id='word_1_307' title='bbox 675 2079 785 2114; x_wconf 86' lang='lat' dir='ltr'>animi</span> <span class='ocrx_word' id='word_1_308' title='bbox 799 2080 853 2114; x_wconf 88' lang='lat' dir='ltr'>sui</span> <span class='ocrx_word' id='word_1_309' title='bbox 870 2080 1093 2125; x_wconf 88' lang='lat' dir='ltr'>suspiciones</span> <span class='ocrx_word' id='word_1_310' title='bbox 1111 2081 1365 2126; x_wconf 82' lang='lat' dir='ltr'>tranquillavit.</span> <span class='ocrx_word' id='word_1_311' title='bbox 1423 2083 1540 2127; x_wconf 86' lang='lat' dir='ltr'>Igitur</span> <span class='ocrx_word' id='word_1_312' title='bbox 1557 2086 1670 2130; x_wconf 86' lang='lat' dir='ltr'>Olyn-</span> 
     </span>
     <span class='ocr_line' id='line_1_34' title="bbox 217 2134 1671 2184; baseline 0.005 -16"><span class='ocrx_word' id='word_1_313' title='bbox 217 2135 318 2169; x_wconf 88' lang='lat' dir='ltr'>thum</span> <span class='ocrx_word' id='word_1_314' title='bbox 339 2135 491 2175; x_wconf 86' lang='lat' dir='ltr'>obsidet,</span> <span class='ocrx_word' id='word_1_315' title='bbox 511 2139 713 2179; x_wconf 78' lang='lat' dir='ltr'>expuguat,</span> <span class='ocrx_word' id='word_1_316' title='bbox 737 2134 1012 2180; x_wconf 81' lang='lat' dir='ltr'>exscinditque3</span> <span class='ocrx_word' id='word_1_317' title='bbox 1037 2136 1163 2169; x_wconf 83' lang='lat' dir='ltr'>fratres</span> <span class='ocrx_word' id='word_1_318' title='bbox 1180 2136 1266 2170; x_wconf 92' lang='lat' dir='ltr'>olim</span> <span class='ocrx_word' id='word_1_319' title='bbox 1293 2136 1471 2172; x_wconf 86' lang='lat' dir='ltr'>destinato</span> <span class='ocrx_word' id='word_1_320' title='bbox 1492 2140 1671 2184; x_wconf 88' lang='lat' dir='ltr'>supplicio</span> 
     </span>
     <span class='ocr_line' id='line_1_35' title="bbox 217 2189 1364 2234; baseline 0.002 -11"><span class='ocrx_word' id='word_1_321' title='bbox 217 2189 341 2230; x_wconf 85' lang='lat' dir='ltr'>tradit;</span> <span class='ocrx_word' id='word_1_322' title='bbox 366 2190 560 2234; x_wconf 75' lang='lat' dir='ltr'>praedaque</span> <span class='ocrx_word' id='word_1_323' title='bbox 576 2189 712 2233; x_wconf 85' lang='lat' dir='ltr'>ingenti</span> <span class='ocrx_word' id='word_1_324' title='bbox 731 2189 862 2234; x_wconf 87' lang='lat' dir='ltr'>pariter</span> <span class='ocrx_word' id='word_1_325' title='bbox 878 2193 914 2223; x_wconf 84' lang='lat' dir='ltr'>et</span> <span class='ocrx_word' id='word_1_326' title='bbox 932 2189 1108 2233; x_wconf 84' lang='lat' dir='ltr'>parricidii</span> <span class='ocrx_word' id='word_1_327' title='bbox 1127 2194 1210 2224; x_wconf 89' lang='lat' dir='ltr'>voto</span> <span class='ocrx_word' id='word_1_328' title='bbox 1224 2190 1364 2226; x_wconf 86' lang='lat' dir='ltr'>fruitur.</span> 
     </span>
    </p>
   </div>
   <div class='ocr_carea' id='block_1_4' title="bbox 1388 2253 1615 2296">
    <p class='ocr_par' dir='ltr' id='par_1_5' title="bbox 1388 2253 1615 2296">
     <span class='ocr_line' id='line_1_36' title="bbox 1388 2253 1615 2296; baseline 0.018 -4"><span class='ocrx_word' id='word_1_329' title='bbox 1388 2253 1615 2296; x_wconf 75' lang='lat' dir='ltr'>TounizLL.</span> 
     </span>
    </p>
   </div>
   <div class='ocr_carea' id='block_1_5' title="bbox 217 2337 1675 2464">
    <p class='ocr_par' dir='ltr' id='par_1_6' title="bbox 217 2337 1675 2464">
     <span class='ocr_line' id='line_1_37' title="bbox 260 2337 1673 2384; baseline 0.001 -17"><span class='ocrx_word' id='word_1_330' title='bbox 260 2340 277 2355; x_wconf 65' lang='lat'>³⁸</span> <span class='ocrx_word' id='word_1_331' title='bbox 296 2340 442 2377; x_wconf 62' lang='lat' dir='ltr'>Amyntas</span> <span class='ocrx_word' id='word_1_332' title='bbox 459 2337 596 2377; x_wconf 83' lang='lat' dir='ltr'>Philippi</span> <span class='ocrx_word' id='word_1_333' title='bbox 609 2342 695 2377; x_wconf 86' lang='lat' dir='ltr'>pater</span> <span class='ocrx_word' id='word_1_334' title='bbox 715 2348 755 2368; x_wconf 82' lang='lat' dir='ltr'>ex</span> <span class='ocrx_word' id='word_1_335' title='bbox 771 2337 926 2377; x_wconf 72' lang='lat' dir='ltr'>Eurydice</span> <span class='ocrx_word' id='word_1_336' title='bbox 959 2343 1057 2374; x_wconf 82' lang='lat' dir='ltr'>trem3</span> <span class='ocrx_word' id='word_1_337' title='bbox 1077 2337 1168 2367; x_wconf 75' lang='lat' dir='ltr'>filiam</span> <span class='ocrx_word' id='word_1_338' title='bbox 1198 2338 1290 2369; x_wconf 85' lang='lat' dir='ltr'>etiam</span> <span class='ocrx_word' id='word_1_339' title='bbox 1314 2341 1505 2378; x_wconf 85' lang='lat' dir='ltr'>Euryonem:</span> <span class='ocrx_word' id='word_1_340' title='bbox 1539 2353 1577 2372; x_wconf 82' lang='lat' dir='ltr'>ex</span> <span class='ocrx_word' id='word_1_341' title='bbox 1609 2345 1673 2384; x_wconf 78' lang='lat' dir='ltr'>Cy-</span> 
     </span>
     <span class='ocr_line' id='line_1_38' title="bbox 220 2380 1675 2423; baseline 0.007 -14"><span class='ocrx_word' id='word_1_342' title='bbox 220 2386 283 2410; x_wconf 67' lang='grc' dir='ltr'>πρε</span> <span class='ocrx_word' id='word_1_343' title='bbox 299 2381 378 2410; x_wconf 83' lang='lat' dir='ltr'>filios</span> <span class='ocrx_word' id='word_1_344' title='bbox 395 2380 543 2419; x_wconf 82' lang='lat' dir='ltr'>suscepit,</span> <span class='ocrx_word' id='word_1_345' title='bbox 562 2381 780 2417; x_wconf 78' lang='lat' dir='ltr'>Alexandrum,</span> <span class='ocrx_word' id='word_1_346' title='bbox 796 2380 924 2411; x_wconf 85' lang='lat' dir='ltr'>Perdic-</span> <span class='ocrx_word' id='word_1_347' title='bbox 957 2391 1034 2418; x_wconf 79' lang='lat' dir='ltr'>gnea</span> <span class='ocrx_word' id='word_1_348' title='bbox 1043 2386 1142 2411; x_wconf 73' lang='lat' dir='ltr'>autem</span> <span class='ocrx_word' id='word_1_349' title='bbox 1154 2383 1348 2421; x_wconf 83' lang='lat' dir='ltr'>Archelaum,</span> <span class='ocrx_word' id='word_1_350' title='bbox 1358 2384 1675 2423; x_wconf 54' lang='lat' dir='ltr'>Archideumffilene-</span> 
     </span>
     <span class='ocr_line' id='line_1_39' title="bbox 217 2423 1205 2464; baseline 0.003 -11"><span class='ocrx_word' id='word_1_351' title='bbox 217 2434 295 2460; x_wconf 64' lang='lat' dir='ltr'>tar-1,</span> <span class='ocrx_word' id='word_1_352' title='bbox 313 2429 346 2454; x_wconf 85' lang='lat' dir='ltr'>et</span> <span class='ocrx_word' id='word_1_353' title='bbox 365 2423 539 2463; x_wconf 85' lang='lat' dir='ltr'>Philippum</span> <span class='ocrx_word' id='word_1_354' title='bbox 559 2423 727 2455; x_wconf 78' lang='lat' dir='ltr'>Alexandri</span> <span class='ocrx_word' id='word_1_355' title='bbox 746 2423 851 2464; x_wconf 84' lang='lat' dir='ltr'>Magni</span> <span class='ocrx_word' id='word_1_356' title='bbox 871 2434 923 2464; x_wconf 82' lang='lat' dir='ltr'>pa·</span> <span class='ocrx_word' id='word_1_357' title='bbox 955 2423 1048 2456; x_wconf 86' lang='lat' dir='ltr'>laum.</span> <span class='ocrx_word' id='word_1_358' title='bbox 1083 2424 1205 2457; x_wconf 64' lang='lat' dir='ltr'>Ssocx.</span> 
     </span>
    </p>
   </div>
  </div>
 </body>
</html>
