1923 3149
531 204 737 242 ORATIO
767 203 840 241 DE
870 202 1175 243 CLASSIBUS.
1496 204 1564 242 131

134 315 208 343 non
227 306 465 357 negligenter
483 308 717 345 consuluisse
737 305 842 344 vobis
863 305 1040 342 inveniet.
1098 306 1234 355 Neque
1254 307 1349 342 enim
1371 307 1531 355 ignorat,
1547 318 1569 343 e

133 366 242 404 bellis
258 381 342 405 cum
359 369 437 406 suis
458 370 657 417 majoribus
678 368 806 418 gestis,
826 366 955 403 urbem
978 379 1153 415 magnam
1173 373 1211 403 et
1237 366 1383 403 felicem
1403 379 1487 404 esse
1513 366 1568 404 fa·

132 434 231 465 ctam
247 441 255 465 :
276 442 323 465 ex
338 429 414 467 otio
426 438 567 475 autem,
589 430 692 480 quod
708 435 796 466 ante
810 427 876 465 illa
889 435 1057 478 tempora
1072 433 1215 478 egerat,
1230 427 1334 464 nulla
1349 428 1567 464 Graecarum

130 488 277 525 urbium
299 497 402 528 tanto
422 491 551 536 fuisse,
570 498 713 541 quanto
733 501 834 526 nunc
855 489 1097 539 superiorem.
1152 488 1254 530 Quin
1274 486 1434 524 Graecos
1453 488 1567 525 etiam

129 548 233 586 videt
250 551 526 600 pacificatorem
545 551 730 601 requirere
751 550 811 587 vel
836 549 1040 595 volentem,
1059 549 1117 587 vel
1144 549 1314 586 invitum.
1353 548 1453 585 Eum
1478 562 1566 586 vero

130 611 373 661 semetipsum
394 612 447 649 eis
469 612 546 649 fore
566 611 752 661 intelligit,
769 611 799 648 si
815 610 957 648 bellurn
986 610 1157 648 moverit.
1213 610 1339 653 Quare
1358 622 1405 646 ea
1430 621 1516 658 quae
1545 621 1565 646 e

131 671 280 709 nunciis
296 672 436 718 audiet,
458 673 490 710 ei
512 679 550 709 et
568 679 660 709 nota
677 679 716 709 et
729 671 922 709 credibilia
940 677 1063 709 erunt.

185 734 243 769 12.
274 733 332 770 Ne
351 747 453 777 vero,
487 733 754 778 Athenienses,
774 733 989 783 prolixitate
1017 732 1198 771 orationis
1231 731 1336 769 vobis
1364 731 1474 769 nimis
1493 731 1561 769 sim

127 793 324 840 molestus,
350 794 534 844 capitibus
555 794 627 831 mei
647 794 792 832 consilii
811 795 1010 845 expositis,
1029 793 1276 831 descendam.
1334 793 1472 831 Instrui
1496 805 1562 831 vos

126 860 165 891 et
182 861 312 893 contra
327 862 451 893 certos
466 856 595 894 hostes
605 856 725 907 jubeo
741 870 750 899 ;
781 862 820 893 et
839 855 1046 907 propulsari
1065 855 1177 893 etiam
1198 855 1343 905 Regem
1362 861 1401 892 et
1418 867 1562 900 omnes,

126 915 158 951 si
177 928 244 953 vos
270 916 458 955 lacessere
484 917 727 961 instituerint,
747 918 791 955 iis
821 917 938 968 copiis
958 924 1130 968 oportere
1148 928 1306 954 censeo:
1336 915 1475 953 nullius
1493 928 1560 956 au-

123 981 200 1013 tem
226 976 340 1027 iniqui
359 977 416 1015 vel
444 977 532 1016 facti
556 978 616 1015 vel
637 978 729 1016 dicti
749 991 832 1016 esse
848 985 1034 1016 auctores.
1091 977 1211 1015 Facta
1229 983 1352 1014 autem
1371 983 1501 1014 nostra
1519 984 1562 1014 ut

123 1036 242 1085 digna
260 1038 336 1075 sint
349 1038 550 1089 majoribus
569 1038 831 1089 respleiamus‚
847 1052 922 1076 non
943 1039 979 1076 in
993 1039 1179 1076 concione
1193 1037 1341 1075 habitas
1355 1038 1560 1075 orationes.

124 1098 222 1139 Quae
235 1099 266 1136 si
277 1098 454 1145 feceritis,
467 1106 505 1137 et
518 1099 717 1151 vobisipsis
731 1100 937 1138 consuletis
951 1107 988 1138 et
1004 1100 1045 1137 iis
1059 1100 1122 1150 qui
1137 1099 1364 1138 contrarium
1377 1100 1556 1137 suadent:

122 1171 208 1197 narn
224 1166 313 1211 post
330 1160 402 1198 illis
423 1174 498 1200 non
517 1161 741 1209 irascemini,
762 1163 978 1212 quodfieret,
997 1161 1026 1200 si
1042 1175 1143 1200 nunc
1164 1161 1434 1214 impingeretiS.
