1923 3149
311 209 387 245 392
686 207 912 246 CONTRA
946 208 1388 247 ARISTOCRATEM.

309 321 399 347 vero
418 321 496 346 non
516 308 698 347 deessent
711 309 907 361 complura
921 310 1098 357 dicenda,
1114 313 1151 349 in
1167 325 1252 362 quoe
1269 313 1300 350 si
1321 312 1404 364 quis
1419 312 1622 357 intueatur,
1637 313 1759 363 magis

309 369 417 407 illum
436 370 720 407 formidandum
739 379 863 421 putet,
885 385 1001 421 quam
1032 372 1104 410 hac
1127 373 1364 422 cogitatione
1391 373 1697 419 concedendum,
1717 381 1759 410 ut

309 430 392 480 ejus
412 443 504 480 opes
532 438 758 481 augeantur.
797 432 841 469 Id
862 433 985 469 solum
1011 439 1154 479 tamen,
1183 433 1285 483 quod
1314 434 1351 470 in
1385 441 1566 484 promptu
1595 435 1758 471 maxime

312 491 402 527 mihi
416 497 488 535 est,
503 491 640 530 dicam.
670 492 804 530 Nostis
823 493 951 543 utique
972 493 1203 544 Philippum,
1218 494 1486 540 Athenienses,
1503 494 1759 531 Macedonem

310 551 438 597 istum,
457 552 518 589 cui
538 553 713 590 nimirum
733 554 854 591 multo
874 554 996 603 magis
1022 554 1253 604 expediebat
1278 555 1392 592 totius
1413 554 1651 592 Macedoniae
1670 555 1759 592 red-

309 613 387 650 itus
417 627 550 652 secure
570 615 778 665 percipere,
801 628 915 665 quam
944 628 1031 653 cum
1051 615 1228 666 periculis
1251 616 1582 666 Amphipolitanos
1601 628 1609 652 :
1639 616 1762 664 magis

309 688 423 725 porro
444 688 463 712 e
484 689 522 712 re
537 676 618 725 ejus
639 676 787 725 fuisset,
803 676 1006 714 amicitiam
1027 684 1205 723 vestram,
1221 689 1335 727 quam
1356 690 1378 714 a
1392 684 1512 728 patre,
1534 689 1602 727 per
1621 688 1758 713 manus

309 737 491 774 traditam
518 743 732 786 acceperat,
751 737 862 782 tueri,
886 750 1001 787 quam
1029 738 1314 783 Thessalorum,
1334 751 1356 776 a
1383 739 1520 788 quibus
1540 744 1650 789 pater
1675 740 1757 784 ejus

307 811 429 848 regno
444 798 578 848 pulsus
594 797 730 843 fuerat,
747 798 888 836 ambire
899 799 1136 837 societatem.
1165 799 1264 837 Nam
1281 808 1418 851 praeter
1431 800 1516 844 hoc,
1531 799 1625 837 illud
1640 799 1756 836 etiam

307 860 436 896 videre
456 866 538 896 est:
567 871 634 896 vos
660 872 871 909 nunquam,
892 859 1163 906 Athenienses,
1183 860 1301 897 ullum
1331 862 1492 898 amicum
1523 860 1757 905 deseruistis,

307 919 685 958 Thessalineminem
704 933 873 970 unquam
895 928 1116 958 constanter
1135 921 1404 959 defenderunt.
1450 924 1548 963 Qnoe
1566 935 1681 972 quum
1701 922 1754 958 ita

309 980 399 1026 sint,
418 993 536 1030 parva
558 981 829 1024 emolumenta,
849 987 888 1017 et
907 981 1072 1018 incertos
1092 981 1249 1026 amicos,
1269 988 1307 1018 et
1324 982 1494 1032 pericula
1512 982 1647 1019 videtis
1666 994 1753 1018 eum

305 1041 395 1077 vitae
425 1041 620 1078 securitati
647 1041 878 1090 praetulisse.
927 1042 1026 1083 Quae
1044 1054 1162 1080 causa
1181 1042 1339 1079 tandem
1366 1042 1455 1079 est?
1492 1042 1628 1092 Neque
1653 1042 1753 1078 euim

305 1102 421 1153 hujus
438 1103 529 1141 facti
547 1103 642 1141 ratio
661 1103 714 1139 ita
732 1109 791 1139 est
809 1103 844 1139 in
865 1109 1056 1153 promptu.
1087 1104 1239 1149 Dicam,
1259 1103 1527 1142 Athenienses.
1566 1104 1665 1140 Cum
1684 1102 1756 1139 ho·

304 1164 469 1202 minibus
489 1165 601 1202 bonae
621 1164 697 1202 sint
712 1163 799 1200 duae
816 1176 890 1208 res,
911 1164 1029 1201 altera
1042 1164 1220 1214 princeps
1239 1164 1481 1214 maximaque
1499 1164 1666 1201 omnium
1696 1163 1753 1200 fe-

303 1224 443 1270 licitas,
469 1225 600 1269 altera,
623 1233 664 1261 ut
684 1225 758 1261 hac
777 1224 912 1268 minor,
942 1224 996 1261 sic
1022 1224 1121 1261 inter
1147 1231 1296 1261 ceteras
1326 1237 1488 1271 summa,
1514 1224 1662 1262 consilii
1687 1236 1752 1262 ca-

301 1286 432 1336 piendi
449 1285 668 1336 prudentia,
694 1297 771 1321 non
801 1283 914 1320 simul
945 1284 1134 1334 contingit
1153 1285 1352 1334 utriusque
1384 1285 1581 1335 possessio
1610 1290 1754 1322 morta—

301 1347 429 1390 libus;
459 1359 585 1396 neque
606 1345 808 1395 quisquam
828 1345 917 1382 felix
936 1344 1138 1381 terminum
1169 1352 1236 1382 aut
1258 1345 1372 1382 finem
1391 1346 1512 1382 ullum
1531 1346 1649 1383 habet
1668 1345 1752 1381 infi-

301 1408 393 1445 nitae
409 1407 673 1457 augendarum
693 1418 809 1455 opum
829 1403 1062 1454 cupiditatis.
1092 1404 1260 1443 Proinde
1275 1405 1385 1442 multi
1404 1405 1587 1455 majorum
1604 1405 1752 1442 emolu-

302 1474 519 1505 mentorum
547 1467 736 1504 desiderio
765 1465 939 1502 fortunas
967 1478 1056 1502 suas
1076 1465 1296 1503 amiserunt.
1326 1466 1376 1502 Et
1402 1466 1494 1514 quid
1514 1479 1673 1503 necesse
1693 1472 1754 1503 est

303 1530 352 1567 de
373 1529 550 1579 Philippo
578 1527 718 1573 dicere,
737 1535 804 1564 aut
825 1527 898 1564 alio
918 1526 1126 1577 quopiam?
1156 1527 1255 1563 Cum
1284 1527 1366 1577 ipse
1397 1528 1518 1578 Cotys
1547 1527 1754 1565 Cersoble-

301 1596 380 1640 ptae
399 1596 520 1639 pater,
535 1589 566 1625 si
585 1601 660 1638 qua
679 1587 711 1624 ei
732 1594 864 1624 exorta
883 1593 988 1623 esset
1006 1586 1142 1623 seditio
1158 1593 1226 1624 aut
1244 1587 1445 1632 dissensio,
1471 1587 1591 1625 missis
1611 1588 1660 1625 ad
1681 1601 1751 1625 nos

300 1650 453 1701 legatis,
475 1646 515 1687 se
535 1650 728 1687 facturum
749 1649 876 1686 omnia
894 1648 1010 1685 fuerit
1026 1648 1245 1698 pollicitus;
1276 1656 1314 1686 et
1341 1655 1421 1686 tum
1442 1650 1616 1695 senserit,
1635 1663 1750 1700 quam

302 1712 382 1749 suis
410 1711 619 1748 rationibus
639 1716 742 1747 esset
773 1709 1073 1755 incommodum,
1103 1717 1246 1746 nostrae
1270 1709 1411 1747 civitati
1441 1711 1566 1748 facere
1595 1711 1752 1748 bellum.

301 1773 464 1810 Thracia
489 1785 579 1809 vero
609 1773 784 1816 subacta,
804 1771 914 1808 urbes
940 1770 1148 1821 occuparit,
1176 1771 1302 1807 ebrius
1329 1770 1485 1820 injurias
1510 1771 1654 1820 fecerit,
1681 1771 1750 1814 de-

299 1833 511 1873 bacchatus
531 1833 593 1881 sit,
609 1833 648 1870 in
668 1832 796 1882 primis
813 1831 850 1868 in
864 1832 1123 1881 semetipsum,
1138 1830 1275 1869 deinde
1289 1831 1327 1868 in
1348 1844 1418 1868 nos
1438 1832 1566 1878 etiam,
1581 1839 1749 1871 nostram

301 1895 487 1932 ditionem
508 1894 701 1938 invaserit,
730 1892 785 1930 ita
809 1905 868 1929 res
897 1899 979 1929 erat
1007 1891 1313 1942 inexplicabilis:
1344 1904 1432 1929 nam
1459 1893 1491 1929 si
1519 1893 1583 1942 qui
1610 1894 1659 1930 ad
1680 1906 1749 1930 ex-

302 1957 462 2007 plendas
483 1956 645 2006 injustas
665 1955 896 2005 cupiditates
917 1966 962 1991 ea
981 1953 1207 2003 suscipiunt,
1226 1965 1312 2002 quae
1331 1965 1407 1990 non
1428 1960 1593 2002 oportet,
1611 1953 1649 1990 hi
1669 1966 1747 1991 non

301 2016 521 2054 difficillima
539 2027 701 2065 quaeque
721 2015 890 2064 cogitare
917 2014 1054 2058 solent,
1079 2013 1148 2050 sed
1175 2013 1347 2063 prosperi
1373 2025 1576 2050 successus
1605 2015 1750 2051 emolu-

300 2084 443 2115 menta.
478 2076 562 2126 Ego
578 2088 668 2113 vero
687 2075 794 2113 vobis
811 2088 855 2112 ea
875 2073 1124 2111 deliberanda
1141 2086 1295 2119 censeo,
1314 2073 1452 2123 quibus
1473 2073 1749 2125 Cersobleptae,

302 2140 334 2177 si
354 2139 388 2175 in
415 2151 461 2175 ea
486 2136 674 2174 sententia
698 2136 892 2182 manserit,
912 2148 989 2186 qua
1016 2147 1100 2171 eum
1120 2146 1203 2172 esse
1225 2134 1349 2179 decet,
1376 2134 1482 2172 nulla
1509 2134 1576 2171 fiat
1593 2148 1661 2185 per
1677 2130 1747 2174 uos

299 2199 461 2250 injuria:
493 2198 551 2235 sin
581 2203 719 2235 temere
739 2209 807 2234 vos
827 2196 1016 2234 lacessere
1036 2201 1209 2239 conetur,
1229 2201 1272 2231 ut
1291 2206 1368 2231 non
1399 2195 1447 2232 sit
1477 2198 1606 2242 major,
1630 2208 1745 2245 quam

300 2267 344 2297 ut
363 2272 450 2297 eum
469 2258 603 2296 ulcisci
622 2258 784 2308 queatis.
814 2257 960 2308 Legam
977 2263 1105 2293 autem
1119 2256 1226 2292 vobis
1243 2254 1455 2305 epistolam,
1475 2267 1591 2305 quam
1612 2256 1748 2306 Cotys,

300 2328 392 2372 post
408 2319 648 2371 Miltocythae
668 2320 923 2357 defectionem
942 2318 1017 2355 huc
1032 2317 1147 2361 misit,
1165 2323 1204 2354 et
1222 2329 1312 2367 qua,
1327 2321 1407 2354 toto
1419 2315 1577 2366 imperio
1589 2317 1746 2366 potitus,

298 2381 546 2419 Timomacho
565 2381 695 2427 missa,
714 2387 857 2418 vestras
876 2381 990 2417 urbes
1010 2379 1159 2416 evertit.

883 2481 1155 2518 EPISTOLA.

303 2567 389 2605 Hoc
414 2567 645 2618 exemplum,
667 2566 936 2610 Athenienses,
968 2579 1054 2604 cum
1077 2565 1258 2611 videritis,
1290 2573 1330 2602 et
1360 2565 1453 2602 illud
1485 2565 1628 2611 sciatis,
1654 2565 1746 2604 Phi-

298 2628 457 2679 lippum,
472 2628 562 2665 dum
584 2627 839 2678 Amphipolim
859 2627 1073 2672 obsidebat,
1088 2627 1173 2664 ideo
1193 2638 1234 2662 se
1252 2639 1335 2663 eam
1351 2639 1575 2677 oppugnare
1587 2626 1743 2672 dixisse,

299 2696 342 2726 ut
357 2690 466 2727 vobis
480 2688 659 2733 traderet,
675 2697 876 2738 postquam
890 2694 1058 2738 ceperat,
1074 2687 1186 2724 etiam
1203 2687 1415 2724 Potidaeam
1428 2687 1534 2724 vobis
1547 2687 1743 2738 eripuisse,

298 2749 397 2787 hanc
411 2750 457 2797 (si
471 2762 530 2786 me
543 2749 696 2798 quidem
711 2748 889 2794 audietis)
904 2747 1162 2797 Cersobleptae
1178 2748 1290 2784 fidem
1305 2747 1506 2792 habebitis,
1519 2759 1632 2797 quam
1647 2746 1745 2796 Iphi-

300 2818 424 2848 crates
439 2810 629 2861 Ephialtae
646 2810 688 2846 F.
704 2809 792 2847 olim
808 2822 831 2846 a
847 2808 1147 2845 Lacedaemoniis
1162 2808 1366 2858 stipulatus
1380 2815 1450 2845 est.
1487 2807 1608 2850 Quem
1623 2806 1742 2849 aiunt.

300 2871 475 2910 fraudem
505 2871 544 2908 in
579 2884 617 2908 re
637 2871 814 2922 quapiam
842 2870 1082 2907 nectentibus
1103 2869 1422 2915 Lacedaemoniis,
1451 2867 1741 2906 ostendentibus

299 2938 427 2971 tamen
448 2945 488 2972 sc
506 2932 680 2985 quamvis
699 2932 751 2970 illi
772 2931 885 2970 fidem
911 2931 1083 2976 daturos,
1105 2930 1265 2977 dixisse,
1286 2943 1362 2968 non
1390 2930 1463 2968 alia
1484 2929 1557 2966 fide
1583 2928 1674 2965 data
1699 2941 1742 2966 se
