1923 3149
467 187 564 226 'DE
596 188 748 226 MALE
779 186 954 226 GESTA
988 185 1317 224 LEGATIONE.
1549 187 1625 223 225

166 290 245 328 veri
276 292 538 338 renunciasse,
568 299 608 330 et
631 291 825 330 obstitisse
855 289 1010 341 populo,
1031 302 1077 326 ne
1097 303 1228 327 verum
1251 301 1301 327 ex
1321 301 1381 326 me
1401 287 1563 333 audiret,
1583 292 1622 324 et

168 351 323 390 utilibus
351 354 513 391 maxime
545 354 735 391 contraria
756 352 922 390 suasisse
943 350 1065 396 vobis,
1086 356 1124 388 et
1144 350 1234 387 nihil
1257 362 1387 387 eorum
1408 362 1493 399 quae
1513 361 1622 386 man·
1663 364 1676 372 ·

166 412 371 460 daveratis,
404 415 441 451 in
477 415 668 464 legatione
699 415 849 459 fecisse,
877 419 916 450 et
943 412 1231 462 consumpsisse
1264 418 1453 461 tempora,
1483 411 1621 460 quibus

165 475 373 512 multarum
394 483 432 514 et
450 488 677 525 magnarum
709 488 832 512 rerum
863 473 1087 512 occasiones
1118 472 1335 522 reipublicae
1356 473 1563 521 perierunt,
1586 480 1624 509 et

166 544 323 586 propter
338 537 421 574 haec
436 537 565 574 omnia
582 549 744 574 munera
763 543 802 572 et
820 535 1016 572 mercedes
1038 534 1235 585 accepisse
1268 545 1355 570 cum
1391 532 1621 578 Philocrate,

170 597 428 635 condemnate
448 611 549 641 eum,
572 604 624 643 et,
645 604 688 634 ut
708 597 819 635 factis
840 597 921 647 ejus
941 596 1102 646 dignum
1125 602 1198 639 est,
1219 593 1402 631 mulctate
1420 606 1428 630 :
1460 593 1519 630 sin
1540 593 1624 630 haec

165 670 242 695 non
262 658 483 703 ostendero,
500 664 567 695 aut
586 670 662 694 non
681 657 886 695 ostendero
906 657 1046 702 omnia,
1067 663 1106 693 et
1137 668 1198 692 me
1233 655 1447 705 improbum
1481 653 1624 698 ducite,

166 725 206 755 et
224 718 336 756 istum
357 718 558 756 absolvite.
601 720 835 768 Quanquam
856 725 984 755 autem
1004 718 1124 754 multa
1144 723 1183 753 et
1201 716 1344 766 gravia,
1366 722 1505 766 praeter
1524 714 1623 759 haec,

164 779 279 816 etiam
299 780 374 817 alia
401 779 439 816 in
470 792 515 817 eo
546 792 727 818 accusare
748 793 914 830 possem,
937 778 1212 823 Athenienses,
1233 779 1281 814 ob
1302 790 1388 827 quae
1410 789 1523 813 nemo
1548 787 1626 812 non

164 841 354 891 eumjure
373 841 509 887 oderit,
527 854 596 879 vos
617 848 745 879 tamen
773 848 861 878 ante
881 841 1008 878 omnia
1029 852 1114 890 quae
1143 839 1317 876 dicturus
1338 851 1421 875 sum
1442 837 1550 885 (licet
1570 837 1621 881 id,

162 908 207 939 ut
244 902 336 939 satis
365 903 456 946 scio,
491 902 662 953 plerique
699 909 869 940 vestrum
899 901 1171 947 meminerunt)
1196 899 1551 943 commonefaciam,
1586 897 1626 934 in

162 976 276 1013 quem
296 964 516 1014 reipublicae
547 964 710 1014 gradum
732 963 932 1000 AEschines
953 976 993 1000 se
1013 963 1174 1012 primum
1197 960 1409 1005 collocarit,
1429 966 1468 996 et
1487 958 1623 1008 quales

163 1024 371 1064 conciones
393 1033 527 1063 contra
540 1025 759 1076 Philippum
775 1024 846 1062 sibi
860 1023 1060 1062 habendas
1076 1036 1160 1061 esse
1174 1022 1368 1060 censuerit
1383 1035 1392 1064 ;
1416 1028 1458 1058 ut
1479 1020 1625 1064 sciatis,

162 1098 251 1123 eum
290 1087 369 1124 suis
398 1088 508 1132 actis,
539 1094 577 1124 et
605 1087 735 1137 primis
771 1086 1022 1124 concionibus
1056 1085 1218 1122 maxime
1257 1090 1506 1134 acceptorum
1541 1094 1625 1118 mu·

161 1160 294 1185 nerum
313 1161 428 1197 posse
450 1148 642 1184 convinci.
1424 1139 1431 1142 ”

211 1210 252 1245 5.
283 1208 434 1245 Primus
454 1208 570 1258 igitur
589 1208 651 1245 hic
674 1216 735 1245 est
751 1208 1041 1246 Atheniensium
1065 1208 1127 1258 qui
1150 1208 1462 1245 animadverterit
1477 1206 1624 1256 Philip-

161 1281 266 1320 pum,
285 1276 328 1306 ut
346 1275 425 1306 tum
441 1281 509 1319 pro
525 1268 711 1306 concione
732 1270 942 1314 asserebat,
959 1269 1128 1306 insidiari
1146 1269 1309 1314 Graecis,
1325 1277 1364 1306 et
1383 1280 1628 1317 corrumpere

161 1331 455 1381 magistratuum
487 1329 678 1380 quosdam
709 1330 747 1367 in
781 1330 972 1367 Arcadia:
1003 1330 1068 1380 qui
1089 1329 1258 1367 adhibito
1278 1329 1503 1373 Ischandm,
1527 1329 1630 1366 Neo-

159 1392 319 1443 ptolemi
339 1392 562 1430 secundano
583 1399 724 1437 actore,
744 1391 916 1429 retulerit
936 1391 984 1429 ad
1006 1399 1197 1436 senatum,
1219 1391 1397 1429 retulerit
1421 1391 1470 1428 ad
1503 1402 1626 1441 popu-

161 1454 240 1491 lum
268 1455 328 1492 his
359 1454 406 1492 de
439 1455 568 1500 rebus,
602 1461 642 1491 et
669 1454 834 1491 suaserit
852 1454 973 1498 vobis,
995 1466 1227 1504 quocunque
1249 1461 1440 1490 terrarum
1475 1452 1627 1502 legatos

162 1528 248 1553 esse
272 1515 493 1561 mittendos,
513 1515 578 1566 qui
614 1514 773 1552 Graecos
808 1514 882 1552 huc
912 1522 1183 1560 convocarent,
1211 1515 1260 1552 de
1287 1514 1388 1551 bello
1411 1513 1629 1563 Philippico

161 1576 463 1615 deliberaturos:
494 1577 558 1627 qui
588 1583 724 1627 postea
747 1589 922 1623 reversus
954 1589 1001 1614 ex
1035 1576 1215 1620 Arcadia,
1240 1575 1445 1626 praeclaras
1477 1574 1562 1611 illas
1591 1581 1630 1612 et

162 1637 300 1689 longas
321 1638 512 1676 orationes
533 1638 783 1683 recensuerit,
805 1650 905 1687 quas
938 1636 1039 1688 apud
1063 1638 1198 1675 decem
1220 1637 1284 1674 illa
1303 1637 1469 1674 virorum
1495 1635 1627 1681 millia,

162 1699 412 1758 Megalopoli,
434 1700 616 1738 adversus
640 1700 936 1752 Hieronymum,
957 1699 1126 1750 Philippi
1147 1699 1404 1743 defensorem,
1435 1710 1476 1735 se
1503 1697 1627 1735 habu·

160 1760 235 1799 isse
256 1775 325 1812 pro
345 1762 452 1800 vobis
473 1762 686 1807 asseruerit,
707 1770 746 1800 et
765 1773 1107 1805 commemorasse,
1127 1761 1280 1810 quantis
1300 1758 1446 1811 injuriis
1473 1771 1628 1796 ornnem

162 1823 368 1869 Graeciam,
387 1832 465 1861 non
487 1837 576 1861 suas
596 1817 745 1861 tantum
767 1824 925 1874 patrias,
956 1821 1204 1872 largitionum
1237 1821 1339 1858 avidi
1361 1827 1400 1858 et
1419 1820 1628 1870 pecuniam

160 1897 184 1922 a
200 1884 378 1935 Philippo
399 1885 647 1935 accipientes,
667 1885 878 1922 efficerent.

212 1947 250 1983 6.
280 1945 542 1996 Posteaquam
563 1946 693 1996 igitur,
712 1959 757 1984 ea
786 1952 867 1983 tum
901 1945 973 1984 isto
1004 1945 1312 1991 administrante,
1334 1953 1373 1983 et
1402 1944 1478 1982 tale
1508 1944 1556 1982 de
1585 1957 1626 1982 se

161 2007 358 2058 specimen
377 2009 588 2057 praebente,
608 2008 716 2045 vobis
736 2007 786 2045 ad
810 2007 1029 2059 Philippum
1049 2008 1201 2058 legatos
1220 2008 1367 2045 mittere
1397 2019 1625 2058 persuasum

161 2076 223 2106 est
253 2069 301 2106 ab
332 2068 591 2114 Aristodemo,
625 2069 882 2120 Neoptolemo
916 2077 956 2107 et
989 2069 1257 2120 Ctesiphonte,
1281 2081 1326 2106 ac
1355 2067 1507 2113 ceteris,
1533 2066 1628 2104 nihil

162 2131 246 2168 sani
277 2121 324 2168 eii
355 2129 590 2167 Macedonia
621 2131 950 2176 renunciantibus,
987 2144 1121 2168 eorum
1154 2131 1370 2181 legatorum
1407 2136 1446 2166 et
1479 2129 1552 2166 iste
1582 2128 1627 2166 fit

158 2205 260 2228 unus
276 2204 286 2234 ;
317 2203 395 2228 non
416 2191 482 2242 qui
501 2199 629 2229 vestra
647 2191 844 2238 venderet,
866 2199 933 2229 aut
951 2192 1015 2242 qui
1035 2192 1215 2243 Philippo
1235 2192 1351 2229 fidem
1366 2190 1539 2235 haberet,
1556 2188 1626 2227 sed

161 2254 227 2305 qui
245 2260 396 2292 ceteros
412 2253 640 2291 custodiret.
664 2253 765 2291 Nam
781 2261 938 2304 propter
964 2254 1156 2291 orationes
1178 2260 1267 2290 ante
1287 2252 1452 2296 habitas,
1469 2258 1508 2289 et
1528 2250 1620 2287 Phi-

160 2315 255 2365 lippi
275 2315 422 2359 odium,
440 2316 496 2352 sic
517 2315 566 2352 de
587 2328 633 2352 eo
647 2328 725 2352 non
741 2316 810 2352 abs
831 2328 870 2353 re
891 2328 1025 2352 omnes
1046 2314 1286 2353 sentiebatis.
1308 2313 1458 2351 Deinde
1476 2323 1628 2350 mecum

161 2389 410 2426 congressus,
437 2376 647 2428 paciscitur
674 2390 716 2414 se
749 2377 1006 2415 communiter
1031 2376 1265 2428 legationem
1298 2374 1506 2420 obiturum,
1528 2379 1567 2411 et
1587 2379 1631 2410 ut

165 2436 394 2487 sacrilegum
411 2444 452 2475 et
469 2438 734 2488 impudentem
756 2437 1018 2475 Philocratem
1035 2444 1195 2488 uterque
1212 2449 1449 2481 caveremus,
1465 2434 1630 2472 multum

164 2496 352 2536 hortatur.
398 2499 460 2536 Ac
481 2499 608 2542 donec
634 2499 711 2537 huc
741 2499 975 2537 redissemus
1008 2512 1031 2536 a
1061 2499 1183 2550 prima
1209 2498 1417 2548 legatione,
1439 2497 1631 2547 equidem,

165 2557 433 2604 Athenienses,
452 2572 529 2597 non
550 2560 817 2605 animadverti,
834 2567 1059 2610 corruptum
1089 2573 1175 2598 esse
1198 2573 1299 2604 eum,
1319 2566 1358 2596 et
1377 2558 1629 2608 semetipsum

165 2618 400 2657 vendidisse.
433 2620 579 2659 Praeter
608 2622 710 2659 enim
738 2629 880 2668 cetera,
900 2635 1002 2672 quae,
1032 2627 1076 2659 ut
1110 2621 1299 2665 recensui,
1336 2620 1442 2670 prius
1468 2620 1629 2663 dixerat,

163 2680 288 2731 priore
308 2680 494 2718 concione
515 2695 592 2731 qua
610 2683 658 2720 de
679 2695 774 2733 pace
795 2683 1084 2728 deliberabatis‚
1104 2683 1280 2727 surrexit,
1295 2694 1419 2731 eoque
1440 2678 1629 2729 principio

166 2754 258 2779 usus
290 2749 362 2786 est,
397 2739 502 2792 quod
526 2755 598 2792 ego
619 2744 744 2782 verbis
775 2745 904 2790 etiam,
923 2752 968 2782 ut
987 2746 1135 2796 opinor,
1154 2744 1306 2787 iisdem,
1329 2753 1415 2791 quae
1435 2740 1500 2776 ille
1520 2740 1628 2787 dixit,

162 2803 268 2854 apud
283 2816 352 2841 vos
368 2806 674 2842 commemorabo
691 2818 701 2842 ε
731 2806 772 2847 ‚Si
791 2807 966 2853 multum,
987 2807 1124 2857 inquit,
1148 2812 1187 2844 et
1213 2805 1279 2842 diu
1299 2802 1507 2840 meditatus
1527 2810 1629 2842 esset

163 2864 415 2910 Philocrates,
448 2877 525 2916 quo
555 2872 669 2916 pacto
703 2867 887 2905 acerrime
916 2868 1138 2918 reipublicae
1168 2865 1450 2909 adversaretur,
1465 2862 1628 2901 Atheni-

162 2938 293 2972 enses,
312 2925 406 2962 nihil
423 2939 510 2964 eum
536 2926 672 2964 melius
705 2927 824 2966 fuisse
849 2935 1089 2979 reperturum
1109 2927 1271 2965 arbitror
1291 2924 1432 2963 talibus
1450 2924 1627 2963 decretis.

853 2990 876 3024 2
906 3001 931 3025 G
