<?xml version="1.0" encoding="UTF-8"?>
<!DOCTYPE html PUBLIC "-//W3C//DTD XHTML 1.0 Transitional//EN"
    "http://www.w3.org/TR/xhtml1/DTD/xhtml1-transitional.dtd">
<html xmlns="http://www.w3.org/1999/xhtml" xml:lang="en" lang="en">
 <head>
  <title>
</title>
<meta http-equiv="Content-Type" content="text/html;charset=utf-8" />
  <meta name='ocr-system' content='tesseract 3.04.00' />
  <meta name='ocr-capabilities' content='ocr_page ocr_carea ocr_par ocr_line ocrx_word'/>
</head>
<body>
  <div class='ocr_page' id='page_1' title='image "./oratoresatticie15dobs_0242.png"; bbox 0 0 1923 3149; ppageno 0'>
   <div class='ocr_carea' id='block_1_1' title="bbox 229 143 1362 184">
    <p class='ocr_par' dir='ltr' id='par_1_1' title="bbox 229 143 1362 184">
     <span class='ocr_line' id='line_1_1' title="bbox 229 143 1362 184; baseline -0.001 0"><span class='ocrx_word' id='word_1_1' title='bbox 229 149 305 184; x_wconf 78' lang='lat'>‘226</span> <span class='ocrx_word' id='word_1_2' title='bbox 546 145 621 183; x_wconf 91' lang='lat' dir='ltr'>DE</span> <span class='ocrx_word' id='word_1_3' title='bbox 651 144 800 182; x_wconf 90' lang='lat' dir='ltr'><strong>MALE</strong></span> <span class='ocrx_word' id='word_1_4' title='bbox 830 145 1002 183; x_wconf 84' lang='lat' dir='ltr'>GESTA</span> <span class='ocrx_word' id='word_1_5' title='bbox 1031 143 1362 184; x_wconf 83' lang='lat' dir='ltr'><strong>LEGATIONE.</strong></span> 
     </span>
    </p>
   </div>
   <div class='ocr_carea' id='block_1_2' title="bbox 229 244 1723 2939">
    <p class='ocr_par' dir='ltr' id='par_1_2' title="bbox 229 244 1694 1087">
     <span class='ocr_line' id='line_1_2' title="bbox 232 244 1678 299; baseline -0.002 -14"><span class='ocrx_word' id='word_1_6' title='bbox 232 248 314 298; x_wconf 90' lang='lat' dir='ltr'>Ego</span> <span class='ocrx_word' id='word_1_7' title='bbox 334 259 422 286; x_wconf 90' lang='lat' dir='ltr'>vero</span> <span class='ocrx_word' id='word_1_8' title='bbox 436 258 571 299; x_wconf 88' lang='lat' dir='ltr'>pacem</span> <span class='ocrx_word' id='word_1_9' title='bbox 589 248 714 296; x_wconf 85' lang='lat' dir='ltr'>istam,</span> <span class='ocrx_word' id='word_1_10' title='bbox 727 248 820 286; x_wconf 86' lang='lat' dir='ltr'>dum</span> <span class='ocrx_word' id='word_1_11' title='bbox 839 261 936 286; x_wconf 88' lang='lat' dir='ltr'>unus</span> <span class='ocrx_word' id='word_1_12' title='bbox 954 246 1205 286; x_wconf 80' lang='lat' dir='ltr'>Atheniensis</span> <span class='ocrx_word' id='word_1_13' title='bbox 1225 244 1467 298; x_wconf 80' lang='lat' dir='ltr'>superfuerit,</span> <span class='ocrx_word' id='word_1_14' title='bbox 1479 256 1678 296; x_wconf 88' lang='lat' dir='ltr'>nunquam</span> 
     </span>
     <span class='ocr_line' id='line_1_3' title="bbox 229 307 1682 362; baseline -0.003 -14"><span class='ocrx_word' id='word_1_15' title='bbox 229 310 373 348; x_wconf 86' lang='lat' dir='ltr'>civitati</span> <span class='ocrx_word' id='word_1_16' title='bbox 387 311 569 348; x_wconf 83' lang='lat' dir='ltr'>suaserim</span> <span class='ocrx_word' id='word_1_17' title='bbox 586 324 595 355; x_wconf 89' lang='lat'>;</span> <span class='ocrx_word' id='word_1_18' title='bbox 617 323 750 362; x_wconf 84' lang='lat' dir='ltr'>pacem</span> <span class='ocrx_word' id='word_1_19' title='bbox 770 318 898 348; x_wconf 88' lang='lat' dir='ltr'>tamen</span> <span class='ocrx_word' id='word_1_20' title='bbox 914 309 1130 348; x_wconf 83' lang='lat' dir='ltr'>faciendam</span> <span class='ocrx_word' id='word_1_21' title='bbox 1147 322 1232 348; x_wconf 87' lang='lat' dir='ltr'>esse</span> <span class='ocrx_word' id='word_1_22' title='bbox 1253 309 1353 346; x_wconf 89' lang='lat' dir='ltr'>dico.</span> <span class='ocrx_word' id='word_1_23' title='bbox 1373 307 1481 346; x_wconf 90' lang='lat' dir='ltr'>Talia</span> <span class='ocrx_word' id='word_1_24' title='bbox 1497 307 1682 356; x_wconf 89' lang='lat' dir='ltr'>loqueba-</span> 
     </span>
     <span class='ocr_line' id='line_1_4' title="bbox 231 367 1682 422; baseline -0.003 -14"><span class='ocrx_word' id='word_1_25' title='bbox 231 379 291 409; x_wconf 92' lang='lat' dir='ltr'>tur</span> <span class='ocrx_word' id='word_1_26' title='bbox 310 371 474 409; x_wconf 82' lang='lat' dir='ltr'>breviter</span> <span class='ocrx_word' id='word_1_27' title='bbox 488 379 527 410; x_wconf 88' lang='lat' dir='ltr'>et</span> <span class='ocrx_word' id='word_1_28' title='bbox 541 373 751 411; x_wconf 89' lang='lat' dir='ltr'>moderate.</span> <span class='ocrx_word' id='word_1_29' title='bbox 797 372 874 414; x_wconf 85' lang='lat' dir='ltr'>Qui</span> <span class='ocrx_word' id='word_1_30' title='bbox 894 384 984 409; x_wconf 91' lang='lat' dir='ltr'>vero</span> <span class='ocrx_word' id='word_1_31' title='bbox 1003 371 1123 422; x_wconf 83' lang='lat' dir='ltr'>pridie</span> <span class='ocrx_word' id='word_1_32' title='bbox 1149 370 1234 409; x_wconf 78' lang='lat' dir='ltr'>hteo</span> <span class='ocrx_word' id='word_1_33' title='bbox 1255 370 1416 414; x_wconf 85' lang='lat' dir='ltr'>dixerat,</span> <span class='ocrx_word' id='word_1_34' title='bbox 1435 367 1682 406; x_wconf 82' lang='lat' dir='ltr'>audientibus</span> 
     </span>
     <span class='ocr_line' id='line_1_5' title="bbox 229 430 1683 484; baseline -0.005 -13"><span class='ocrx_word' id='word_1_35' title='bbox 229 433 339 471; x_wconf 64' lang='lat' dir='ltr'>vobis</span> <span class='ocrx_word' id='word_1_36' title='bbox 359 434 550 480; x_wconf 90' lang='lat' dir='ltr'>omnibus,</span> <span class='ocrx_word' id='word_1_37' title='bbox 574 434 675 471; x_wconf 91' lang='lat' dir='ltr'>idem</span> <span class='ocrx_word' id='word_1_38' title='bbox 700 434 738 470; x_wconf 94' lang='lat' dir='ltr'>in</span> <span class='ocrx_word' id='word_1_39' title='bbox 757 435 978 484; x_wconf 71' lang='lat' dir='ltr'>posteriore,</span> <span class='ocrx_word' id='word_1_40' title='bbox 997 445 1085 470; x_wconf 88' lang='lat' dir='ltr'>cum</span> <span class='ocrx_word' id='word_1_41' title='bbox 1105 445 1181 484; x_wconf 88' lang='lat' dir='ltr'>pax</span> <span class='ocrx_word' id='word_1_42' title='bbox 1202 430 1468 470; x_wconf 84' lang='lat' dir='ltr'>confirmanda</span> <span class='ocrx_word' id='word_1_43' title='bbox 1485 435 1602 474; x_wconf 82' lang='lat' dir='ltr'>esset,</span> <span class='ocrx_word' id='word_1_44' title='bbox 1621 440 1683 465; x_wconf 88' lang='lat' dir='ltr'>me</span> 
     </span>
     <span class='ocr_line' id='line_1_6' title="bbox 232 493 1685 545; baseline -0.005 -12"><span class='ocrx_word' id='word_1_45' title='bbox 232 496 422 534; x_wconf 87' lang='lat' dir='ltr'>sociorum</span> <span class='ocrx_word' id='word_1_46' title='bbox 443 495 640 534; x_wconf 85' lang='lat' dir='ltr'>decretum</span> <span class='ocrx_word' id='word_1_47' title='bbox 660 494 906 541; x_wconf 88' lang='lat' dir='ltr'>defendente,</span> <span class='ocrx_word' id='word_1_48' title='bbox 933 502 972 532; x_wconf 92' lang='lat' dir='ltr'>et</span> <span class='ocrx_word' id='word_1_49' title='bbox 998 495 1038 533; x_wconf 88' lang='lat' dir='ltr'>id</span> <span class='ocrx_word' id='word_1_50' title='bbox 1065 500 1219 545; x_wconf 84' lang='lat' dir='ltr'>agente,</span> <span class='ocrx_word' id='word_1_51' title='bbox 1240 501 1285 532; x_wconf 90' lang='lat' dir='ltr'>ut</span> <span class='ocrx_word' id='word_1_52' title='bbox 1301 506 1375 545; x_wconf 84' lang='lat' dir='ltr'>pax</span> <span class='ocrx_word' id='word_1_53' title='bbox 1390 493 1498 544; x_wconf 84' lang='lat' dir='ltr'>justa</span> <span class='ocrx_word' id='word_1_54' title='bbox 1515 497 1556 528; x_wconf 88' lang='lat' dir='ltr'>et</span> <span class='ocrx_word' id='word_1_55' title='bbox 1572 501 1685 539; x_wconf 86' lang='lat' dir='ltr'>aequa</span> 
     </span>
     <span class='ocr_line' id='line_1_7' title="bbox 231 548 1686 608; baseline -0.005 -14"><span class='ocrx_word' id='word_1_56' title='bbox 231 557 351 602; x_wconf 88' lang='lat' dir='ltr'>fieret,</span> <span class='ocrx_word' id='word_1_57' title='bbox 370 557 557 608; x_wconf 89' lang='lat' dir='ltr'>vobisque</span> <span class='ocrx_word' id='word_1_58' title='bbox 580 557 634 594; x_wconf 91' lang='lat' dir='ltr'>ita</span> <span class='ocrx_word' id='word_1_59' title='bbox 662 556 930 601; x_wconf 86' lang='lat' dir='ltr'>sentientibus,</span> <span class='ocrx_word' id='word_1_60' title='bbox 952 564 998 594; x_wconf 81' lang='lat' dir='ltr'>ac</span> <span class='ocrx_word' id='word_1_61' title='bbox 1031 568 1078 594; x_wconf 89' lang='lat' dir='ltr'>ne</span> <span class='ocrx_word' id='word_1_62' title='bbox 1101 568 1234 593; x_wconf 88' lang='lat' dir='ltr'>vocem</span> <span class='ocrx_word' id='word_1_63' title='bbox 1259 554 1414 604; x_wconf 89' lang='lat' dir='ltr'>quidem</span> <span class='ocrx_word' id='word_1_64' title='bbox 1447 548 1686 603; x_wconf 77' lang='lat' dir='ltr'>spurcissimi</span> 
     </span>
     <span class='ocr_line' id='line_1_8' title="bbox 235 611 1688 667; baseline -0.007 -12"><span class='ocrx_word' id='word_1_65' title='bbox 235 618 466 656; x_wconf 83' lang='lat' dir='ltr'>Philocratis</span> <span class='ocrx_word' id='word_1_66' title='bbox 492 617 624 655; x_wconf 74' lang='lat' dir='ltr'>audire</span> <span class='ocrx_word' id='word_1_67' title='bbox 650 616 882 664; x_wconf 79' lang='lat' dir='ltr'>volentibus,</span> <span class='ocrx_word' id='word_1_68' title='bbox 903 617 1024 667; x_wconf 85' lang='lat' dir='ltr'>surgit</span> <span class='ocrx_word' id='word_1_69' title='bbox 1046 617 1096 654; x_wconf 89' lang='lat' dir='ltr'>ad</span> <span class='ocrx_word' id='word_1_70' title='bbox 1123 614 1446 658; x_wconf 89' lang='lat' dir='ltr'>concionandum,</span> <span class='ocrx_word' id='word_1_71' title='bbox 1465 611 1595 661; x_wconf 89' lang='lat' dir='ltr'>illique</span> <span class='ocrx_word' id='word_1_72' title='bbox 1620 621 1688 660; x_wconf 92' lang='lat' dir='ltr'>pa-</span> 
     </span>
     <span class='ocr_line' id='line_1_9' title="bbox 232 670 1690 724; baseline -0.008 -7"><span class='ocrx_word' id='word_1_73' title='bbox 232 681 453 724; x_wconf 89' lang='lat' dir='ltr'>trocinatur,</span> <span class='ocrx_word' id='word_1_74' title='bbox 473 678 613 724; x_wconf 89' lang='lat' dir='ltr'>verbis,</span> <span class='ocrx_word' id='word_1_75' title='bbox 641 690 664 715; x_wconf 94' lang='lat'>0</span> <span class='ocrx_word' id='word_1_76' title='bbox 692 678 744 715; x_wconf 89' lang='lat' dir='ltr'>dii</span> <span class='ocrx_word' id='word_1_77' title='bbox 780 677 1030 724; x_wconf 89' lang='lat' dir='ltr'>immortales,</span> <span class='ocrx_word' id='word_1_78' title='bbox 1061 677 1190 714; x_wconf 88' lang='lat' dir='ltr'>multis</span> <span class='ocrx_word' id='word_1_79' title='bbox 1211 675 1398 714; x_wconf 87' lang='lat' dir='ltr'>mortibus</span> <span class='ocrx_word' id='word_1_80' title='bbox 1418 670 1690 711; x_wconf 83' lang='lat' dir='ltr'>vindicandis:</span> 
     </span>
     <span class='ocr_line' id='line_1_10' title="bbox 233 733 1692 791; baseline -0.007 -12"><span class='ocrx_word' id='word_1_81' title='bbox 233 755 360 791; x_wconf 89' lang='lat' dir='ltr'>neque</span> <span class='ocrx_word' id='word_1_82' title='bbox 379 741 567 791; x_wconf 88' lang='lat' dir='ltr'>majorum</span> <span class='ocrx_word' id='word_1_83' title='bbox 586 739 775 778; x_wconf 90' lang='lat' dir='ltr'>recordari</span> <span class='ocrx_word' id='word_1_84' title='bbox 798 752 864 777; x_wconf 89' lang='lat' dir='ltr'>vos</span> <span class='ocrx_word' id='word_1_85' title='bbox 894 746 1086 790; x_wconf 86' lang='lat' dir='ltr'>oportere,</span> <span class='ocrx_word' id='word_1_86' title='bbox 1107 751 1234 788; x_wconf 90' lang='lat' dir='ltr'>neque</span> <span class='ocrx_word' id='word_1_87' title='bbox 1252 750 1317 775; x_wconf 90' lang='lat' dir='ltr'>eos</span> <span class='ocrx_word' id='word_1_88' title='bbox 1333 736 1397 786; x_wconf 92' lang='lat' dir='ltr'>qui</span> <span class='ocrx_word' id='word_1_89' title='bbox 1415 733 1630 785; x_wconf 87' lang='lat' dir='ltr'>triumphos</span> <span class='ocrx_word' id='word_1_90' title='bbox 1651 737 1692 770; x_wconf 87' lang='lat' dir='ltr'>et</span> 
     </span>
     <span class='ocr_line' id='line_1_11' title="bbox 233 793 1691 853; baseline -0.008 -12"><span class='ocrx_word' id='word_1_91' title='bbox 233 803 386 841; x_wconf 88' lang='lat' dir='ltr'>navalia</span> <span class='ocrx_word' id='word_1_92' title='bbox 397 801 528 853; x_wconf 87' lang='lat' dir='ltr'>praelia</span> <span class='ocrx_word' id='word_1_93' title='bbox 541 808 751 845; x_wconf 83' lang='lat' dir='ltr'>narrarent,</span> <span class='ocrx_word' id='word_1_94' title='bbox 766 801 945 846; x_wconf 90' lang='lat' dir='ltr'>tolerare,</span> <span class='ocrx_word' id='word_1_95' title='bbox 960 813 1078 852; x_wconf 91' lang='lat' dir='ltr'>seque</span> <span class='ocrx_word' id='word_1_96' title='bbox 1090 800 1176 851; x_wconf 85' lang='lat' dir='ltr'>lege</span> <span class='ocrx_word' id='word_1_97' title='bbox 1197 800 1276 837; x_wconf 88' lang='lat' dir='ltr'>lata</span> <span class='ocrx_word' id='word_1_98' title='bbox 1290 798 1548 841; x_wconf 86' lang='lat' dir='ltr'>decreturum,</span> <span class='ocrx_word' id='word_1_99' title='bbox 1565 807 1613 832; x_wconf 90' lang='lat' dir='ltr'>ne</span> <span class='ocrx_word' id='word_1_100' title='bbox 1628 793 1691 831; x_wconf 89' lang='lat' dir='ltr'>cui</span> 
     </span>
     <span class='ocr_line' id='line_1_12' title="bbox 236 856 1691 915; baseline -0.008 -13"><span class='ocrx_word' id='word_1_101' title='bbox 236 864 463 903; x_wconf 85' lang='lat' dir='ltr'>Graecorum</span> <span class='ocrx_word' id='word_1_102' title='bbox 483 876 596 915; x_wconf 89' lang='lat' dir='ltr'>opem</span> <span class='ocrx_word' id='word_1_103' title='bbox 615 863 779 908; x_wconf 88' lang='lat' dir='ltr'>ferretis,</span> <span class='ocrx_word' id='word_1_104' title='bbox 794 862 859 912; x_wconf 86' lang='lat' dir='ltr'>qui</span> <span class='ocrx_word' id='word_1_105' title='bbox 879 875 957 900; x_wconf 89' lang='lat' dir='ltr'>non</span> <span class='ocrx_word' id='word_1_106' title='bbox 977 862 1080 913; x_wconf 89' lang='lat' dir='ltr'>prior</span> <span class='ocrx_word' id='word_1_107' title='bbox 1099 861 1206 899; x_wconf 92' lang='lat' dir='ltr'>vobis</span> <span class='ocrx_word' id='word_1_108' title='bbox 1223 873 1334 913; x_wconf 92' lang='lat' dir='ltr'>opem</span> <span class='ocrx_word' id='word_1_109' title='bbox 1354 858 1521 897; x_wconf 88' lang='lat' dir='ltr'>tulisset.</span> <span class='ocrx_word' id='word_1_110' title='bbox 1559 856 1691 904; x_wconf 83' lang='lat' dir='ltr'>Atque</span> 
     </span>
     <span class='ocr_line' id='line_1_13' title="bbox 234 914 1692 974; baseline -0.008 -10"><span class='ocrx_word' id='word_1_111' title='bbox 234 927 320 964; x_wconf 85' lang='lat' dir='ltr'>haec</span> <span class='ocrx_word' id='word_1_112' title='bbox 334 925 572 964; x_wconf 88' lang='lat' dir='ltr'>detestabilis</span> <span class='ocrx_word' id='word_1_113' title='bbox 585 924 658 963; x_wconf 91' lang='lat' dir='ltr'>iste</span> <span class='ocrx_word' id='word_1_114' title='bbox 678 932 715 962; x_wconf 89' lang='lat' dir='ltr'>et</span> <span class='ocrx_word' id='word_1_115' title='bbox 735 923 939 974; x_wconf 87' lang='lat' dir='ltr'>impudens</span> <span class='ocrx_word' id='word_1_116' title='bbox 953 923 1080 961; x_wconf 86' lang='lat' dir='ltr'>dicere</span> <span class='ocrx_word' id='word_1_117' title='bbox 1095 922 1278 967; x_wconf 88' lang='lat' dir='ltr'>audebat,</span> <span class='ocrx_word' id='word_1_118' title='bbox 1294 919 1534 959; x_wconf 86' lang='lat' dir='ltr'>adstantibus</span> <span class='ocrx_word' id='word_1_119' title='bbox 1554 914 1692 966; x_wconf 87' lang='lat' dir='ltr'>legatis</span> 
     </span>
     <span class='ocr_line' id='line_1_14' title="bbox 236 976 1694 1037; baseline -0.009 -11"><span class='ocrx_word' id='word_1_120' title='bbox 236 995 275 1026; x_wconf 93' lang='lat' dir='ltr'>et</span> <span class='ocrx_word' id='word_1_121' title='bbox 288 987 535 1026; x_wconf 88' lang='lat' dir='ltr'>audientibus</span> <span class='ocrx_word' id='word_1_122' title='bbox 555 999 653 1037; x_wconf 90' lang='lat' dir='ltr'>quos</span> <span class='ocrx_word' id='word_1_123' title='bbox 667 999 688 1024; x_wconf 88' lang='lat' dir='ltr'>e</span> <span class='ocrx_word' id='word_1_124' title='bbox 708 985 865 1023; x_wconf 81' lang='lat' dir='ltr'>Graecia</span> <span class='ocrx_word' id='word_1_125' title='bbox 882 992 965 1022; x_wconf 90' lang='lat' dir='ltr'>tum</span> <span class='ocrx_word' id='word_1_126' title='bbox 983 982 1300 1023; x_wconf 89' lang='lat' dir='ltr'>convocaveratis</span> <span class='ocrx_word' id='word_1_127' title='bbox 1319 980 1369 1019; x_wconf 91' lang='lat' dir='ltr'>de</span> <span class='ocrx_word' id='word_1_128' title='bbox 1396 980 1505 1019; x_wconf 87' lang='lat' dir='ltr'>istius</span> <span class='ocrx_word' id='word_1_129' title='bbox 1518 976 1694 1023; x_wconf 88' lang='lat' dir='ltr'>consilio,</span> 
     </span>
     <span class='ocr_line' id='line_1_15' title="bbox 238 1046 844 1087; baseline -0.007 0"><span class='ocrx_word' id='word_1_130' title='bbox 238 1063 327 1087; x_wconf 91' lang='lat' dir='ltr'>cum</span> <span class='ocrx_word' id='word_1_131' title='bbox 348 1062 389 1087; x_wconf 87' lang='lat' dir='ltr'>se</span> <span class='ocrx_word' id='word_1_132' title='bbox 403 1048 575 1086; x_wconf 88' lang='lat' dir='ltr'>nondum</span> <span class='ocrx_word' id='word_1_133' title='bbox 593 1046 844 1085; x_wconf 88' lang='lat' dir='ltr'>vendidisset.</span> 
     </span>
    </p>

    <p class='ocr_par' dir='ltr' id='par_1_3' title="bbox 239 1100 1713 2260">
     <span class='ocr_line' id='line_1_16' title="bbox 293 1100 1697 1156; baseline -0.006 -9"><span class='ocrx_word' id='word_1_134' title='bbox 293 1113 330 1149; x_wconf 93' lang='lat'>7.</span> <span class='ocrx_word' id='word_1_135' title='bbox 363 1108 699 1153; x_wconf 88' lang='lat' dir='ltr'>Quemadmodum</span> <span class='ocrx_word' id='word_1_136' title='bbox 728 1107 858 1156; x_wconf 85' lang='lat' dir='ltr'>igitur,</span> <span class='ocrx_word' id='word_1_137' title='bbox 888 1106 1163 1152; x_wconf 82' lang='lat' dir='ltr'>Athenienses,</span> <span class='ocrx_word' id='word_1_138' title='bbox 1183 1107 1321 1142; x_wconf 89' lang='lat' dir='ltr'>iterum</span> <span class='ocrx_word' id='word_1_139' title='bbox 1341 1116 1365 1145; x_wconf 47' lang='lat' dir='ltr'>a.</span> <span class='ocrx_word' id='word_1_140' title='bbox 1381 1101 1489 1141; x_wconf 88' lang='lat' dir='ltr'>vobis</span> <span class='ocrx_word' id='word_1_141' title='bbox 1520 1100 1697 1139; x_wconf 87' lang='lat' dir='ltr'>delectus</span> 
     </span>
     <span class='ocr_line' id='line_1_17' title="bbox 239 1161 1696 1222; baseline -0.008 -12"><span class='ocrx_word' id='word_1_142' title='bbox 239 1172 289 1210; x_wconf 90' lang='lat' dir='ltr'>ad</span> <span class='ocrx_word' id='word_1_143' title='bbox 302 1169 575 1222; x_wconf 86' lang='lat' dir='ltr'>jusjurandum</span> <span class='ocrx_word' id='word_1_144' title='bbox 596 1167 831 1218; x_wconf 84' lang='lat' dir='ltr'>exigendum</span> <span class='ocrx_word' id='word_1_145' title='bbox 851 1172 890 1203; x_wconf 92' lang='lat' dir='ltr'>et</span> <span class='ocrx_word' id='word_1_146' title='bbox 909 1171 1084 1215; x_wconf 87' lang='lat' dir='ltr'>tempora</span> <span class='ocrx_word' id='word_1_147' title='bbox 1102 1163 1398 1215; x_wconf 85' lang='lat' dir='ltr'>consumpserit,</span> <span class='ocrx_word' id='word_1_148' title='bbox 1419 1170 1458 1201; x_wconf 88' lang='lat' dir='ltr'>et</span> <span class='ocrx_word' id='word_1_149' title='bbox 1478 1162 1607 1201; x_wconf 91' lang='lat' dir='ltr'>omnia</span> <span class='ocrx_word' id='word_1_150' title='bbox 1623 1161 1696 1200; x_wconf 86' lang='lat' dir='ltr'>rei-</span> 
     </span>
     <span class='ocr_line' id='line_1_18' title="bbox 239 1222 1698 1284; baseline -0.008 -13"><span class='ocrx_word' id='word_1_151' title='bbox 239 1232 406 1284; x_wconf 86' lang='lat' dir='ltr'>publicae</span> <span class='ocrx_word' id='word_1_152' title='bbox 441 1228 600 1279; x_wconf 86' lang='lat' dir='ltr'>negotia</span> <span class='ocrx_word' id='word_1_153' title='bbox 628 1226 857 1278; x_wconf 89' lang='lat' dir='ltr'>corruperit,</span> <span class='ocrx_word' id='word_1_154' title='bbox 887 1232 926 1264; x_wconf 89' lang='lat' dir='ltr'>et</span> <span class='ocrx_word' id='word_1_155' title='bbox 951 1239 1040 1276; x_wconf 86' lang='lat' dir='ltr'>quae</span> <span class='ocrx_word' id='word_1_156' title='bbox 1079 1225 1172 1262; x_wconf 84' lang='lat' dir='ltr'>mihi</span> <span class='ocrx_word' id='word_1_157' title='bbox 1205 1237 1253 1263; x_wconf 88' lang='lat' dir='ltr'>ea</span> <span class='ocrx_word' id='word_1_158' title='bbox 1277 1224 1480 1275; x_wconf 91' lang='lat' dir='ltr'>prohibere</span> <span class='ocrx_word' id='word_1_159' title='bbox 1512 1222 1698 1274; x_wconf 80' lang='lat' dir='ltr'>cupienti,</span> 
     </span>
     <span class='ocr_line' id='line_1_19' title="bbox 239 1284 1702 1335; baseline -0.007 -3"><span class='ocrx_word' id='word_1_160' title='bbox 239 1292 508 1333; x_wconf 88' lang='lat' dir='ltr'>contentiones</span> <span class='ocrx_word' id='word_1_161' title='bbox 523 1301 610 1328; x_wconf 90' lang='lat' dir='ltr'>cum</span> <span class='ocrx_word' id='word_1_162' title='bbox 628 1301 675 1326; x_wconf 91' lang='lat' dir='ltr'>eo</span> <span class='ocrx_word' id='word_1_163' title='bbox 689 1288 844 1334; x_wconf 81' lang='lat' dir='ltr'>fuerint,</span> <span class='ocrx_word' id='word_1_164' title='bbox 863 1287 990 1324; x_wconf 87' lang='lat' dir='ltr'>statim</span> <span class='ocrx_word' id='word_1_165' title='bbox 1006 1286 1183 1325; x_wconf 83' lang='lat' dir='ltr'>audietis.</span> <span class='ocrx_word' id='word_1_166' title='bbox 1217 1285 1431 1335; x_wconf 88' lang='lat' dir='ltr'>Postquam</span> <span class='ocrx_word' id='word_1_167' title='bbox 1441 1290 1571 1322; x_wconf 89' lang='lat' dir='ltr'>autem</span> <span class='ocrx_word' id='word_1_168' title='bbox 1587 1284 1635 1321; x_wconf 91' lang='lat' dir='ltr'>ab</span> <span class='ocrx_word' id='word_1_169' title='bbox 1654 1295 1702 1322; x_wconf 82' lang='lat' dir='ltr'>ea</span> 
     </span>
     <span class='ocr_line' id='line_1_20' title="bbox 239 1342 1701 1406; baseline -0.008 -13"><span class='ocrx_word' id='word_1_170' title='bbox 239 1354 448 1406; x_wconf 80' lang='lat' dir='ltr'>legatione,</span> <span class='ocrx_word' id='word_1_171' title='bbox 466 1358 622 1403; x_wconf 84' lang='lat' dir='ltr'>propter</span> <span class='ocrx_word' id='word_1_172' title='bbox 640 1348 875 1401; x_wconf 83' lang='lat' dir='ltr'>exigendum</span> <span class='ocrx_word' id='word_1_173' title='bbox 885 1347 1158 1399; x_wconf 85' lang='lat' dir='ltr'>jusjurandum</span> <span class='ocrx_word' id='word_1_174' title='bbox 1178 1353 1374 1397; x_wconf 89' lang='lat' dir='ltr'>suscepta,</span> <span class='ocrx_word' id='word_1_175' title='bbox 1389 1346 1534 1383; x_wconf 87' lang='lat' dir='ltr'>reversi</span> <span class='ocrx_word' id='word_1_176' title='bbox 1554 1342 1701 1389; x_wconf 80' lang='lat' dir='ltr'>sumus,</span> 
     </span>
     <span class='ocr_line' id='line_1_21' title="bbox 242 1409 1703 1466; baseline -0.009 -11"><span class='ocrx_word' id='word_1_177' title='bbox 242 1418 293 1456; x_wconf 90' lang='lat' dir='ltr'>ad</span> <span class='ocrx_word' id='word_1_178' title='bbox 312 1428 427 1466; x_wconf 89' lang='lat' dir='ltr'>quam</span> <span class='ocrx_word' id='word_1_179' title='bbox 446 1414 508 1451; x_wconf 85' lang='lat' dir='ltr'>hae</span> <span class='ocrx_word' id='word_1_180' title='bbox 536 1412 725 1451; x_wconf 85' lang='lat' dir='ltr'>rationum</span> <span class='ocrx_word' id='word_1_181' title='bbox 750 1409 955 1448; x_wconf 82' lang='lat' dir='ltr'>relationes</span> <span class='ocrx_word' id='word_1_182' title='bbox 975 1409 1182 1460; x_wconf 89' lang='lat' dir='ltr'>pertinent,</span> <span class='ocrx_word' id='word_1_183' title='bbox 1202 1421 1291 1447; x_wconf 88' lang='lat' dir='ltr'>curn</span> <span class='ocrx_word' id='word_1_184' title='bbox 1316 1420 1442 1458; x_wconf 88' lang='lat' dir='ltr'>neque</span> <span class='ocrx_word' id='word_1_185' title='bbox 1456 1419 1614 1458; x_wconf 79' lang='lat' dir='ltr'>parvum</span> <span class='ocrx_word' id='word_1_186' title='bbox 1635 1417 1703 1444; x_wconf 86' lang='lat' dir='ltr'>ne-</span> 
     </span>
     <span class='ocr_line' id='line_1_22' title="bbox 242 1466 1701 1530; baseline -0.01 -13"><span class='ocrx_word' id='word_1_187' title='bbox 242 1492 317 1530; x_wconf 91' lang='lat' dir='ltr'>que</span> <span class='ocrx_word' id='word_1_188' title='bbox 333 1487 517 1526; x_wconf 81' lang='lat' dir='ltr'>magnum</span> <span class='ocrx_word' id='word_1_189' title='bbox 530 1473 737 1524; x_wconf 89' lang='lat' dir='ltr'>quicquam</span> <span class='ocrx_word' id='word_1_190' title='bbox 755 1484 887 1510; x_wconf 91' lang='lat' dir='ltr'>eorum</span> <span class='ocrx_word' id='word_1_191' title='bbox 902 1469 1192 1521; x_wconf 88' lang='lat' dir='ltr'>reperissemus,</span> <span class='ocrx_word' id='word_1_192' title='bbox 1210 1481 1310 1519; x_wconf 86' lang='lat' dir='ltr'>quae,</span> <span class='ocrx_word' id='word_1_193' title='bbox 1331 1481 1421 1506; x_wconf 90' lang='lat' dir='ltr'>cum</span> <span class='ocrx_word' id='word_1_194' title='bbox 1441 1479 1576 1518; x_wconf 87' lang='lat' dir='ltr'>pacem</span> <span class='ocrx_word' id='word_1_195' title='bbox 1595 1466 1701 1504; x_wconf 82' lang='lat' dir='ltr'>face-</span> 
     </span>
     <span class='ocr_line' id='line_1_23' title="bbox 244 1528 1706 1584; baseline -0.008 -7"><span class='ocrx_word' id='word_1_196' title='bbox 244 1539 352 1584; x_wconf 82' lang='lat' dir='ltr'>retis,</span> <span class='ocrx_word' id='word_1_197' title='bbox 372 1536 477 1574; x_wconf 87' lang='lat' dir='ltr'>dicta</span> <span class='ocrx_word' id='word_1_198' title='bbox 497 1540 536 1572; x_wconf 90' lang='lat' dir='ltr'>et</span> <span class='ocrx_word' id='word_1_199' title='bbox 555 1538 781 1584; x_wconf 83' lang='lat' dir='ltr'>exspectata</span> <span class='ocrx_word' id='word_1_200' title='bbox 797 1531 964 1578; x_wconf 86' lang='lat' dir='ltr'>fuerant,</span> <span class='ocrx_word' id='word_1_201' title='bbox 984 1530 1053 1568; x_wconf 91' lang='lat' dir='ltr'>sed</span> <span class='ocrx_word' id='word_1_202' title='bbox 1086 1530 1125 1568; x_wconf 92' lang='lat' dir='ltr'>in</span> <span class='ocrx_word' id='word_1_203' title='bbox 1148 1530 1327 1568; x_wconf 91' lang='lat' dir='ltr'>omnibus</span> <span class='ocrx_word' id='word_1_204' title='bbox 1349 1528 1500 1580; x_wconf 86' lang='lat' dir='ltr'>decepti</span> <span class='ocrx_word' id='word_1_205' title='bbox 1519 1540 1706 1573; x_wconf 85' lang='lat' dir='ltr'>essemuS,</span> 
     </span>
     <span class='ocr_line' id='line_1_24' title="bbox 245 1588 1704 1650; baseline -0.01 -10"><span class='ocrx_word' id='word_1_206' title='bbox 245 1611 408 1650; x_wconf 86' lang='lat' dir='ltr'>cumque</span> <span class='ocrx_word' id='word_1_207' title='bbox 429 1596 488 1636; x_wconf 87' lang='lat' dir='ltr'>isti</span> <span class='ocrx_word' id='word_1_208' title='bbox 508 1608 639 1634; x_wconf 90' lang='lat' dir='ltr'>rursus</span> <span class='ocrx_word' id='word_1_209' title='bbox 664 1594 740 1632; x_wconf 89' lang='lat' dir='ltr'>alia</span> <span class='ocrx_word' id='word_1_210' title='bbox 752 1593 1033 1637; x_wconf 78' lang='lat' dir='ltr'>vendidissent,</span> <span class='ocrx_word' id='word_1_211' title='bbox 1059 1598 1099 1630; x_wconf 90' lang='lat' dir='ltr'>et</span> <span class='ocrx_word' id='word_1_212' title='bbox 1117 1598 1252 1631; x_wconf 87' lang='lat' dir='ltr'>contra</span> <span class='ocrx_word' id='word_1_213' title='bbox 1269 1591 1397 1643; x_wconf 89' lang='lat' dir='ltr'>ipsum</span> <span class='ocrx_word' id='word_1_214' title='bbox 1423 1591 1623 1628; x_wconf 77' lang='lat' dir='ltr'>decretum</span> <span class='ocrx_word' id='word_1_215' title='bbox 1649 1588 1704 1626; x_wconf 90' lang='lat' dir='ltr'>le-</span> 
     </span>
     <span class='ocr_line' id='line_1_25' title="bbox 249 1650 1707 1714; baseline -0.01 -14"><span class='ocrx_word' id='word_1_216' title='bbox 249 1662 445 1714; x_wconf 85' lang='lat' dir='ltr'>gationem</span> <span class='ocrx_word' id='word_1_217' title='bbox 465 1657 662 1702; x_wconf 83' lang='lat' dir='ltr'>obiissent,</span> <span class='ocrx_word' id='word_1_218' title='bbox 682 1655 917 1694; x_wconf 88' lang='lat' dir='ltr'>accessimus</span> <span class='ocrx_word' id='word_1_219' title='bbox 938 1653 988 1692; x_wconf 89' lang='lat' dir='ltr'>ad</span> <span class='ocrx_word' id='word_1_220' title='bbox 1017 1660 1219 1697; x_wconf 85' lang='lat' dir='ltr'>senatum;</span> <span class='ocrx_word' id='word_1_221' title='bbox 1250 1660 1289 1691; x_wconf 89' lang='lat' dir='ltr'>et</span> <span class='ocrx_word' id='word_1_222' title='bbox 1311 1652 1446 1691; x_wconf 87' lang='lat' dir='ltr'>horum</span> <span class='ocrx_word' id='word_1_223' title='bbox 1461 1664 1548 1702; x_wconf 88' lang='lat' dir='ltr'>quae</span> <span class='ocrx_word' id='word_1_224' title='bbox 1567 1650 1707 1696; x_wconf 86' lang='lat' dir='ltr'>dicam,</span> 
     </span>
     <span class='ocr_line' id='line_1_26' title="bbox 250 1708 1706 1766; baseline -0.007 -5"><span class='ocrx_word' id='word_1_225' title='bbox 250 1723 360 1761; x_wconf 87' lang='lat' dir='ltr'>multi</span> <span class='ocrx_word' id='word_1_226' title='bbox 376 1726 465 1759; x_wconf 88' lang='lat' dir='ltr'>sunt</span> <span class='ocrx_word' id='word_1_227' title='bbox 477 1718 635 1763; x_wconf 88' lang='lat' dir='ltr'>conscii,</span> <span class='ocrx_word' id='word_1_228' title='bbox 657 1717 764 1756; x_wconf 90' lang='lat' dir='ltr'>curia</span> <span class='ocrx_word' id='word_1_229' title='bbox 782 1717 881 1754; x_wconf 87' lang='lat' dir='ltr'>enirn</span> <span class='ocrx_word' id='word_1_230' title='bbox 900 1715 1040 1754; x_wconf 85' lang='lat' dir='ltr'>referta</span> <span class='ocrx_word' id='word_1_231' title='bbox 1059 1722 1142 1753; x_wconf 79' lang='lat' dir='ltr'>erat</span> <span class='ocrx_word' id='word_1_232' title='bbox 1159 1715 1317 1766; x_wconf 88' lang='lat' dir='ltr'>plebeiis</span> <span class='ocrx_word' id='word_1_233' title='bbox 1335 1708 1570 1752; x_wconf 82' lang='lat' dir='ltr'>hominibus.</span> <span class='ocrx_word' id='word_1_234' title='bbox 1621 1712 1706 1762; x_wconf 90' lang='lat' dir='ltr'>Ego</span> 
     </span>
     <span class='ocr_line' id='line_1_27' title="bbox 249 1774 1708 1834; baseline -0.008 -11"><span class='ocrx_word' id='word_1_235' title='bbox 249 1798 342 1823; x_wconf 88' lang='lat' dir='ltr'>vero</span> <span class='ocrx_word' id='word_1_236' title='bbox 362 1793 586 1834; x_wconf 88' lang='lat' dir='ltr'>progressus</span> <span class='ocrx_word' id='word_1_237' title='bbox 607 1781 645 1817; x_wconf 92' lang='lat' dir='ltr'>in</span> <span class='ocrx_word' id='word_1_238' title='bbox 664 1778 850 1824; x_wconf 88' lang='lat' dir='ltr'>medium,</span> <span class='ocrx_word' id='word_1_239' title='bbox 865 1789 1017 1815; x_wconf 88' lang='lat' dir='ltr'>omnem</span> <span class='ocrx_word' id='word_1_240' title='bbox 1031 1777 1226 1814; x_wconf 87' lang='lat' dir='ltr'>veritatem</span> <span class='ocrx_word' id='word_1_241' title='bbox 1244 1775 1396 1814; x_wconf 87' lang='lat' dir='ltr'>senatui</span> <span class='ocrx_word' id='word_1_242' title='bbox 1413 1774 1649 1820; x_wconf 90' lang='lat' dir='ltr'>renunciavi,</span> <span class='ocrx_word' id='word_1_243' title='bbox 1668 1780 1708 1812; x_wconf 87' lang='lat' dir='ltr'>et</span> 
     </span>
     <span class='ocr_line' id='line_1_28' title="bbox 251 1834 1712 1890; baseline -0.009 -5"><span class='ocrx_word' id='word_1_244' title='bbox 251 1849 344 1885; x_wconf 87' lang='lat' dir='ltr'>istos</span> <span class='ocrx_word' id='word_1_245' title='bbox 365 1841 557 1887; x_wconf 87' lang='lat' dir='ltr'>accusavi,</span> <span class='ocrx_word' id='word_1_246' title='bbox 588 1848 627 1878; x_wconf 92' lang='lat' dir='ltr'>et</span> <span class='ocrx_word' id='word_1_247' title='bbox 647 1853 669 1878; x_wconf 89' lang='lat' dir='ltr'>a</span> <span class='ocrx_word' id='word_1_248' title='bbox 689 1840 811 1890; x_wconf 87' lang='lat' dir='ltr'>prima</span> <span class='ocrx_word' id='word_1_249' title='bbox 842 1838 904 1875; x_wconf 88' lang='lat' dir='ltr'>ille</span> <span class='ocrx_word' id='word_1_250' title='bbox 934 1851 1002 1887; x_wconf 85' lang='lat' dir='ltr'>spe</span> <span class='ocrx_word' id='word_1_251' title='bbox 1023 1850 1150 1875; x_wconf 87' lang='lat' dir='ltr'>rerum</span> <span class='ocrx_word' id='word_1_252' title='bbox 1182 1850 1326 1883; x_wconf 78' lang='lat' dir='ltr'>earum,</span> <span class='ocrx_word' id='word_1_253' title='bbox 1345 1848 1441 1885; x_wconf 85' lang='lat' dir='ltr'>quas</span> <span class='ocrx_word' id='word_1_254' title='bbox 1467 1834 1652 1886; x_wconf 88' lang='lat' dir='ltr'>Ctesipho</span> <span class='ocrx_word' id='word_1_255' title='bbox 1671 1842 1712 1873; x_wconf 90' lang='lat' dir='ltr'>et</span> 
     </span>
     <span class='ocr_line' id='line_1_29' title="bbox 252 1897 1709 1947; baseline -0.009 -1"><span class='ocrx_word' id='word_1_256' title='bbox 252 1906 519 1946; x_wconf 82' lang='lat' dir='ltr'>Aristodemus</span> <span class='ocrx_word' id='word_1_257' title='bbox 545 1902 653 1939; x_wconf 90' lang='lat' dir='ltr'>vobis</span> <span class='ocrx_word' id='word_1_258' title='bbox 681 1899 966 1943; x_wconf 86' lang='lat' dir='ltr'>renunciarant,</span> <span class='ocrx_word' id='word_1_259' title='bbox 986 1899 1114 1936; x_wconf 89' lang='lat' dir='ltr'>omnia</span> <span class='ocrx_word' id='word_1_260' title='bbox 1135 1897 1371 1942; x_wconf 87' lang='lat' dir='ltr'>enumeravi,</span> <span class='ocrx_word' id='word_1_261' title='bbox 1394 1902 1434 1934; x_wconf 87' lang='lat' dir='ltr'>et</span> <span class='ocrx_word' id='word_1_262' title='bbox 1453 1902 1601 1947; x_wconf 88' lang='lat' dir='ltr'>postea,</span> <span class='ocrx_word' id='word_1_263' title='bbox 1619 1909 1709 1936; x_wconf 91' lang='lat' dir='ltr'>cum</span> 
     </span>
     <span class='ocr_line' id='line_1_30' title="bbox 250 1958 1711 2022; baseline -0.006 -15"><span class='ocrx_word' id='word_1_264' title='bbox 250 1981 387 2022; x_wconf 85' lang='lat' dir='ltr'>pacem</span> <span class='ocrx_word' id='word_1_265' title='bbox 406 1963 606 2008; x_wconf 88' lang='lat' dir='ltr'>fecissetis,</span> <span class='ocrx_word' id='word_1_266' title='bbox 627 1975 712 2013; x_wconf 88' lang='lat' dir='ltr'>quae</span> <span class='ocrx_word' id='word_1_267' title='bbox 727 1961 802 1999; x_wconf 89' lang='lat' dir='ltr'>iste</span> <span class='ocrx_word' id='word_1_268' title='bbox 819 1974 887 2012; x_wconf 90' lang='lat' dir='ltr'>pro</span> <span class='ocrx_word' id='word_1_269' title='bbox 905 1960 1091 1999; x_wconf 91' lang='lat' dir='ltr'>concione</span> <span class='ocrx_word' id='word_1_270' title='bbox 1106 1961 1279 2007; x_wconf 83' lang='lat' dir='ltr'>dixisset,</span> <span class='ocrx_word' id='word_1_271' title='bbox 1295 1966 1334 1997; x_wconf 93' lang='lat' dir='ltr'>et</span> <span class='ocrx_word' id='word_1_272' title='bbox 1348 1972 1425 2010; x_wconf 91' lang='lat' dir='ltr'>quo</span> <span class='ocrx_word' id='word_1_273' title='bbox 1437 1958 1711 2010; x_wconf 85' lang='lat' dir='ltr'>perduxissent</span> 
     </span>
     <span class='ocr_line' id='line_1_31' title="bbox 253 2020 1712 2083; baseline -0.008 -12"><span class='ocrx_word' id='word_1_274' title='bbox 253 2030 543 2083; x_wconf 87' lang='lat' dir='ltr'>rempublicam,</span> <span class='ocrx_word' id='word_1_275' title='bbox 564 2033 604 2065; x_wconf 88' lang='lat' dir='ltr'>et</span> <span class='ocrx_word' id='word_1_276' title='bbox 623 2037 668 2064; x_wconf 90' lang='lat' dir='ltr'>ea</span> <span class='ocrx_word' id='word_1_277' title='bbox 686 2037 774 2075; x_wconf 87' lang='lat' dir='ltr'>quae</span> <span class='ocrx_word' id='word_1_278' title='bbox 794 2024 1135 2073; x_wconf 77' lang='lat' dir='ltr'>restabant—quae</span> <span class='ocrx_word' id='word_1_279' title='bbox 1163 2022 1385 2060; x_wconf 88' lang='lat' dir='ltr'>Phocenses</span> <span class='ocrx_word' id='word_1_280' title='bbox 1406 2026 1516 2058; x_wconf 89' lang='lat' dir='ltr'>erant</span> <span class='ocrx_word' id='word_1_281' title='bbox 1543 2027 1584 2059; x_wconf 89' lang='lat' dir='ltr'>et</span> <span class='ocrx_word' id='word_1_282' title='bbox 1605 2020 1712 2074; x_wconf 85' lang='lat' dir='ltr'>Pylae</span> 
     </span>
     <span class='ocr_line' id='line_1_32' title="bbox 253 2081 1713 2132; baseline -0.007 0"><span class='ocrx_word' id='word_1_283' title='bbox 253 2092 413 2132; x_wconf 90' lang='lat' dir='ltr'>-suasi</span> <span class='ocrx_word' id='word_1_284' title='bbox 439 2103 489 2127; x_wconf 87' lang='lat' dir='ltr'>ne</span> <span class='ocrx_word' id='word_1_285' title='bbox 521 2086 760 2132; x_wconf 58' lang='lat' dir='ltr'>amitterem,</span> <span class='ocrx_word' id='word_1_286' title='bbox 793 2098 888 2123; x_wconf 92' lang='lat' dir='ltr'>neve</span> <span class='ocrx_word' id='word_1_287' title='bbox 913 2084 951 2121; x_wconf 91' lang='lat' dir='ltr'>in</span> <span class='ocrx_word' id='word_1_288' title='bbox 980 2083 1143 2122; x_wconf 85' lang='lat' dir='ltr'>eandem</span> <span class='ocrx_word' id='word_1_289' title='bbox 1163 2082 1340 2121; x_wconf 85' lang='lat' dir='ltr'>fraudem</span> <span class='ocrx_word' id='word_1_290' title='bbox 1360 2081 1594 2129; x_wconf 87' lang='lat' dir='ltr'>incideretis,</span> <span class='ocrx_word' id='word_1_291' title='bbox 1615 2096 1713 2122; x_wconf 88' lang='lat' dir='ltr'>neve</span> 
     </span>
     <span class='ocr_line' id='line_1_33' title="bbox 253 2144 1713 2202; baseline -0.008 -6"><span class='ocrx_word' id='word_1_292' title='bbox 253 2158 329 2196; x_wconf 88' lang='lat' dir='ltr'>alia</span> <span class='ocrx_word' id='word_1_293' title='bbox 348 2168 394 2194; x_wconf 85' lang='lat' dir='ltr'>ex</span> <span class='ocrx_word' id='word_1_294' title='bbox 423 2152 499 2191; x_wconf 88' lang='lat' dir='ltr'>alia</span> <span class='ocrx_word' id='word_1_295' title='bbox 527 2163 595 2202; x_wconf 90' lang='lat' dir='ltr'>spe</span> <span class='ocrx_word' id='word_1_296' title='bbox 631 2147 824 2200; x_wconf 89' lang='lat' dir='ltr'>suspensi,</span> <span class='ocrx_word' id='word_1_297' title='bbox 843 2154 881 2186; x_wconf 89' lang='lat' dir='ltr'>et</span> <span class='ocrx_word' id='word_1_298' title='bbox 907 2146 1243 2198; x_wconf 88' lang='lat' dir='ltr'>pollicitationibus</span> <span class='ocrx_word' id='word_1_299' title='bbox 1272 2144 1432 2190; x_wconf 89' lang='lat' dir='ltr'>deliniti,</span> <span class='ocrx_word' id='word_1_300' title='bbox 1452 2157 1512 2182; x_wconf 87' lang='lat' dir='ltr'>res</span> <span class='ocrx_word' id='word_1_301' title='bbox 1531 2144 1569 2182; x_wconf 91' lang='lat' dir='ltr'>in</span> <span class='ocrx_word' id='word_1_302' title='bbox 1589 2152 1713 2184; x_wconf 87' lang='lat' dir='ltr'>extre-</span> 
     </span>
     <span class='ocr_line' id='line_1_34' title="bbox 254 2206 1660 2260; baseline -0.009 -4"><span class='ocrx_word' id='word_1_303' title='bbox 254 2232 359 2259; x_wconf 89' lang='lat' dir='ltr'>mum</span> <span class='ocrx_word' id='word_1_304' title='bbox 381 2213 585 2254; x_wconf 89' lang='lat' dir='ltr'>discrimen</span> <span class='ocrx_word' id='word_1_305' title='bbox 607 2210 748 2249; x_wconf 89' lang='lat' dir='ltr'>adduci</span> <span class='ocrx_word' id='word_1_306' title='bbox 767 2208 1007 2260; x_wconf 88' lang='lat' dir='ltr'>pateremini.</span> <span class='ocrx_word' id='word_1_307' title='bbox 1055 2207 1182 2257; x_wconf 91' lang='lat' dir='ltr'>Atque</span> <span class='ocrx_word' id='word_1_308' title='bbox 1200 2207 1285 2245; x_wconf 81' lang='lat' dir='ltr'>haec</span> <span class='ocrx_word' id='word_1_309' title='bbox 1301 2206 1453 2245; x_wconf 86' lang='lat' dir='ltr'>senatui</span> <span class='ocrx_word' id='word_1_310' title='bbox 1471 2206 1660 2255; x_wconf 89' lang='lat' dir='ltr'>persuasi.</span> 
     </span>
    </p>

    <p class='ocr_par' dir='ltr' id='par_1_4' title="bbox 256 2266 1723 2939">
     <span class='ocr_line' id='line_1_35' title="bbox 310 2266 1711 2317; baseline -0.007 -1"><span class='ocrx_word' id='word_1_311' title='bbox 310 2282 347 2316; x_wconf 90' lang='grc'>8.</span> <span class='ocrx_word' id='word_1_312' title='bbox 378 2278 479 2316; x_wconf 91' lang='lat' dir='ltr'>Cum</span> <span class='ocrx_word' id='word_1_313' title='bbox 495 2286 585 2312; x_wconf 89' lang='lat' dir='ltr'>vero</span> <span class='ocrx_word' id='word_1_314' title='bbox 604 2272 741 2311; x_wconf 92' lang='lat' dir='ltr'>concio</span> <span class='ocrx_word' id='word_1_315' title='bbox 754 2270 1013 2317; x_wconf 90' lang='lat' dir='ltr'>convenisset,</span> <span class='ocrx_word' id='word_1_316' title='bbox 1033 2276 1073 2307; x_wconf 90' lang='lat' dir='ltr'>et</span> <span class='ocrx_word' id='word_1_317' title='bbox 1091 2268 1140 2307; x_wconf 90' lang='lat' dir='ltr'>ad</span> <span class='ocrx_word' id='word_1_318' title='bbox 1158 2281 1228 2307; x_wconf 90' lang='lat' dir='ltr'>vos</span> <span class='ocrx_word' id='word_1_319' title='bbox 1241 2268 1356 2306; x_wconf 91' lang='lat' dir='ltr'>verba</span> <span class='ocrx_word' id='word_1_320' title='bbox 1374 2266 1551 2305; x_wconf 82' lang='lat' dir='ltr'>facienda</span> <span class='ocrx_word' id='word_1_321' title='bbox 1567 2275 1711 2316; x_wconf 89' lang='lat' dir='ltr'>essent,</span> 
     </span>
     <span class='ocr_line' id='line_1_36' title="bbox 256 2328 1712 2393; baseline -0.006 -15"><span class='ocrx_word' id='word_1_322' title='bbox 256 2350 482 2393; x_wconf 84' lang='lat' dir='ltr'>progressus</span> <span class='ocrx_word' id='word_1_323' title='bbox 503 2334 707 2373; x_wconf 87' lang='lat' dir='ltr'>AEschines</span> <span class='ocrx_word' id='word_1_324' title='bbox 727 2332 870 2384; x_wconf 89' lang='lat' dir='ltr'>primus</span> <span class='ocrx_word' id='word_1_325' title='bbox 891 2331 1062 2370; x_wconf 88' lang='lat' dir='ltr'>omnium</span> <span class='ocrx_word' id='word_1_326' title='bbox 1082 2328 1485 2368; x_wconf 83' lang='lat' dir='ltr'>nostrum—obtestor</span> <span class='ocrx_word' id='word_1_327' title='bbox 1505 2334 1632 2366; x_wconf 88' lang='lat' dir='ltr'>autem</span> <span class='ocrx_word' id='word_1_328' title='bbox 1644 2343 1712 2369; x_wconf 91' lang='lat' dir='ltr'>vos</span> 
     </span>
     <span class='ocr_line' id='line_1_37' title="bbox 257 2389 1712 2455; baseline -0.008 -15"><span class='ocrx_word' id='word_1_329' title='bbox 257 2416 326 2455; x_wconf 88' lang='lat' dir='ltr'>per</span> <span class='ocrx_word' id='word_1_330' title='bbox 344 2402 366 2439; x_wconf 90' lang='lat' dir='ltr'>J</span> <span class='ocrx_word' id='word_1_331' title='bbox 372 2412 482 2438; x_wconf 92' lang='lat' dir='ltr'>ovem</span> <span class='ocrx_word' id='word_1_332' title='bbox 503 2404 541 2435; x_wconf 87' lang='lat' dir='ltr'>et</span> <span class='ocrx_word' id='word_1_333' title='bbox 561 2397 669 2442; x_wconf 91' lang='lat' dir='ltr'>deos,</span> <span class='ocrx_word' id='word_1_334' title='bbox 690 2395 779 2432; x_wconf 89' lang='lat' dir='ltr'>date</span> <span class='ocrx_word' id='word_1_335' title='bbox 800 2399 1029 2445; x_wconf 78' lang='lat' dir='ltr'>operam,·ut-</span> <span class='ocrx_word' id='word_1_336' title='bbox 1047 2404 1126 2430; x_wconf 80' lang='lat' dir='ltr'>una</span> <span class='ocrx_word' id='word_1_337' title='bbox 1137 2403 1292 2429; x_wconf 86' lang='lat' dir='ltr'>mecum</span> <span class='ocrx_word' id='word_1_338' title='bbox 1312 2389 1509 2427; x_wconf 73' lang='lat' dir='ltr'>memoriae</span> <span class='ocrx_word' id='word_1_339' title='bbox 1528 2390 1712 2441; x_wconf 88' lang='lat' dir='ltr'>infigatis,</span> 
     </span>
     <span class='ocr_line' id='line_1_38' title="bbox 259 2449 1716 2503; baseline -0.008 -2"><span class='ocrx_word' id='word_1_340' title='bbox 259 2464 291 2502; x_wconf 91' lang='lat' dir='ltr'>si</span> <span class='ocrx_word' id='word_1_341' title='bbox 321 2473 413 2500; x_wconf 84' lang='lat' dir='ltr'>vera</span> <span class='ocrx_word' id='word_1_342' title='bbox 442 2460 587 2503; x_wconf 77' lang='lat' dir='ltr'>dixero,</span> <span class='ocrx_word' id='word_1_343' title='bbox 612 2470 660 2494; x_wconf 87' lang='lat' dir='ltr'>ea</span> <span class='ocrx_word' id='word_1_344' title='bbox 687 2456 789 2494; x_wconf 90' lang='lat' dir='ltr'>enim</span> <span class='ocrx_word' id='word_1_345' title='bbox 818 2455 974 2492; x_wconf 90' lang='lat' dir='ltr'>demum</span> <span class='ocrx_word' id='word_1_346' title='bbox 1006 2460 1111 2500; x_wconf 88' lang='lat' dir='ltr'>sunt,</span> <span class='ocrx_word' id='word_1_347' title='bbox 1133 2464 1220 2503; x_wconf 85' lang='lat' dir='ltr'>quae</span> <span class='ocrx_word' id='word_1_348' title='bbox 1248 2450 1376 2488; x_wconf 82' lang='lat' dir='ltr'>omnia</span> <span class='ocrx_word' id='word_1_349' title='bbox 1406 2449 1561 2500; x_wconf 87' lang='lat' dir='ltr'>negotia</span> <span class='ocrx_word' id='word_1_350' title='bbox 1586 2458 1716 2490; x_wconf 86' lang='lat' dir='ltr'>vestra</span> 
     </span>
     <span class='ocr_line' id='line_1_39' title="bbox 259 2511 1718 2576; baseline -0.008 -14"><span class='ocrx_word' id='word_1_351' title='bbox 259 2534 413 2576; x_wconf 88' lang='lat' dir='ltr'>prorsus</span> <span class='ocrx_word' id='word_1_352' title='bbox 439 2524 690 2569; x_wconf 89' lang='lat' dir='ltr'>corruperunt</span> <span class='ocrx_word' id='word_1_353' title='bbox 717 2523 756 2554; x_wconf 89' lang='lat' dir='ltr'>et</span> <span class='ocrx_word' id='word_1_354' title='bbox 779 2515 1310 2567; x_wconf 82' lang='lat' dir='ltr'>perdiderunt-progressus</span> <span class='ocrx_word' id='word_1_355' title='bbox 1345 2511 1459 2562; x_wconf 88' lang='lat' dir='ltr'>igitur</span> <span class='ocrx_word' id='word_1_356' title='bbox 1495 2511 1718 2562; x_wconf 84' lang='lat' dir='ltr'>longissime</span> 
     </span>
     <span class='ocr_line' id='line_1_40' title="bbox 258 2572 1718 2629; baseline -0.008 -7"><span class='ocrx_word' id='word_1_357' title='bbox 258 2583 394 2629; x_wconf 86' lang='lat' dir='ltr'>abfuit,</span> <span class='ocrx_word' id='word_1_358' title='bbox 412 2587 457 2618; x_wconf 91' lang='lat' dir='ltr'>ut</span> <span class='ocrx_word' id='word_1_359' title='bbox 474 2578 715 2618; x_wconf 87' lang='lat' dir='ltr'>renunciaret</span> <span class='ocrx_word' id='word_1_360' title='bbox 732 2576 875 2627; x_wconf 90' lang='lat' dir='ltr'>aliquid</span> <span class='ocrx_word' id='word_1_361' title='bbox 894 2576 932 2613; x_wconf 91' lang='lat' dir='ltr'>in</span> <span class='ocrx_word' id='word_1_362' title='bbox 950 2575 1144 2626; x_wconf 87' lang='lat' dir='ltr'>legatione</span> <span class='ocrx_word' id='word_1_363' title='bbox 1164 2580 1308 2619; x_wconf 84' lang='lat' dir='ltr'>actum,</span> <span class='ocrx_word' id='word_1_364' title='bbox 1323 2579 1402 2619; x_wconf 89' lang='lat' dir='ltr'>aut,</span> <span class='ocrx_word' id='word_1_365' title='bbox 1422 2578 1466 2610; x_wconf 87' lang='lat' dir='ltr'>ut</span> <span class='ocrx_word' id='word_1_366' title='bbox 1492 2572 1541 2610; x_wconf 92' lang='lat' dir='ltr'>de</span> <span class='ocrx_word' id='word_1_367' title='bbox 1566 2572 1611 2610; x_wconf 85' lang='lat' dir='ltr'>iis</span> <span class='ocrx_word' id='word_1_368' title='bbox 1630 2586 1718 2623; x_wconf 83' lang='lat' dir='ltr'>quae</span> 
     </span>
     <span class='ocr_line' id='line_1_41' title="bbox 260 2632 1718 2685; baseline -0.007 -2"><span class='ocrx_word' id='word_1_369' title='bbox 260 2646 299 2683; x_wconf 91' lang='lat' dir='ltr'>in</span> <span class='ocrx_word' id='word_1_370' title='bbox 330 2649 467 2682; x_wconf 90' lang='lat' dir='ltr'>senatu</span> <span class='ocrx_word' id='word_1_371' title='bbox 492 2641 595 2678; x_wconf 88' lang='lat' dir='ltr'>dicta</span> <span class='ocrx_word' id='word_1_372' title='bbox 626 2644 767 2685; x_wconf 91' lang='lat' dir='ltr'>essent,</span> <span class='ocrx_word' id='word_1_373' title='bbox 790 2638 822 2675; x_wconf 91' lang='lat' dir='ltr'>si</span> <span class='ocrx_word' id='word_1_374' title='bbox 841 2637 939 2675; x_wconf 86' lang='lat' dir='ltr'>forte</span> <span class='ocrx_word' id='word_1_375' title='bbox 968 2644 1095 2674; x_wconf 91' lang='lat' dir='ltr'>utrum</span> <span class='ocrx_word' id='word_1_376' title='bbox 1119 2647 1192 2685; x_wconf 89' lang='lat' dir='ltr'>ego</span> <span class='ocrx_word' id='word_1_377' title='bbox 1211 2646 1301 2672; x_wconf 89' lang='lat' dir='ltr'>vera</span> <span class='ocrx_word' id='word_1_378' title='bbox 1321 2633 1485 2672; x_wconf 88' lang='lat' dir='ltr'>dicerem</span> <span class='ocrx_word' id='word_1_379' title='bbox 1505 2632 1718 2683; x_wconf 84' lang='lat' dir='ltr'>dubitabat,</span> 
     </span>
     <span class='ocr_line' id='line_1_42' title="bbox 261 2694 1719 2752; baseline -0.008 -8"><span class='ocrx_word' id='word_1_380' title='bbox 261 2707 379 2745; x_wconf 90' lang='lat' dir='ltr'>ullam</span> <span class='ocrx_word' id='word_1_381' title='bbox 397 2705 435 2741; x_wconf 91' lang='lat' dir='ltr'>in</span> <span class='ocrx_word' id='word_1_382' title='bbox 450 2708 550 2741; x_wconf 87' lang='lat' dir='ltr'>coetu</span> <span class='ocrx_word' id='word_1_383' title='bbox 564 2699 696 2752; x_wconf 87' lang='lat' dir='ltr'>populi</span> <span class='ocrx_word' id='word_1_384' title='bbox 715 2698 948 2737; x_wconf 89' lang='lat' dir='ltr'>mentionem</span> <span class='ocrx_word' id='word_1_385' title='bbox 969 2698 1126 2742; x_wconf 83' lang='lat' dir='ltr'>faceret,</span> <span class='ocrx_word' id='word_1_386' title='bbox 1141 2696 1210 2733; x_wconf 85' lang='lat' dir='ltr'>sed</span> <span class='ocrx_word' id='word_1_387' title='bbox 1231 2708 1315 2733; x_wconf 91' lang='lat' dir='ltr'>eam</span> <span class='ocrx_word' id='word_1_388' title='bbox 1334 2694 1470 2746; x_wconf 85' lang='lat' dir='ltr'>habuit</span> <span class='ocrx_word' id='word_1_389' title='bbox 1493 2694 1719 2740; x_wconf 89' lang='lat' dir='ltr'>orationem,</span> 
     </span>
     <span class='ocr_line' id='line_1_43' title="bbox 260 2756 1720 2814; baseline -0.008 -8"><span class='ocrx_word' id='word_1_390' title='bbox 260 2777 299 2807; x_wconf 87' lang='lat' dir='ltr'>et</span> <span class='ocrx_word' id='word_1_391' title='bbox 318 2773 378 2805; x_wconf 90' lang='lat' dir='ltr'>tot</span> <span class='ocrx_word' id='word_1_392' title='bbox 396 2764 588 2814; x_wconf 88' lang='lat' dir='ltr'>tantisque</span> <span class='ocrx_word' id='word_1_393' title='bbox 599 2761 709 2799; x_wconf 89' lang='lat' dir='ltr'>bonis</span> <span class='ocrx_word' id='word_1_394' title='bbox 725 2760 913 2806; x_wconf 78' lang='lat' dir='ltr'>refertam,</span> <span class='ocrx_word' id='word_1_395' title='bbox 933 2765 976 2796; x_wconf 90' lang='lat' dir='ltr'>ut</span> <span class='ocrx_word' id='word_1_396' title='bbox 988 2758 1185 2796; x_wconf 84' lang='lat' dir='ltr'>universos</span> <span class='ocrx_word' id='word_1_397' title='bbox 1207 2769 1276 2794; x_wconf 85' lang='lat' dir='ltr'>vos</span> <span class='ocrx_word' id='word_1_398' title='bbox 1303 2756 1341 2794; x_wconf 89' lang='lat' dir='ltr'>in</span> <span class='ocrx_word' id='word_1_399' title='bbox 1365 2768 1475 2794; x_wconf 89' lang='lat' dir='ltr'>suam</span> <span class='ocrx_word' id='word_1_400' title='bbox 1489 2756 1720 2795; x_wconf 87' lang='lat' dir='ltr'>sententiam</span> 
     </span>
     <span class='ocr_line' id='line_1_44' title="bbox 262 2818 1723 2880; baseline -0.006 -14"><span class='ocrx_word' id='word_1_401' title='bbox 262 2825 501 2880; x_wconf 86' lang='lat' dir='ltr'>pertraxerit.</span> <span class='ocrx_word' id='word_1_402' title='bbox 532 2823 672 2862; x_wconf 85' lang='lat' dir='ltr'>Aiebat</span> <span class='ocrx_word' id='word_1_403' title='bbox 689 2822 803 2868; x_wconf 89' lang='lat' dir='ltr'>enim,</span> <span class='ocrx_word' id='word_1_404' title='bbox 817 2833 857 2858; x_wconf 86' lang='lat' dir='ltr'>se</span> <span class='ocrx_word' id='word_1_405' title='bbox 869 2820 1111 2872; x_wconf 87' lang='lat' dir='ltr'>persuasisse</span> <span class='ocrx_word' id='word_1_406' title='bbox 1127 2819 1307 2870; x_wconf 90' lang='lat' dir='ltr'>Philippo</span> <span class='ocrx_word' id='word_1_407' title='bbox 1323 2818 1462 2863; x_wconf 90' lang='lat' dir='ltr'>omnia,</span> <span class='ocrx_word' id='word_1_408' title='bbox 1480 2829 1569 2867; x_wconf 84' lang='lat' dir='ltr'>quoe</span> <span class='ocrx_word' id='word_1_409' title='bbox 1588 2825 1723 2857; x_wconf 89' lang='lat' dir='ltr'>essent</span> 
     </span>
     <span class='ocr_line' id='line_1_45' title="bbox 262 2876 1721 2939; baseline -0.005 -13"><span class='ocrx_word' id='word_1_410' title='bbox 262 2890 370 2928; x_wconf 84' lang='lat' dir='ltr'>utilia</span> <span class='ocrx_word' id='word_1_411' title='bbox 387 2886 620 2939; x_wconf 71' lang='lat' dir='ltr'>reipublicae,</span> <span class='ocrx_word' id='word_1_412' title='bbox 632 2891 710 2923; x_wconf 87' lang='lat' dir='ltr'>tam</span> <span class='ocrx_word' id='word_1_413' title='bbox 736 2883 775 2922; x_wconf 91' lang='lat' dir='ltr'>in</span> <span class='ocrx_word' id='word_1_414' title='bbox 796 2882 1120 2935; x_wconf 80' lang='lat' dir='ltr'>Amphictyonica</span> <span class='ocrx_word' id='word_1_415' title='bbox 1134 2893 1266 2928; x_wconf 86' lang='lat' dir='ltr'>causa,</span> <span class='ocrx_word' id='word_1_416' title='bbox 1281 2891 1398 2933; x_wconf 87' lang='lat' dir='ltr'>quam</span> <span class='ocrx_word' id='word_1_417' title='bbox 1412 2876 1550 2919; x_wconf 85' lang='lat' dir='ltr'>ceteris</span> <span class='ocrx_word' id='word_1_418' title='bbox 1570 2879 1721 2920; x_wconf 89' lang='lat' dir='ltr'>univer-</span> 
     </span>
    </p>
   </div>
  </div>
 </body>
</html>
