1923 3149
573 230 860 267 ADVERSUS
894 228 1189 266 LEPTINEM.
1534 232 1610 269 295

156 330 259 381 apud
279 341 346 368 vos
366 329 591 377 honorifica,
606 331 713 369 vobis
732 344 821 369 vero
842 331 946 382 apud
961 330 1122 368 Graecos
1142 332 1354 372 universos,
1387 332 1487 370 Nam
1507 334 1612 383 quis-

153 392 239 442 quis
260 397 429 429 nostrum
447 392 483 430 in
500 392 595 430 alios
620 393 808 430 beneficia
827 393 988 436 confert,
1009 395 1088 439 ejus
1108 392 1199 428 facti
1216 393 1340 441 gloria
1359 406 1499 430 nomen
1521 394 1613 431 civi-

152 453 241 491 tatis
262 454 408 492 fruitur.
468 455 711 506 Quapropter
743 455 796 492 illi
830 462 908 492 tum
929 467 1006 491 non
1026 461 1174 491 tantum
1206 455 1426 493 immunitas
1459 456 1614 494 decreta

153 521 226 559 est,
247 515 313 552 sed
337 517 479 566 primus
497 516 581 562 fuit,
604 517 680 566 cui,
702 516 1028 566 quemadmodum
1052 515 1268 553 Harmodio
1290 522 1331 552 et
1345 517 1612 567 Aristogitoni,

153 588 257 614 aerea
277 584 402 614 statua
421 578 704 615 decerneretur.
764 577 961 614 Putabant
980 576 1095 620 enim,
1118 589 1203 613 cum
1226 576 1290 626 qui
1317 576 1612 615 Lacedaemoni-

152 649 261 674 orum
282 638 479 689 imperium
495 639 709 685 evertisset,
734 651 812 675 non
832 650 988 688 parvam
1004 637 1250 688 tyrannidem
1266 637 1509 675 destruxisse.
1555 639 1611 676 Ut

149 697 268 748 igitur
299 699 423 750 majus
445 699 546 748 apud
567 711 635 735 vos
665 699 817 748 pondus
839 699 888 735 sit
907 698 1090 735 orationis
1112 711 1220 744 meae,
1240 698 1325 748 ipsa
1357 705 1610 737 senatuscon-

152 759 267 805 sulta,
289 772 375 810 quae
394 765 473 796 tum
490 759 641 797 Cononi
661 759 765 798 facta
783 766 885 806 sunt,
897 759 1005 798 vobis
1026 759 1217 809 legentur.
1274 759 1424 798 Recita.

594 904 1149 943 SENATUSCONSULTA.

150 1003 289 1055 Neque
308 1018 398 1044 vero
418 1019 440 1044 a
459 1007 568 1045 vobis
598 1007 721 1044 solum
743 1006 866 1053 Cono,
889 1007 1160 1053 Athenienses,
1182 1014 1261 1045 tum
1288 1008 1500 1045 honoratus
1536 1015 1608 1053 est,

148 1065 222 1103 illis
250 1068 362 1105 rebus
382 1069 499 1118 gestis
519 1081 616 1119 quas
647 1069 834 1114 recensui,
857 1068 926 1106 sed
957 1082 981 1106 a
1010 1068 1141 1106 multis
1174 1069 1289 1106 etiam
1321 1068 1418 1116 aliis,
1438 1069 1502 1120 qui
1523 1070 1610 1120 jure

146 1129 354 1178 putabant,
391 1132 555 1180 gratiam
588 1130 643 1168 illi
675 1144 746 1182 pro
779 1131 951 1181 acceptis
990 1131 1187 1168 beneficiis
1227 1143 1313 1168 esse
1350 1132 1605 1169 referendam.

149 1187 278 1232 Quare
299 1198 410 1242 turpe
429 1199 501 1238 est,
517 1192 787 1237 Athenienses,
803 1192 970 1230 honores
990 1194 1038 1229 ab
1059 1192 1142 1230 aliis
1163 1192 1197 1229 ei
1218 1192 1370 1230 habitos
1386 1199 1490 1230 ratos
1506 1207 1607 1240 esse,

144 1256 315 1288 vestrum
329 1265 419 1290 vero
436 1253 561 1291 solum
575 1253 609 1291 ei
625 1254 731 1304 eripi.
762 1254 845 1292 Nec
860 1254 952 1291 illud
969 1254 1189 1300 honestum,
1202 1254 1393 1292 viventem
1407 1268 1494 1292 eum
1511 1256 1608 1294 tanti

145 1308 296 1357 secisse,
310 1321 353 1351 ut
367 1314 421 1352 ita
439 1315 765 1364 quemadmodum
785 1316 957 1353 auditum
977 1323 1048 1361 est,
1063 1317 1272 1354 ornaretis:
1292 1324 1499 1367 postquam
1519 1331 1609 1356 vero

145 1379 320 1412 mortuus
340 1381 411 1421 est,
428 1376 568 1414 oblitos
589 1389 722 1414 eorum
744 1378 928 1421 omniurn,
945 1376 1089 1427 aliquid
1110 1390 1156 1414 ex
1172 1377 1247 1414 illis
1263 1391 1349 1427 quae
1369 1384 1449 1415 tum
1469 1379 1503 1416 ei
1517 1379 1610 1417 data

146 1442 249 1481 sunt,
269 1437 428 1487 eripere.
464 1437 566 1475 Nam
585 1451 674 1476 cum
696 1439 744 1476 ab
766 1451 812 1476 eo
832 1438 954 1475 multa
973 1438 1088 1475 laude
1117 1438 1236 1488 digna
1270 1444 1380 1489 gesta
1410 1440 1500 1486 sint,
1520 1444 1608 1490 pro-

144 1502 231 1547 pter
248 1511 335 1548 quae
353 1499 482 1536 omnia
500 1513 578 1537 non
597 1500 787 1546 convenit,
805 1499 916 1537 datas
934 1499 989 1537 illi
1009 1499 1235 1538 donationes
1255 1500 1391 1538 tollere
1407 1514 1416 1544 ;
1438 1502 1610 1539 omnium

144 1558 441 1608 pulcherrimum
462 1568 534 1606 est,
555 1562 783 1600 instauratio
813 1562 1010 1599 moenium.
1068 1561 1112 1599 Id
1133 1562 1238 1611 quod
1257 1562 1348 1599 inde
1375 1563 1556 1610 cernitur,
1578 1563 1609 1601 si

144 1619 230 1670 quis
250 1621 434 1666 conferat,
453 1623 649 1672 quomodo
669 1623 964 1671 Themistocles,
981 1623 1036 1660 vir
1053 1623 1223 1660 omnium
1242 1625 1367 1662 aetatis
1396 1638 1476 1662 suae
1505 1626 1608 1664 cele-

144 1681 346 1729 berrimus,
365 1684 456 1720 illud
478 1684 603 1735 ipsum
619 1685 832 1735 perfecerit.
865 1684 963 1721 Eum
981 1684 1096 1734 igitur
1112 1686 1242 1723 ferunt
1255 1685 1421 1724 edixisse
1441 1687 1609 1733 civibus,

145 1748 189 1779 ut
208 1744 349 1781 moenia
368 1751 573 1790 struerent,
597 1753 648 1792 et,
678 1746 709 1783 si
729 1746 814 1796 quis
834 1746 1119 1784 Lacedaemone
1139 1747 1321 1793 venisset,
1342 1761 1430 1785 eum
1461 1749 1609 1787 detine-

143 1811 244 1849 rent,
260 1805 385 1856 ipsum
403 1808 451 1844 ad
474 1807 790 1845 Lacedaembnios
812 1807 985 1857 legatum
1006 1806 1146 1844 abiisse
1164 1820 1172 1844 :
1194 1821 1280 1845 cum
1293 1821 1381 1847 vero
1398 1809 1474 1847 illic
1490 1812 1610 1849 verba

142 1863 294 1910 fierent,
315 1874 353 1904 et
371 1867 527 1918 quidam
542 1869 784 1912 nunciarent,
810 1867 1070 1904 Athenienses
1091 1869 1233 1905 moenia
1251 1876 1410 1915 struere,
1430 1884 1608 1922 negasse,

142 1932 263 1977 utque
278 1927 428 1978 legatos
448 1929 501 1966 rei
519 1929 771 1980 explorandae
792 1942 911 1966 causa
926 1929 1125 1966 mitterent
1137 1930 1323 1979 jussisse3
1338 1931 1413 1969 illis
1426 1946 1516 1970 vero
1528 1930 1616 1972 non>

141 1990 434 2035 revertentibus,
450 1991 646 2028 monuisse
666 1997 709 2028 ut
726 1990 820 2028 alios
833 1990 1036 2028 -mitterent
1051 2011 1066 2018 -
1081 2012 1097 2018 -
1114 2013 1130 2018 -
1160 1990 1239 2027 Sed
1271 2004 1407 2030 omnes
1430 1994 1606 2033 fortassis

143 2049 359 2099 audivistis,
372 2051 567 2100 quomodo
596 2051 910 2089 Lacedaemonios
931 2050 1134 2101 decepisse
1161 2051 1324 2091 dicatur.
1384 2054 1470 2106 Ego
1489 2055 1607 2106 igitur

143 2109 406 2161 aio,—quaeso
427 2119 570 2157 autem,
583 2112 859 2159 Athenienses,
876 2125 922 2150 ne
942 2112 1132 2150 invidiosa
1152 2112 1202 2150 sit
1215 2114 1337 2152 oratio
1358 2128 1457 2163 mea,
1474 2119 1544 2156 sed
1567 2120 1605 2157 id

144 2177 354 2221 spectetur,
370 2184 419 2209 an
430 2186 522 2210 vera
540 2173 808 2224 sitl—quanto
828 2173 973 2223 aliquid
989 2180 1119 2223 aperte
1131 2187 1246 2224 quam
1260 2175 1373 2223 clam,
1390 2184 1429 2215 et
1446 2179 1606 2218 victoria

142 2244 260 2281 quam
273 2233 409 2271 fraude
428 2235 626 2285 perficere,
645 2234 870 2285 praeclarius
888 2241 961 2280 est,
984 2241 1091 2273 tanto
1111 2236 1280 2286 pulcrius
1296 2238 1494 2278 Cononem
1512 2256 1606 2280 con-

142 2292 289 2332 didisse
315 2296 454 2333 moenia
482 2309 598 2346 quam
632 2296 951 2334 Themistoclem.
1009 2297 1086 2335 Hie
1106 2297 1208 2335 enim
1239 2299 1519 2350 ignorantibus,
1540 2304 1603 2343 ille

140 2354 252 2393 victis
272 2357 316 2394 iis
337 2358 401 2407 qui
421 2358 646 2409 prohibituri
667 2365 788 2405 erant,
809 2359 883 2397 hoc
903 2357 1044 2397 effecit.
1101 2359 1191 2397 Non
1206 2360 1323 2411 igitur
1344 2362 1469 2410 decet,
1485 2366 1602 2405 talem

140 2417 263 2455 virum
279 2419 418 2470 injuria
435 2434 458 2458 a
475 2421 583 2458 vobis
604 2421 718 2467 affici,
739 2426 807 2458 aut
830 2420 955 2458 minus
980 2421 1083 2472 apud
1108 2434 1176 2459 vos
1196 2423 1323 2462 valere
1342 2422 1458 2475 quam
1477 2436 1608 2467 orato-⁴

141 2491 218 2528 res,
235 2481 300 2530 qui
317 2481 421 2519 vobis
441 2482 676 2533 persuadere
695 2481 844 2529 volunt,
867 2482 1012 2533 aliquid
1032 2482 1284 2522 auferendum
1306 2499 1407 2532 esse,
1426 2489 1530 2537 quod
1548 2490 1602 2528 illi

142 2552 372 2579 concessum
393 2544 454 2592 sit.
1578 2548 1581 2549 ⁷

198 2603 260 2640 17.
289 2603 352 2640 An
372 2617 461 2642 vero
485 2605 765 2656 permittemus,
784 2612 828 2643 ut
848 2604 1028 2645 Chabriae
1049 2607 1126 2645 filio
1156 2609 1375 2649 immunitas
1407 2613 1601 2664 eripiatur,

141 2676 257 2715 quam
276 2664 310 2702 ei
328 2671 436 2715 pater
448 2669 572 2714 jurea
591 2668 699 2705 vobis
732 2667 932 2719 acceptam
960 2668 1140 2719 reliquit?
1168 2671 1235 2708 sed
1270 2673 1468 2717 neminem,
1497 2688 1600 2712 sanae

141 2727 281 2764 mentis
308 2726 502 2765 hominem
524 2728 604 2766 sore
630 2730 821 2777 existimo,
841 2730 907 2781 qui
925 2730 965 2768 id
984 2737 1131 2768 rectum
1150 2744 1233 2770 esse
1254 2741 1426 2772 censeat.
1486 2735 1602 2775 Scitis

140 2787 328 2835 fortassis,
361 2789 476 2827 etiam
510 2789 592 2828 sine
625 2804 710 2829 mea
741 2792 927 2838 oratione,
948 2790 1197 2843 praestantem
1217 2794 1338 2831 virum
1358 2795 1476 2833 fuisse
1499 2796 1601 2835 Cha-

139 2849 286 2888 briam:
316 2850 410 2888 nihil
430 2857 560 2889 tamen
580 2852 768 2902 prohibet,
800 2867 862 2891 me
892 2867 1048 2905 quoque
1076 2867 1135 2891 res
1166 2855 1246 2905 ejus
1279 2863 1409 2905 gestas
1438 2857 1603 2897 breviter

141 2911 343 2965 attingere.
402 2909 528 2956 Quem
546 2913 660 2964 igitur
679 2913 729 2950 ad
747 2915 919 2962 modum,
939 2929 1026 2953 curn
1046 2926 1121 2953 vos*
1136 2915 1218 2965 ejus
1235 2915 1355 2953 ductu
1371 2917 1601 2966 militaretis,

141 2971 191 3009 ad
210 2971 366 3013 Thebas
401 2987 490 3014 cum
521 2975 708 3014 universis
741 2976 1145 3028 Peloponnesensibus
1165 2976 1369 3029 dimicarit,
1390 2993 1467 3031 quo
1487 2988 1602 3032 pacto
