1923 3149
486 176 563 215 DE
594 179 753 216 MALE
783 177 954 215 GESTA
986 178 1314 218 LEGATIONE.
1544 183 1623 220 229

172 287 300 318 autem
327 280 466 318 nullius
500 281 625 332 culpae
658 280 728 318 sibi
763 280 937 318 conscius
958 286 1051 325 erat,
1073 281 1118 324 is,
1139 283 1169 319 si
1189 284 1387 330 tacuisset,
1408 285 1620 326 fa'cinorum

168 350 208 378 et
224 341 411 379 scelerum
432 343 560 380 socius
579 342 695 379 fuisse
716 342 920 379 videretur.
978 341 1060 391 Ego
1090 342 1205 392 igitur
1224 344 1254 381 is
1276 347 1323 382 ab
1343 346 1449 384 initio
1470 348 1536 394 fui,
1556 351 1619 400 qui

167 403 261 441 istos
281 405 506 449 accusarim,
522 405 680 441 istorum
703 416 791 441 vcro
812 416 870 440 me
891 415 1016 439 nemo.

228 466 287 502 13.
318 466 374 503 Ac
395 472 550 502 senatus
568 465 632 502 illa
651 464 804 515 quidem
820 464 900 515 jam
919 463 1154 509 decreverat,
1173 467 1358 505 concione
1379 476 1505 507 autem
1527 485 1619 510 con-

167 534 317 572 vocata,
338 536 376 564 et
396 526 572 577 Philippo
585 526 665 576 jam
684 527 784 563 intra
799 524 915 576 Pylas
939 538 1144 576 progresso
1173 527 1350 577 (primum
1371 530 1470 568 enim
1494 533 1530 570 id
1552 535 1622 572 fuit

168 589 336 625 omnium
357 588 559 632 scelerum,
579 587 683 637 quod
713 586 930 637 Philippum
963 586 1006 624 iis
1033 588 1196 637 negotiis
1228 590 1494 638 praefecerant,
1514 594 1619 641 item,

164 663 252 687 cum
272 649 431 700 primum
460 651 565 687 vobis
597 650 753 699 negotia
781 650 1053 699 cognoscenda
1072 658 1216 696 essent,
1236 652 1375 690 deinde
1395 655 1619 694 consultan-

166 710 271 756 dum,
292 718 390 761 post,
410 710 514 760 quod
544 710 668 748 visum
704 718 821 756 esset,
852 710 1061 761 agendum,
1081 712 1184 762 quod
1205 713 1424 760 effecerant,
1446 723 1489 754 ut
1510 718 1620 756 simul

163 785 232 809 vos
253 779 292 809 et
311 772 501 818 audiretis,
522 778 561 810 et
587 772 651 809 ille
679 772 846 817 adesset,
866 779 985 822 utque
1016 774 1200 823 neuquid
1223 775 1301 813 fleri
1321 785 1525 827 oporteret,
1546 780 1621 818 dici

162 833 275 871 facile
295 837 442 884 posset)
462 833 556 871 illud
578 834 692 871 etiam
712 833 760 871 ad
782 833 928 884 reliqua
948 835 1127 880 accessit,
1147 843 1189 873 ut
1207 837 1244 873 id
1265 838 1416 887 quidem
1441 850 1617 882 senatus-

163 895 382 932 consultum
416 895 557 946 populo
588 908 702 933 nemo
735 895 884 945 legerit,
906 908 1030 945 neque
1061 896 1226 934 audierit
1256 899 1431 949 populus,
1453 904 1520 940 sed
1546 904 1619 942 iste

162 958 377 1002 surrexerit,
398 965 436 994 et
455 970 500 994 ea
518 957 752 1007 praedicarit,
770 970 857 1006 quae
891 957 1005 994 modo
1024 958 1133 996 vobis
1163 960 1336 1009 exposui,
1357 962 1477 1000 multa
1495 972 1534 1001 et
1560 966 1619 1003 in-

161 1020 292 1070 gentia
310 1020 424 1063 bona,
449 1033 536 1070 quae
561 1032 600 1056 se
622 1019 845 1069 impetrasse
875 1031 901 1056 a‘
929 1019 1108 1070 Philippo
1135 1027 1250 1070 atque
1276 1022 1409 1061 afferre
1430 1025 1619 1075 jactabat,

160 1088 316 1131 propter
342 1094 429 1131 quae
460 1081 696 1130 proscriptus
730 1087 833 1118 esset
862 1093 885 1117 a
914 1080 1118 1118 Thebanis.
1189 1082 1356 1121 Proinde
1393 1099 1461 1123 vos
1500 1090 1619 1126 territi

157 1143 318 1191 primum
336 1141 543 1191 praesentia
555 1141 732 1191 Philippi,
751 1148 790 1177 et
808 1141 892 1177 istis
912 1142 1136 1186 irascentes,
1157 1144 1221 1192 qui
1242 1158 1319 1181 non
1341 1153 1429 1184 ante
1446 1148 1615 1188 indicas-

159 1210 260 1246 sent,
282 1203 478 1252 aliquanto
499 1202 664 1238 mitiores
691 1201 852 1245 fiebatis‚
874 1201 978 1251 quod
999 1202 1126 1249 omnia
1145 1215 1213 1240 vos
1234 1214 1509 1246 consecuturos
1530 1224 1616 1261 quae

157 1263 320 1308 velletis,
341 1262 570 1314 sperabatis,
585 1275 655 1298 nce
671 1274 805 1299 vocem
825 1262 956 1299 audire
973 1275 1110 1307 meam,
1129 1272 1194 1300 aut
1214 1267 1441 1316 cujusquam
1459 1271 1615 1311 alterius

158 1324 361 1363 volebatis.
396 1323 492 1361 Post
511 1324 595 1361 haec
616 1323 875 1361 recitabantur
894 1323 1022 1361 missae
1042 1337 1064 1362 a
1079 1324 1257 1376 Philippo
1278 1327 1411 1376 literae,
1427 1345 1521 1381 quas
1543 1335 1615 1374 iste

157 1386 376 1436 scripserat,
397 1392 655 1424 commoratus
673 1392 763 1437 post
783 1398 867 1431 nOS,
895 1398 981 1435 quae
1006 1385 1133 1436 palam
1168 1393 1208 1424 et
1236 1397 1366 1438 aperte
1397 1392 1490 1430 nihil
1510 1404 1617 1436 erant

156 1447 261 1485 aliud
281 1461 395 1499 quam
415 1447 592 1485 defensio
622 1447 823 1493 scelerum,
846 1461 933 1497 quae
955 1447 1014 1484 isti
1041 1456 1319 1499 perpetrarant.
1356 1452 1456 1492 Nam
1478 1464 1517 1494 et
1538 1458 1614 1498 hoc

154 1510 265 1555 inest,
285 1523 324 1547 se
346 1510 582 1561 prohibuisse
601 1509 686 1546 illos
705 1509 744 1546 in
764 1510 877 1546 urbes
897 1509 1030 1555 ituros,
1049 1516 1087 1547 et
1106 1512 1376 1562 jusjurandum
1396 1525 1613 1569 exacturos,

156 1578 208 1617 et,
228 1579 271 1609 ut
290 1572 511 1622 adjumento
532 1571 601 1609 sibi
622 1578 751 1608 essent
779 1570 816 1607 in
846 1571 1141 1609 reconciliandis
1162 1573 1370 1613 Alensibus
1391 1584 1429 1615 et
1449 1578 1613 1620 Pharsa-

154 1633 224 1677 liis,
246 1646 311 1671 eos
328 1633 550 1679 detinuisse,
566 1632 732 1682 denique
753 1631 880 1669 omnia
894 1633 1053 1670 istorum
1072 1641 1233 1683 peccata
1250 1635 1289 1672 in
1306 1650 1346 1674 se
1365 1641 1555 1688 transfert,
1575 1651 1614 1682 et

152 1695 222 1733 sibi
249 1695 455 1733 adscribit:
477 1694 734 1733 Phocensium
759 1707 862 1739 vero,
880 1701 946 1731 aut
970 1694 1359 1746 Thespiensium,aut
1373 1714 1504 1741 eorum
1522 1718 1610 1755 quae

154 1758 225 1794 iste
243 1758 351 1794 vobis
372 1757 586 1801 nunciarat,
612 1756 718 1811 nulla
733 1756 793 1794 vel
815 1756 970 1794 minima
990 1757 1033 1794 fit
1053 1759 1208 1796 mentio.
1263 1759 1399 1811 Neque
1420 1763 1492 1802 hoc
1514 1766 1611 1805 forte

153 1819 308 1857 fortuna
326 1819 377 1857 ita
393 1819 537 1856 sactum
552 1819 701 1862 est,sed
719 1832 879 1869 quarum
894 1832 1019 1856 rerum
1034 1820 1140 1857 vobis
1157 1834 1281 1870 poenae
1296 1826 1494 1863 sumendae
1509 1836 1619 1868 erant

153 1882 200 1919 ab
213 1881 307 1926 istis,
319 1880 383 1931 qui
396 1880 487 1918 nihil
501 1880 676 1918 fecerant
696 1888 762 1918 aut
781 1880 1093 1918 administrarant
1109 1895 1240 1919 eorum
1255 1897 1341 1934 quae
1356 1895 1610 1928 senatuscon-

152 1942 252 1980 sulto
275 1942 494 1993 jusseratis,
516 1955 645 1979 earum
668 1941 732 1979 ille
753 1942 905 1992 culpam
939 1943 977 1979 in
1008 1956 1049 1980 se
1081 1945 1275 1991 transfert,
1295 1960 1414 1998 seque
1433 1948 1471 1987 in
1493 1964 1612 1990 causa

150 2005 270 2042 fuisse
290 2005 468 2050 affirmat,
487 2018 599 2054 quem
620 2017 687 2041 vos
723 2005 859 2055 punire
888 2004 1034 2042 scilicet
1060 2019 1136 2043 non
1157 2009 1321 2057 possetis
1339 2022 1347 2047 :
1378 2024 1464 2061 quae
1484 2021 1612 2052 autem

150 2065 366 2104 ille-fraude
386 2067 571 2111 obtinere,
594 2073 633 2102 et
663 2066 864 2116 praeripere
883 2066 1027 2103 civitati
1050 2067 1185 2113 voluit,
1203 2081 1251 2106 ea
1270 2070 1339 2108 iste
1359 2075 1610 2123 renunciavit,

152 2133 196 2163 ut
214 2139 339 2176 neque
359 2139 560 2170 accusare,
579 2139 706 2176 neque
727 2133 866 2176 postea
886 2127 991 2176 queri
1007 2127 1213 2178 quicquam
1241 2130 1288 2167 de
1323 2131 1500 2185 Philippo
1521 2150 1609 2187 pos-

152 2189 256 2231 setis,
274 2200 362 2225 curn
382 2201 428 2224 ea
461 2200 534 2224 nec
561 2187 599 2223 in
631 2187 748 2224 literis
769 2188 883 2232 illius,
905 2201 976 2226 nec
997 2190 1232 2228 orationibus
1253 2205 1414 2243 usquam
1436 2198 1608 2236 contine-

150 2256 292 2286 rentur.
310 2249 394 2299 Age
415 2249 532 2286 recita
551 2249 653 2298 ipsas
674 2249 816 2294 literas,
834 2262 929 2299 quas
952 2257 992 2286 ut
1010 2250 1082 2287 iste
1099 2251 1263 2302 scripsit,
1283 2254 1336 2291 sic
1352 2255 1416 2293 ille
1432 2258 1547 2303 misit,
1569 2267 1609 2299 et

148 2310 402 2357 considerate,
422 2322 471 2347 an
490 2322 536 2347 eo
555 2309 620 2347 illa
639 2310 754 2348 modo
775 2323 818 2348 se
837 2310 1018 2357 habeant,
1039 2324 1118 2362 quo
1138 2325 1210 2363 ego
1230 2317 1403 2366 exposui.
1424 2317 1575 2359 Recita.

763 2458 989 2496 LITERAE.

150 2559 318 2604 Auditis,
335 2559 608 2608 Athenienses,
633 2561 776 2608 literas,
790 2576 904 2614 quarn
927 2564 1122 2612 praeclarae
1143 2566 1219 2604 sint
1237 2573 1278 2605 et
1294 2567 1486 2606 humanae.
1544 2570 1605 2608 De

150 2621 344 2658 Thebanis
369 2628 496 2659 autem
529 2629 569 2660 et
600 2623 879 2670 Phocensibus,
904 2631 971 2664 aut
985 2626 1081 2674 aliis,
1102 2627 1150 2665 de
1170 2628 1308 2678 quibus
1328 2630 1392 2668 ille
1413 2631 1516 2681 apud
1537 2645 1604 2669 vos

148 2682 401 2725 renunciavit,
421 2696 470 2720 ne
484 2684 676 2722 tantillum
695 2686 864 2736 quidem.

205 2745 266 2780 14.
299 2743 343 2780 In
363 2743 407 2781 iis
427 2743 542 2794 igitur
559 2737 652 2782 niihil
672 2760 828 2796 prorsus
854 2748 954 2798 aequi
982 2755 1021 2787 et
1046 2750 1138 2787 boni
1157 2751 1388 2797 continetur,
1410 2752 1521 2803 idque
1535 2765 1604 2791 vos

146 2804 216 2855 ipsi
234 2804 363 2843 statim
384 2805 638 2856 perspicietiS.
660 2806 760 2845 Nam
782 2815 821 2846 et
833 2809 1015 2855 Alenses,
1036 2824 1199 2861 quorum
1220 2812 1494 2850 reconciliandi
1516 2827 1604 2865 gra-

147 2866 200 2904 tia
219 2879 260 2904 se
278 2867 373 2905 istos
390 2867 602 2906 detinuisse
622 2868 728 2916 dicit,
748 2883 834 2908 eam
854 2872 1166 2911 conciliationem
1185 2874 1332 2924 experti
1353 2881 1455 2922 sunt,
1475 2883 1517 2914 ut
1537 2889 1605 2914 ex·
1642 2923 1645 2925 ‚

150 2933 270 2967 torres
300 2929 378 2968 sint
409 2929 514 2978 facti,
535 2936 574 2969 et
596 2931 685 2969 urbs
714 2944 843 2972 eorum
860 2933 917 2972 'sit
943 2947 1101 2979 eversa3
1132 2934 1305 2986 captivos
1326 2945 1468 2986 autem,
1488 2938 1520 2978 is
1540 2939 1605 2990 qui
