1923 3149
516 182 745 219 CONTRA
779 181 1242 220 ARISTOGITONEM
1276 183 1303 219 l.
1575 184 1651 219 465

193 289 317 320 tamen
339 295 405 320 eas
426 283 652 329 animantes,
675 290 717 322 ut
734 283 918 327 videritis,
940 283 1064 320 statim
1087 282 1285 320 occidetis.
1320 283 1381 320 Ad
1397 283 1562 320 eundem
1582 282 1652 333 igi-

190 349 250 380 tur
269 343 440 390 modum,
461 344 734 390 Athenienses,
750 345 864 382 etiam
884 357 972 381 cum
995 343 1324 389 calumniatorem,
1341 351 1380 381 et
1401 345 1593 388 acerbum,
1612 350 1652 381 et

192 412 330 442 natura
360 406 581 456 serpentina
611 405 814 456 praeditum
844 405 1036 443 hominem
1066 404 1248 449 videritis,
1278 418 1325 442 ne
1358 405 1447 442 dum
1482 411 1650 442 vestrum

192 465 366 516 singulos
387 466 562 503 mordeat
591 473 831 517 exspectate,
852 466 921 504 sed
947 466 1090 516 primus
1120 465 1296 515 quisque,
1316 466 1381 515 qui
1401 467 1439 502 in
1471 479 1559 503 eum
1593 465 1651 503 in-

190 525 339 572 ciderit,
361 527 582 565 ulciscatur.

245 588 313 624 22.
342 588 405 624 Ac
427 587 627 638 Lycurgus
649 588 867 626 Minervam
889 588 1106 625 obtestatus
1127 592 1198 632 est,
1219 592 1258 624 et
1276 592 1436 623 matrem
1457 587 1585 632 deum,
1612 587 1649 624 in

191 661 269 697 quo
288 654 391 686 recte
406 648 523 686 fecit:
555 649 625 686 sed
640 662 714 699 ego
730 649 893 699 majores
907 654 1067 693 vestrm,
1084 655 1122 685 et
1136 648 1313 685 virtutem
1330 647 1481 685 illorum
1496 648 1650 694 invoco,

188 722 350 758 quorum
370 710 591 747 memoriam
611 710 721 748 nulla
740 699 813 747 aevi
841 709 1103 760 longinquitas
1123 710 1352 747 obliteravit.
1384 709 1466 747 Nec
1496 709 1647 760 injuria.

193 770 281 807 Non
297 771 396 807 enim
413 771 466 808 ita
479 772 652 822 rempub.
674 773 873 822 gerebant,
889 778 931 808 ut
947 771 1237 822 improbissimis
1253 778 1292 809 et
1309 770 1649 808 calumniatoribus

189 844 229 868 se
248 832 444 883 adjutores
465 834 692 883 praeberent‚
715 846 842 883 neque
863 832 963 870 intra
977 833 1163 883 pomoeria
1181 833 1284 870 urbis
1297 838 1430 869 mutua
1445 845 1484 869 se
1505 830 1650 869 invidia

190 893 465 940 conficiebant,
487 894 554 931 sed
576 900 619 931 ut
646 900 728 932 tum
750 901 937 938 oratores,
958 900 1037 931 tum
1057 894 1234 932 homines
1254 894 1424 945 plebeios
1452 892 1650 930 modestos

189 962 229 992 et
245 955 370 992 bonos
387 954 642 1002 honorabant,
659 955 712 993 ita
730 956 927 1006 improbos
943 962 982 992 et
997 955 1165 993 audaces
1183 954 1359 1001 oderant,
1371 962 1410 992 et
1425 954 1648 1005 puniebant.

190 1015 306 1054 Unde
322 1029 454 1054 omnes
469 1016 586 1054 veluti
606 1017 756 1067 pugiles
778 1017 1029 1056 honestorum
1050 1029 1209 1068 operum
1231 1017 1471 1055 exstiterunt.

241 1079 307 1115 23.
340 1078 466 1115 Unum
488 1078 603 1116 etiam
623 1079 688 1116 ubi
713 1078 858 1124 dixero,
881 1078 1069 1116 desinam.
1127 1078 1289 1116 Exibitis
1311 1077 1439 1116 statim
1464 1091 1484 1115 e
1514 1077 1648 1121 curia;

191 1139 382 1190 spectabit
396 1152 465 1177 vos
485 1152 629 1177 corona
655 1147 694 1177 et
707 1140 906 1191 hospitum
927 1146 967 1177 et
985 1139 1137 1185 civium,
1158 1146 1197 1177 et
1211 1153 1300 1177 cum
1318 1139 1456 1177 viritim
1473 1138 1648 1189 singulos

185 1207 464 1251 praetereuntes
485 1200 750 1247 intuebuntur,
773 1214 821 1239 ex
848 1201 956 1239 vultu
977 1200 1194 1252 conjicient,
1221 1201 1378 1252 quinam
1399 1200 1648 1238 absolverint.

187 1262 292 1304 Quid
308 1262 423 1312 igitur
437 1262 587 1308 dicetis,
604 1263 873 1307 Athenienses,
892 1262 926 1299 si
941 1262 1091 1312 legibus
1109 1262 1295 1312 neglectis
1311 1260 1527 1300 exiveritis?
1557 1262 1647 1302 Quo

187 1322 311 1369 vultu,
331 1329 397 1360 aut
415 1323 554 1373 quibus
575 1323 699 1361 oculis
727 1324 880 1360 illorum
900 1336 1091 1373 quemque
1114 1323 1281 1360 vicissim
1309 1322 1527 1374 aspicietis?
1557 1324 1646 1364 Quo

185 1391 303 1436 pacto
329 1383 563 1422 tabularium
591 1384 872 1435 ingrediemini,
893 1384 925 1421 si
951 1384 1046 1434 quid
1067 1384 1234 1422 voletis?
1264 1384 1402 1434 Neque
1421 1384 1522 1422 enim
1555 1396 1645 1434 pro-

184 1446 288 1484 fecto
307 1453 477 1483 vestrum
494 1446 696 1496 quisquam
716 1445 964 1496 ingredietur,
984 1445 1094 1496 quasi
1113 1445 1219 1496 leges
1234 1452 1327 1482 ratae
1347 1445 1436 1491 sint,
1456 1445 1526 1483 nisi
1542 1458 1647 1482 nunc

185 1507 413 1544 confirmata
445 1507 596 1544 illarum
624 1507 852 1545 auctoritate
871 1506 1127 1545 communiter
1153 1519 1286 1544 omnes
1313 1507 1517 1545 exiveritis.
1556 1506 1644 1550 Quo

187 1573 303 1618 pacto
329 1567 503 1605 calendis
525 1580 653 1605 arcem
672 1568 869 1618 ingressus
891 1568 1055 1618 quisque
1076 1567 1295 1618 precabitur
1325 1567 1431 1613 deos,
1454 1574 1498 1605 ut
1515 1574 1553 1606 et
1572 1569 1644 1606 rei-

185 1627 352 1679 publicae
369 1635 409 1666 et
424 1628 495 1666 sibi
515 1629 593 1666 sint
610 1629 777 1680 propitii,
798 1628 830 1666 si
848 1628 921 1666 iste
940 1629 991 1666 ibi
1011 1628 1126 1666 fuerit
1144 1629 1365 1679 inscriptus,
1383 1636 1423 1667 et
1438 1636 1547 1680 pater
1559 1631 1643 1681 ejus

185 1688 391 1740 egregius?
423 1689 464 1727 Si
484 1703 552 1728 vos
581 1697 716 1728 contra
728 1689 1015 1741 jusjurandum,
1039 1696 1080 1728 et
1099 1690 1212 1728 sitam
1230 1690 1280 1727 ibi
1309 1690 1536 1741 scripturam
1553 1706 1643 1743 pro-

187 1750 459 1789 nunciaveritis
475 1750 490 1788 ?
505 1750 599 1789 *Aut
617 1751 709 1802 quid
729 1751 879 1798 dicetis,
898 1751 1180 1789 Athenienses?
1210 1751 1315 1793 Quid
1335 1752 1485 1799 dicetis,
1506 1753 1537 1790 si
1557 1754 1644 1805 quis

186 1824 256 1850 vos
271 1811 425 1862 rogitet,
446 1812 610 1863 cognitis
629 1813 672 1850 iis
694 1813 760 1864 qui
780 1813 1057 1852 absolverunt?
1087 1813 1192 1857 Quid
1210 1813 1520 1864 respondebitis?
1552 1815 1644 1854 Pla-

185 1885 273 1911 cere
299 1873 416 1910 istum
449 1873 582 1911 vobis?
613 1874 665 1912 Et
684 1874 770 1925 quis
798 1875 838 1912 id
858 1875 986 1913 dicere
1012 1887 1090 1912 non
1116 1874 1336 1912 verebitur?
1362 1875 1459 1918 Quis
1488 1882 1548 1914 est
1578 1877 1645 1927 qui

184 1933 294 1972 istius
314 1934 567 1972 hereditatem
596 1935 865 1986 improbitatis,
896 1949 984 1974 cum
1005 1936 1271 1973 exsecratione
1299 1942 1338 1973 et
1368 1936 1524 1974 infamia
1550 1950 1645 1975 con-

179 1996 343 2046 junctae,
373 1995 478 2033 adire
507 1995 610 2043 velit,
639 2009 684 2034 ac
714 2010 792 2034 non
820 1997 949 2047 potius
978 1997 1062 2048 ipse
1082 1996 1191 2034 illum
1220 1996 1479 2035 condemnare
1507 1998 1643 2036 malit?

186 2049 452 2094 Eksecramini
468 2056 583 2107 igitur
613 2070 679 2095 eos
707 2058 773 2108 qui
804 2058 1052 2105 absolverint,
1084 2064 1124 2096 et
1151 2058 1414 2108 unusquisque
1439 2052 1490 2097 eo
1523 2060 1642 2098 veluti

187 2118 349 2170 pignore
371 2118 530 2165 sanciat,
551 2131 598 2156 ex
623 2119 688 2156 illo
719 2132 760 2157 se
786 2133 946 2158 numero
970 2132 1048 2157 non
1068 2120 1252 2158 futurum.
1301 2120 1354 2157 Et
1373 2133 1557 2171 quorsum
1585 2129 1642 2161 at-

185 2181 283 2218 tinet
301 2171 563 2226 istud'faeere,
583 2193 671 2218 cum
689 2181 789 2219 bene
809 2182 956 2232 precari
972 2181 1100 2227 liceat,
1121 2188 1161 2219 et
1180 2181 1357 2218 omnibus
1372 2182 1500 2219 omnia
1513 2183 1643 2222 fausta

187 2248 227 2280 et
245 2241 373 2279 felicia
392 2248 539 2292 optare,
566 2248 605 2279 et
629 2255 697 2280 vos
717 2242 790 2293 ipsi
810 2243 918 2280 vobis
939 2242 1045 2293 ipsis,
1075 2249 1114 2281 et
1131 2243 1250 2280 ceteri
1278 2243 1530 2281 Athenienses
1557 2246 1641 2282 uni-

185 2303 287 2341 versi
306 2302 415 2341 vobis
430 2302 446 2339 ἲ
475 2303 645 2350 Addam,
663 2310 703 2341 et
720 2303 906 2355 hospites,
927 2310 966 2341 et
984 2304 1105 2350 liberi,
1123 2310 1162 2342 et
1181 2317 1333 2342 uxores.
1365 2304 1509 2341 Invasit
1524 2305 1639 2353 enim,

187 2363 329 2402 invasit
355 2376 487 2401 omnes
515 2364 625 2402 istius
652 2364 799 2402 nefaria
817 2364 1033 2411 curiositas,
1052 2371 1091 2402 et
1109 2377 1242 2404 ornnes
1259 2364 1419 2416 cupiunt
1437 2365 1547 2405 istius
1568 2366 1640 2405 im-

187 2424 377 2476 probitate
394 2424 558 2471 liberari,
578 2433 616 2463 et
633 2425 861 2466 mulctatum
881 2439 970 2465 eum
989 2426 1129 2465 videre.

876 2995 949 3029 30
