1923 3149
291 170 367 206 328
778 168 1000 206 CONTRA
1031 168 1255 206 MlDlAM.

292 270 444 321 quidem
461 270 645 320 nossem),
665 277 744 308 tum
764 284 882 322 quum
903 271 993 308 mihi
1014 271 1114 308 aetio
1133 270 1263 308 danda
1282 276 1386 307 esset
1404 269 1441 306 in
1463 268 1564 306 diem
1584 266 1734 305 circiter

293 337 470 381 quartum
498 340 564 369 aut
590 332 776 382 quintum,
798 332 979 384 impetum
1001 332 1176 369 fecerunt
1191 332 1227 369 in
1248 331 1352 368 aedes
1370 342 1473 367 meas
1492 329 1601 366 istius
1620 328 1737 365 frater

293 398 331 429 et
357 393 442 438 iste,
463 393 689 431 trierarchiae
722 394 875 431 nomine
908 406 1000 444 opes
1031 406 1179 430 mecum
1201 391 1464 443 permutaturi.
1521 391 1576 427 Ac
1595 400 1735 425 nomen

291 453 443 503 quidem
462 454 526 491 ille
547 454 877 501 accommodabat,
897 460 935 491 et
968 460 1050 491 erat
1080 454 1110 491 is
1143 454 1207 504 qui
1234 465 1327 503 opes
1348 457 1595 503 permutaret,
1615 449 1736 486 Thra-

293 515 495 566 sylochus:
524 529 583 553 res
603 528 692 553 vero
711 516 807 565 ipsa,
829 522 868 552 et
885 516 1001 553 totius
1020 514 1074 552 rei
1100 513 1377 552 administratio
1397 512 1506 549 istius
1525 517 1616 548 erat.
1674 509 1735 546 Ac

291 576 450 626 primum
467 576 567 614 fores
588 576 742 621 aedium,
763 582 807 613 ut
835 588 920 626 quae
943 577 1024 627 jam
1059 576 1117 612 sui
1144 576 1240 627 juris
1266 575 1414 612 ratione
1446 569 1736 624 permutationis

290 635 403 674 factae
418 644 560 683 essent,
580 637 813 674 diffiderunt.
872 636 1022 674 Deinde
1054 648 1140 673 cum
1173 649 1278 673 soror
1297 635 1412 673 etiam
1431 647 1517 671 mea
1535 640 1615 670 tum
1635 631 1737 668 intus

296 703 412 743 esset,
432 698 561 748 puella
579 697 719 741 adhuc,
742 709 869 734 coram
885 697 1111 747 virguncula
1123 698 1306 735 obscoena
1318 696 1435 733 locuti
1455 700 1556 739 sunt,
1576 699 1615 730 et
1633 691 1738 733 talia,

291 759 421 809 qualia
438 759 476 796 id
496 772 618 809 genus
631 758 826 795 hominum
844 758 956 796 solet.
1013 758 1097 795 Nec
1117 758 1218 796 enim
1239 771 1311 809 ego
1331 771 1391 795 me
1411 769 1577 807 unquam
1599 753 1738 791 adduci

290 820 425 867 sinam,
444 827 488 858 ut
506 820 707 870 quicquam
728 827 811 857 tum
831 819 974 858 dictum
998 820 1101 870 apud
1120 833 1188 857 vos
1216 820 1389 857 referam.
1447 819 1504 855 Ae
1521 823 1680 854 matrem
1701 820 1740 850 et

293 895 425 920 omnes
453 894 529 919 non
559 881 685 919 fandis
715 888 753 918 et
781 881 948 919 infandis
969 880 1151 919 conviciis
1181 880 1459 930 prosciderunt.
1516 877 1632 920 Quod
1650 887 1738 913 vero

293 942 558 993 gravissimum
577 949 650 989 est,
670 948 709 980 et
728 942 808 993 jam
841 955 919 980 non
947 941 1106 988 dictum,
1126 942 1195 978 sed
1214 941 1356 978 factum
1375 956 1384 976 :
1413 939 1520 990 quasi
1541 950 1653 976 suum
1672 949 1739 973 ne-

292 1003 438 1054 gotium
458 1011 649 1054 ageretur,
663 1009 810 1041 tutores
824 1002 972 1054 judicio
990 1002 1210 1039 liberarunt.
1249 1001 1345 1038 Haec
1363 1011 1582 1050 quanquam
1596 1003 1739 1042 vetera,

292 1065 478 1116 quosdam
498 1072 627 1103 tamen
647 1078 667 1102 e
687 1064 794 1102 vobis
824 1064 1015 1102 recordari
1048 1070 1157 1114 puto.
1212 1063 1314 1101 Tota
1343 1064 1443 1100 enirn
1472 1061 1605 1099 civitas
1636 1059 1740 1097 illam

291 1127 623 1179 permutationem,
645 1132 684 1164 et
714 1126 814 1164 illius
844 1125 1026 1177 temporis
1060 1125 1234 1170 insidias,
1255 1132 1293 1162 et
1311 1123 1560 1175 petulantiam
1580 1123 1740 1159 istorum

292 1188 486 1238 cognovit.
540 1187 668 1237 Atque
698 1199 771 1237 ego
800 1194 882 1224 tum
915 1187 1068 1223 omnino
1098 1185 1304 1224 destitutus
1344 1198 1417 1236 ope
1449 1184 1673 1228 amicorum,
1703 1187 1741 1219 et

293 1249 500 1287 admodum
521 1248 846 1294 adolescentulus,
866 1255 910 1285 ut
928 1260 976 1285 ne
1002 1248 1059 1285 his
1081 1261 1167 1298 quae
1187 1247 1289 1298 apud
1310 1252 1506 1284 curatores
1535 1245 1740 1288 habebam,

294 1311 474 1362 privarer,
495 1323 582 1348 cum
602 1322 663 1346 me
682 1316 924 1359 recepturum
951 1315 1214 1359 exspectarem
1237 1321 1314 1344 non
1329 1306 1534 1352 tantillum,
1555 1310 1740 1356 quantum

293 1384 521 1422 recuperare
546 1370 668 1421 potui,
691 1370 761 1407 sed
782 1377 860 1407 tarn
880 1370 1014 1414 multa,
1035 1382 1149 1420 quam
1179 1369 1310 1406 multis
1338 1382 1398 1406 me
1417 1367 1636 1405 fraudatum
1655 1378 1741 1403 esse

295 1445 441 1478 noram,
459 1432 510 1470 do
529 1431 610 1469 istis
630 1430 759 1482 viginti
780 1431 915 1476 minas,
935 1431 1065 1481 quanti
1082 1429 1339 1468 trierarchiam
1355 1430 1540 1467 locarant.

349 1496 413 1531 24.
445 1494 508 1531 Ac
527 1493 675 1530 illorum
694 1492 793 1529 illius
813 1491 994 1542 temporis
1023 1492 1060 1528 in
1092 1504 1152 1529 me
1179 1491 1339 1541 injuriae,
1357 1491 1417 1527 hae
1440 1495 1544 1528 sunt.
1601 1488 1745 1525 Postea

297 1567 399 1600 vero,
419 1554 522 1591 dicta
538 1553 591 1590 illi
611 1553 672 1590 die
693 1554 742 1589 ob
763 1553 982 1599 maledicta,
1001 1553 1200 1590 absentem
1221 1552 1412 1589 damnavi.
1469 1551 1553 1587 Nec
1573 1550 1672 1587 enim
1692 1548 1742 1586 ad

289 1616 478 1668 judicium
498 1615 614 1653 veuit.
653 1614 828 1664 Cumque
842 1614 1061 1663 judicatum
1080 1627 1156 1651 non
1177 1613 1366 1659 solvisset,
1389 1613 1481 1650 nihil
1501 1624 1626 1650 rerum
1647 1610 1742 1661 ejus,

297 1679 402 1730 quod
430 1677 520 1716 mihi
549 1676 700 1721 licebat,
720 1688 888 1725 unquam
920 1675 1041 1726 attigi,
1061 1687 1192 1712 rursus
1222 1681 1347 1712 autem
1367 1673 1470 1711 dicta
1487 1673 1539 1710 illi
1560 1672 1620 1709 die
1639 1670 1743 1707 unde

297 1741 347 1787 vi,
377 1751 573 1789 nunquam
605 1737 795 1775 hactenus
825 1737 864 1774 in
895 1736 997 1774 hunc
1029 1750 1154 1787 usque
1184 1736 1284 1774 diem
1315 1735 1516 1786 impetrare
1553 1733 1744 1771 actionem

297 1801 426 1853 potui:
454 1807 512 1838 tot
529 1798 677 1837 technis
698 1805 738 1836 et
757 1799 880 1836 causis
898 1797 1060 1836 subinde
1083 1797 1247 1835 inventis
1262 1797 1334 1835 iste
1349 1796 1630 1846 tergiversatur.
1687 1793 1745 1830 Ac

298 1876 372 1914 ego
391 1861 545 1912 quidem
564 1861 618 1898 ita
635 1860 862 1905 verecunde,
877 1859 1040 1909 legibus,
1054 1859 1217 1910 judicio,
1237 1858 1366 1896 omnia
1384 1857 1474 1894 mihi
1493 1868 1632 1894 censeo
1650 1854 1744 1892 faci-

300 1924 412 1962 enda.
469 1923 549 1960 Iste
577 1928 719 1965 autern,
739 1927 784 1957 ut
802 1933 870 1958 vos
899 1921 1049 1965 auditis,
1082 1920 1300 1971 petulanter
1333 1932 1409 1957 non
1430 1919 1519 1956 mihi
1540 1923 1688 1955 tantum
1708 1922 1747 1952 et

299 1986 406 2032 meis,
427 1983 496 2022 sed
514 1990 552 2020 et
568 1982 766 2019 tribulibus
783 1980 876 2018 meis
902 1981 1165 2019 insultandum
1184 1980 1333 2032 putavit
1352 1986 1504 2031 propter
1522 1991 1596 2015 me.
1647 1977 1745 2013 Haec

299 2056 343 2085 ut
360 2059 382 2084 a
401 2059 462 2084 me
481 2057 570 2082 vere
599 2043 675 2081 dici
704 2048 871 2087 constet,
891 2055 989 2080 voca
1016 2042 1107 2079 mihi
1138 2048 1270 2087 testes,
1291 2049 1334 2079 ut
1364 2041 1505 2087 sciatis,
1526 2040 1745 2091 priusquam

301 2107 528 2146 auctoritate
557 2105 687 2158 legum
707 2109 855 2141 veteres
875 2103 957 2154 ejus
982 2103 1138 2154 injurias
1165 2102 1300 2140 ulcisci
1327 2115 1494 2153 possem,
1514 2114 1574 2139 me
1593 2100 1675 2138 aliis
1697 2100 1746 2137 ab

302 2182 362 2216 eo,
382 2167 518 2220 quales
538 2165 714 2212 audistis,
729 2177 811 2202 esse
827 2164 1069 2202 contumeliis
1090 2170 1305 2202 oneratum.

923 2289 1130 2327 TESTES.

346 2371 549 2401 Callisthenes
565 2368 736 2409 Sphettius,
747 2368 920 2406 Diognetus
936 2367 1110 2402 Tlioricius,
1127 2366 1318 2397 Mnesitheus
1330 2365 1543 2405 Alopecensis,
1558 2364 1671 2394 scimus
1687 2365 1749 2394 De-

303 2423 503 2457 mosthenem,
516 2420 563 2450 cui
577 2418 783 2449 testimonium
797 2418 939 2453 dicimus,
955 2418 1060 2447 Midiae
1077 2418 1157 2447 diem
1173 2418 1293 2447 dixisse
1309 2417 1387 2446 unde
1403 2416 1444 2451 vi,
1457 2416 1484 2445 ei
1501 2416 1552 2455 qui
1569 2426 1647 2446 nunc
1662 2417 1699 2446 ab
1712 2426 1748 2446 eo

304 2474 428 2514 publico
440 2472 565 2501 crimine
576 2475 746 2504 accusatur,
759 2471 858 2508 etjam
873 2473 940 2499 octo
952 2478 1044 2498 annos
1061 2468 1296 2507 illudjudicium
1311 2467 1438 2496 elusisse
1450 2467 1593 2503 Midiam,
1607 2478 1643 2497 ac
1656 2467 1750 2497 totius

305 2525 393 2563 hujus
409 2533 499 2552 morae
515 2532 635 2551 causam
653 2519 822 2554 exstitisse,
838 2530 959 2558 semper
975 2519 1238 2558 tergiversantem,
1250 2523 1280 2548 et
1296 2518 1574 2558 procrastinantem.

306 2592 370 2630 De
384 2589 533 2642 judicio
553 2587 797 2638 igitur-quod
823 2587 963 2633 scelus,
993 2585 1261 2631 Athenienses,
1289 2585 1535 2630 commiserit,
1555 2584 1696 2631 audite,
1711 2592 1751 2623 et

308 2659 479 2704 spectate
498 2651 536 2688 in
556 2649 717 2699 singulis
744 2649 825 2699 ejus
846 2648 1102 2692 insolentiam,
1121 2654 1160 2684 et
1183 2647 1467 2684 confidentiam.
1526 2647 1630 2684 Illius
1650 2648 1750 2684 enim

300 2713 450 2766 judicii,
469 2712 544 2750 hoc
563 2710 664 2754 dico,
681 2722 758 2760 quo
779 2722 864 2747 eum
886 2709 1047 2754 convici,
1066 2709 1137 2745 fuit
1169 2708 1257 2745 mihi
1288 2709 1428 2745 arbiter
1453 2707 1582 2745 Strato
1611 2708 1750 2746 Phale-

307 2789 406 2820 reus,
421 2775 536 2812 homo
551 2785 696 2824 pauper
710 2771 772 2807 ille
792 2770 947 2820 quidem
967 2776 1006 2808 et
1022 2770 1186 2819 quietus,
1207 2769 1276 2806 sed
1293 2768 1433 2819 alioqui
1453 2781 1528 2806 non
1545 2769 1750 2818 improbus,

310 2850 354 2874 ac
370 2837 498 2886 potius
518 2835 673 2872 omnino
687 2834 822 2870 bonus.
855 2831 898 2868 Id
912 2831 1015 2881 quod
1035 2830 1214 2867 miserum
1231 2843 1307 2867 non
1328 2837 1444 2875 recte,
1465 2829 1540 2866 imo
1558 2841 1625 2879 per
1637 2842 1751 2879 quam

312 2899 513 2948 flagitiose,
533 2895 750 2946 nequcjure
767 2892 943 2945 perdidit.
1003 2893 1059 2930 Eo
1081 2892 1259 2930 Stratone
1288 2892 1397 2929 nobis
1421 2890 1638 2935 arbitrante,
1664 2904 1753 2929 cum
