1923 3149
233 151 282 188 76
593 147 803 187 ORATIO
839 147 913 187 DE
949 147 1329 188 CHERSONESO.

231 252 323 291 inde
341 250 626 301 quemadmodum
643 264 711 290 vos
731 264 834 298 eum,
854 251 1014 290 subinde
1033 252 1098 302 qui
1117 259 1346 303 suggestum
1367 252 1606 299 conscendit,
1626 266 1686 290 ro-

231 315 353 366 gitare
373 313 516 360 soletis,
536 313 628 364 quid
647 314 761 365 igitur
789 315 1010 353 faciendum
1040 315 1126 352 est?
1154 316 1204 352 sic
1230 328 1303 365 ego
1329 328 1397 353 vos
1426 315 1685 367 interrogabo,

231 375 324 426 quid
343 374 457 426 igitur
489 382 548 414 est
577 375 810 413 dicendum?
839 389 927 414 nam
959 376 990 414 si
1009 388 1076 414 vos
1107 388 1230 426 neque
1261 375 1443 413 tributum
1473 378 1688 422 conferetis,

232 450 360 488 neque
376 437 448 489 ipsi
463 437 686 483 militabitis,
703 450 826 487 neque
843 437 1006 488 publicae
1019 437 1196 488 pecuniae
1206 437 1387 488 parcetis,
1402 451 1525 488 neque
1545 439 1689 476 consti-

232 506 356 538 tutam
378 500 551 551 Diopithi
567 500 767 551 pecuniam
789 499 1051 544 numerabitis,
1070 512 1140 536 nec
1160 512 1246 549 quae
1266 500 1347 550 ipse
1365 498 1435 536 sibi
1460 500 1690 550 compararit

234 562 468 613 relinquetis,
488 575 611 613 neque
641 568 810 600 vestrum
827 562 1022 612 negotium
1045 573 1158 612 agere
1178 561 1328 606 voletis,
1354 574 1431 599 non
1452 561 1577 599 habco
1597 562 1689 612 quid

236 623 375 662 dicam.
435 623 535 660 Nam
551 623 581 659 si
594 623 676 673 jam
692 629 838 660 tantam
854 622 1050 660 licentiam
1064 621 1255 660 crIminari
1271 629 1310 660 et
1321 622 1543 660 calumniari
1558 622 1692 659 volen—

237 685 340 724 tibus
361 685 471 731 datis,
499 692 542 722 ut
569 683 641 722 illis
662 697 815 735 quoque
835 684 883 722 de
911 685 1023 721 rebus
1044 696 1139 733 quas
1159 689 1333 720 acturum
1364 695 1451 720 eum
1471 696 1555 721 esse
1573 683 1695 729 aiunt,

240 753 447 797 antequam
465 745 572 791 fiant,
593 752 818 783 accusantes
840 744 1017 788 audiatis,
1039 744 1128 795 quid
1151 743 1288 794 aliquis
1308 743 1439 781 dicat?

291 810 329 846 7.
358 807 463 851 Quid
483 821 574 846 vero
592 808 651 845 his
671 807 786 845 rebus
799 807 1032 858 proficiatur,
1046 812 1217 843 vestrum
1233 806 1464 856 quibusdam
1478 813 1539 845 est
1550 819 1695 857 cogno-

240 871 442 910 scendum.
498 871 638 909 Dicam
666 878 796 909 autem
823 870 962 913 libere3
985 882 1058 907 nec
1079 869 1178 907 enim
1207 882 1366 920 possum
1396 869 1515 907 aliter.
1573 869 1693 913 Quot-

241 940 337 983 quot
354 932 472 970 vestri
492 932 610 971 duces
638 945 658 969 e
679 938 807 970 vestro
833 937 943 982 portu
970 944 1141 980 unquam
1167 931 1377 976 solverunt,
1397 931 1436 967 hi
1466 943 1610 975 omneS,
1631 938 1698 968 aut

239 1007 313 1044 ego
331 1007 392 1032 me
408 995 543 1045 quovis
563 993 747 1045 supplicio
767 993 925 1043 dignum
947 993 1107 1038 fatebor,
1128 999 1167 1030 et
1185 1004 1209 1028 a
1227 991 1333 1028 Chiis
1361 998 1399 1028 et
1418 993 1465 1029 ab
1486 992 1698 1043 Erythraeis

240 1061 280 1093 et
298 1068 322 1093 a
340 1056 477 1105 quibus
497 1055 658 1106 quisque
677 1055 816 1106 potuit,
839 1053 898 1091 his
929 1053 1015 1091 dico
1046 1053 1110 1103 qui
1137 1052 1267 1090 Asiam
1288 1053 1473 1099 incolunt,
1494 1053 1698 1104 pecuniam

241 1117 448 1167 accipiunt.
505 1116 711 1167 Accipiunt
731 1123 858 1153 antem
874 1116 938 1166 qui
955 1128 1072 1153 naves
1085 1114 1229 1152 habent
1241 1114 1412 1165 singulas
1429 1122 1495 1152 aut
1504 1115 1614 1153 binas
1630 1115 1700 1152 mi-

240 1191 387 1223 norem,
406 1178 613 1229 majoribus
633 1177 806 1215 instructi
828 1176 948 1228 copiis
963 1179 1158 1225 majorem.
1201 1175 1311 1212 Dant
1323 1182 1467 1223 autem,
1483 1176 1702 1227 quicunque

242 1239 351 1285 dant,
370 1251 496 1290 neque
516 1251 649 1289 parum
670 1251 793 1289 neque
813 1237 976 1275 multum
997 1237 1239 1289 gratis—nec
1259 1237 1359 1274 enim
1382 1237 1435 1274 ita
1454 1237 1703 1275 insaniunt—

243 1300 315 1338 sed
334 1299 431 1338 illud
451 1301 517 1338 hac
530 1301 681 1349 pecunia
700 1300 906 1346 redimunt,
922 1306 965 1337 ut
982 1313 1031 1337 ne
1044 1305 1273 1337 mercatores
1295 1299 1353 1335 sui
1373 1298 1517 1349 injuriis
1533 1298 1703 1336 affician-

242 1368 318 1408 tur,
338 1375 387 1399 ne
408 1361 633 1412 spolientur,
653 1361 862 1399 incolumes
884 1374 965 1397 suae
988 1373 1105 1397 naves
1125 1360 1379 1405 deducantur,
1399 1366 1437 1396 et
1457 1359 1617 1397 similia:
1648 1359 1702 1396 ai-

241 1429 314 1461 unt
331 1430 459 1461 autern
483 1436 523 1461 se
541 1423 822 1461 benevolentiae
839 1436 959 1461 causa
978 1423 1082 1468 dare,
1102 1422 1217 1472 idque
1230 1434 1370 1459 nomen
1390 1421 1608 1471 hujusmodi
1628 1421 1702 1458 lar-

247 1484 454 1536 gitionibus
473 1485 801 1523 accommodatur.
858 1484 881 1521 J
887 1497 946 1521 am
966 1483 1082 1534 igitur
1100 1484 1213 1520 etiarn
1230 1482 1399 1533 Diopithi
1413 1483 1620 1520 exercitum
1634 1483 1704 1521 ha-

245 1545 354 1584 benti
373 1545 529 1583 minime
560 1546 721 1583 dubium
746 1552 817 1590 est,
840 1545 933 1595 quin
964 1544 1026 1582 isti
1055 1557 1188 1581 omnes
1217 1543 1418 1593 pecuniam
1449 1544 1574 1580 daturi
1605 1544 1705 1582 sint:

247 1619 336 1644 nam
357 1607 461 1644 unde
481 1605 576 1644 alias
596 1619 697 1652 eum,
717 1607 780 1656 qui
799 1619 871 1643 nec
899 1618 922 1644 a
937 1606 1045 1643 vobis
1066 1603 1270 1655 quicquam
1292 1603 1432 1655 accipit
1450 1617 1523 1642 neo
1540 1605 1621 1655 ipse
1637 1605 1706 1643 ha-

248 1669 317 1705 bet
333 1667 439 1706 unde
459 1667 653 1718 stipendia
672 1667 808 1712 solvat,
829 1666 970 1704 milites
1005 1666 1106 1704 alere
1134 1664 1304 1717 putatis?
1334 1665 1381 1703 de
1402 1664 1525 1703 coelo?
1554 1666 1708 1704 minime

249 1728 290 1766 id
309 1728 489 1779 quidem:
520 1728 589 1766 sed
609 1727 668 1765 his
698 1727 961 1779 proventibus,
981 1740 1079 1778 quos
1112 1731 1323 1776 congregat
1353 1732 1392 1763 et
1425 1725 1640 1764 emendicat
1671 1735 1709 1765 et

251 1796 465 1837 mutuatur,
481 1802 547 1828 eos
570 1795 776 1828 sustentat..-
834 1790 963 1831 Quare
985 1788 1048 1839 qui
1064 1800 1151 1825 eum
1172 1787 1273 1838 apud
1293 1799 1359 1824 vos
1378 1786 1597 1832 traducunt,
1619 1788 1710 1826 nihil

253 1851 357 1889 aliud
377 1857 511 1903 agunt,
532 1851 605 1889 nisi
634 1850 737 1902 quod
755 1851 933 1888 omnibus
955 1849 1196 1895 denuntiant,
1216 1861 1264 1886 ne
1285 1848 1376 1899 quid
1397 1848 1430 1885 ei
1451 1848 1557 1895 dent,
1584 1856 1627 1886 ut
1645 1851 1711 1900 qui

251 1925 383 1964 poenas
401 1913 563 1950 daturus
582 1912 645 1959 sit,
660 1925 736 1949 non
757 1924 886 1949 eorum
902 1911 1017 1949 modo
1036 1910 1262 1956 facinorum,
1278 1923 1439 1960 quorum
1466 1911 1548 1961 ipse
1566 1911 1628 1948 vel
1644 1925 1713 1949 au-

252 1979 336 2012 ctor
349 1973 410 2011 vel
424 1973 576 2025 adjutor
590 1974 789 2019 exstiterit,
804 1973 872 2011 sed
883 1972 1016 2010 horum
1037 1972 1148 2010 etiam
1165 1985 1251 2021 quae
1271 1971 1442 2008 facturus
1463 1971 1589 2009 fuerit.
1619 1972 1712 2011 Huc

253 2035 450 2086 pertinent
467 2035 529 2073 isti
549 2048 755 2080 sermones,
777 2038 800 2056 “
817 2034 1058 2072 obsidionem
1077 2033 1225 2084 parat,''
1241 2036 1264 2054 “
1282 2032 1440 2070 Graecos
1452 2033 1628 2072 hostibus
1643 2035 1713 2072 ob-

251 2096 336 2146 jicit
351 2096 386 2134 :'’
416 2097 592 2134 maximae
612 2097 758 2134 seilicet
775 2096 833 2133 his
852 2095 1070 2133 hominibus
1102 2107 1205 2132 curae
1228 2100 1319 2132 sunt
1346 2094 1481 2132 Asiam
1501 2094 1713 2134 incolentes

258 2159 402 2205 Graeci,
423 2160 517 2209 qnod
534 2160 565 2196 si
586 2160 641 2197 ita
659 2160 719 2205 sit,
743 2158 866 2209 major
883 2164 985 2196 certe
1006 2158 1126 2194 virtus
1155 2169 1286 2194 eorum
1313 2162 1419 2193 esset
1438 2155 1487 2193 ad
1507 2157 1712 2194 consulen-

259 2220 351 2260 dum
371 2221 456 2259 aliis
477 2234 593 2272 quam
615 2221 665 2259 ad
683 2221 847 2273 patriam
867 2219 1167 2265 defendendam,
1189 2225 1306 2268 atque
1325 2217 1400 2254 huc
1420 2218 1526 2254 etiam
1551 2217 1715 2268 pertinet

257 2282 366 2329 illud,
387 2289 552 2331 oportere
578 2282 694 2321 alium
723 2282 988 2333 imperatorem
1009 2280 1106 2318 mitti
1135 2281 1174 2318 in
1194 2279 1502 2329 Hellespontum.
1560 2279 1660 2316 Nam
1683 2280 1714 2317 si

258 2343 358 2382 male
379 2357 419 2382 se
439 2345 537 2394 gerit
557 2343 762 2395 Diopithes
782 2350 821 2381 et
833 2356 950 2381 naves
969 2342 1174 2391 intercipit,
1190 2353 1320 2392 parva,
1337 2339 1609 2386 Athenienses,
1627 2352 1716 2390 par-

260 2418 310 2443 va
328 2405 485 2450 tabella,
498 2404 583 2442 heec
604 2405 731 2442 omnia
744 2404 945 2455 prohibere
959 2403 1100 2448 valeat,
1115 2403 1298 2452 legesque
1308 2401 1445 2452 jubent
1455 2401 1553 2445 liaec,
1565 2413 1717 2452 nempe,

262 2479 327 2505 eos
352 2467 419 2517 qui
444 2466 675 2517 delinquunt
698 2465 851 2517 publice
884 2465 1070 2510 accusari,
1090 2463 1206 2501 tantis
1232 2476 1320 2500 vero
1352 2462 1565 2512 sumptibus
1584 2469 1719 2513 totque

262 2529 476 2567 triremibus
497 2528 681 2566 custodiri
702 2541 724 2565 a
755 2528 866 2565 nobis
894 2538 1150 2577 nequaquam,
1176 2537 1265 2562 nam
1284 2537 1329 2561 ea
1348 2523 1501 2573 quidem
1531 2529 1635 2560 esset
1653 2535 1718 2560 ex-

262 2596 385 2629 trema
404 2590 550 2628 insania
565 2603 574 2626 :
605 2595 740 2627 contra
754 2589 886 2626 hostes
899 2587 1067 2638 quidem,
1082 2585 1146 2636 qui
1161 2585 1310 2636 legibus
1327 2584 1494 2622 coerceri
1509 2590 1718 2634 nequeunt,

264 2652 403 2690 milites
422 2651 536 2696 alere,
556 2651 729 2688 triremes
749 2651 909 2695 mittere,
929 2648 1132 2699 pecuniam
1151 2646 1323 2684 conferre
1343 2652 1496 2696 oportet
1509 2651 1550 2682 et
1560 2657 1719 2682 necesse

264 2721 337 2758 est,
363 2720 403 2751 at
433 2719 568 2750 contra
597 2712 699 2750 cives
730 2718 880 2748 nostros
901 2710 1112 2754 decretum,
1131 2708 1288 2759 publica
1311 2707 1526 2750 accusatio,
1547 2705 1721 2752 Paralus,

264 2776 350 2813 hoee
381 2775 593 2814 sufficiunt..
641 2774 741 2811 Haec
770 2772 1017 2823 prudentium
1045 2772 1210 2808 virorum
1245 2773 1387 2813 essent,
1405 2780 1492 2818 quae
1513 2774 1640 2804 autem
1660 2766 1723 2804 isti

264 2844 399 2888 agunt,
418 2837 617 2875 hominum
636 2835 848 2873 molestiam
871 2834 981 2871 rcbus
998 2841 1037 2870 et
1054 2832 1258 2883 pernicicm
1279 2829 1534 2882 afferentium.

317 2900 354 2936 8:
384 2899 440 2937 Ac
461 2899 619 2937 istorum
635 2897 789 2949 quidem
810 2895 1014 2935 nonnullos
1032 2907 1117 2933 esse
1139 2894 1250 2945 tales,
1269 2903 1491 2944 quanquam
1515 2889 1718 2929 serendum
