1923 3149
280 128 354 163 201
831 132 905 169 DE
935 133 1179 170 CORONA.

724 294 998 333 EPISTOLAE
1029 296 1278 334 PHILIPPI.

280 383 371 422 Huc
389 384 538 435 redegit
568 384 786 438 Philippum
814 402 901 428 mea
934 390 1026 441 reip.
1050 391 1228 442 gerendae
1262 389 1370 436 ratio,
1393 389 1599 429 AEschine:
1630 391 1728 429 hanc

277 443 383 482 illum
402 457 534 483 vocem
555 446 701 487 mittere
722 451 845 502 coegi,
864 452 927 502 qui
948 459 1063 490 antea
1083 452 1204 489 multa
1230 458 1344 501 atque
1375 450 1576 489 insolentia
1607 452 1642 489 in
1675 453 1729 490 ci-

276 506 436 545 vitatem
456 515 622 546 nostram
645 513 760 550 verba
778 519 1029 552 contorserat.
1087 514 1162 551 Pro
1181 514 1318 564 quibus
1339 526 1413 563 ego
1433 513 1568 551 merito
1594 513 1644 551 ab
1669 513 1728 550 his

276 578 420 605 corona
448 583 533 607 sum
567 569 749 618 donatus,
771 586 895 624 neque
924 582 964 612 tu
999 589 1086 613 cum
1123 576 1279 614 adesses
1310 574 1587 621 contradixisti,
1605 582 1644 613 et
1663 575 1728 624 qui

276 641 337 667 me
355 633 551 669 accusavit
571 631 750 672 Diondas
773 635 943 685 quintam
964 637 1232 688 suffragiorum
1264 643 1409 688 partem
1442 649 1519 674 non
1551 635 1729 674 obtinuit.

276 690 342 727 Ac
361 691 452 730 mihi
478 691 594 730 recita
608 693 674 732 illa
693 694 860 742 decreta,
879 710 964 748 quae
984 704 1075 736 tunc
1089 698 1237 749 judicio
1255 697 1444 744 absoluta,
1464 698 1511 735 ab
1530 696 1601 735 hoc
1622 709 1669 734 ne
1689 695 1727 732 in

270 748 336 799 jus
354 751 506 801 quidem
525 767 548 791 v
551 761 666 792 ocata
682 761 784 793 sunt.

873 867 1145 906 DECRETA.

329 955 394 993 65.
426 955 523 994 Haec
540 957 708 1005 decreta,
728 961 998 1008 Athenienses,
1019 963 1173 1000 easdem
1195 963 1362 1014 syllabas
1383 961 1592 1011 eademque
1611 960 1729 998 verba

275 1016 486 1062 continent,
507 1031 594 1068 quae
615 1026 703 1058 ante
724 1022 981 1069 Aristonicus,
1002 1037 1102 1062 nunc
1130 1024 1343 1075 Ctesiphon
1374 1024 1445 1061 iste
1464 1023 1639 1073 scripsit;
1671 1029 1728 1059 at-

273 1088 349 1126 que
374 1077 458 1116 haec
476 1079 677 1119 AEschines
697 1095 769 1120 nec
794 1084 876 1134 ipse
887 1085 1035 1136 judicio
1055 1093 1282 1136 persecutus
1303 1092 1376 1131 est,
1396 1097 1520 1134 neque
1541 1095 1727 1121 accusan-

273 1137 302 1174 ti
331 1139 568 1191 subscripsit.
626 1142 749 1195 Atqui
785 1150 880 1184 tunc
917 1146 1180 1184 Demomelem
1212 1147 1277 1198 qui
1311 1146 1396 1184 haec
1430 1146 1662 1183 decernebat
1691 1150 1730 1181 et

275 1197 529 1249 Hyperidem,
551 1202 581 1240 si
600 1203 756 1254 quidem
775 1207 874 1245 veris
907 1221 967 1246 me
993 1208 1212 1246 criminibus
1246 1221 1347 1246 nunc
1375 1206 1548 1252 arcessit,
1579 1205 1728 1255 aequius

273 1258 348 1297 suit
363 1273 478 1310 quam
498 1262 649 1302 huncce
670 1279 866 1307 accusare.
926 1269 1030 1311 Quid
1061 1270 1139 1307 ita?
1184 1269 1284 1313 Quia
1308 1267 1551 1319 Ctesiphonti
1569 1266 1725 1317 quidem

271 1318 363 1358 licet
398 1322 436 1359 in
471 1324 558 1363 illos
593 1339 767 1378 regerere
800 1337 880 1371 tum
909 1331 1141 1382 judiciorum
1173 1331 1430 1382 cognitiones,
1455 1337 1536 1367 tum
1569 1335 1608 1365 et
1631 1327 1728 1364 illud

273 1382 378 1430 quod
397 1397 521 1435 neque
542 1387 613 1426 iste
634 1389 717 1440 ipse
737 1404 803 1429 eos
824 1393 1019 1430 accusavit
1041 1393 1105 1443 qui
1126 1393 1275 1437 eadem,
1296 1405 1382 1443 quae
1413 1390 1475 1428 hic
1504 1402 1607 1427 nunc
1637 1388 1728 1426 scri·

272 1443 362 1491 psit,
383 1444 651 1495 decreverunt,
671 1451 837 1502 denique
858 1453 961 1504 quod
978 1467 1055 1491 non
1075 1453 1239 1504 amplius
1267 1453 1395 1490 sinant
1420 1452 1528 1500 leges
1549 1450 1597 1487 de
1616 1450 1730 1487 rebus

272 1501 326 1541 ita
343 1509 545 1545 transactis
565 1522 780 1558 quenquam
800 1513 839 1548 in
853 1512 1043 1561 judicium
1059 1523 1212 1554 vocar,e
1234 1519 1273 1547 et
1291 1509 1483 1577 permulta
1509 1510 1607 1547 alia:
1637 1515 1730 1547 tune

271 1571 398 1602 autem
419 1579 485 1616 per
499 1580 540 1605 se
570 1582 630 1607 res
659 1570 697 1606 in
726 1570 1045 1621 disceptationem
1065 1571 1246 1618 venisset,
1265 1571 1486 1622 priusquam
1518 1570 1664 1622 aliquid
1682 1583 1731 1609 ex

272 1623 333 1661 his
356 1624 427 1663 iste
448 1636 771 1680 praeoccupasset.

326 1685 391 1723 66.
423 1687 564 1726 Verum
585 1703 662 1728 non
691 1690 833 1728 licebat
863 1692 1011 1742 opinor,
1031 1698 1112 1730 tum
1133 1692 1237 1742 quod
1262 1706 1365 1731 nunc
1396 1692 1499 1739 facit,
1519 1693 1567 1730 ab
1586 1691 1731 1730 ultimis

274 1748 511 1798 temporibus
550 1759 589 1788 et
626 1765 673 1788 ex
710 1752 841 1790 multis
876 1753 1040 1791 decretis
1076 1767 1123 1791 ea
1157 1761 1440 1804 excerpentem,
1477 1767 1565 1803 quae
1605 1766 1729 1803 neque

272 1809 474 1859 quisquam
512 1818 627 1849 antea
671 1819 828 1850 noverat
873 1826 997 1865 neque
1034 1815 1149 1852 hodie
1195 1814 1386 1865 prolatum
1429 1814 1472 1851 iri
1512 1814 1730 1864 suspicatus

273 1877 389 1917 esset,
419 1873 656 1920 calumniari,
686 1883 724 1913 et
751 1876 973 1926 perturbato
993 1883 1207 1928 temporum
1241 1876 1585 1927 ordine,falsisque
1606 1889 1731 1913 rerum

274 1932 401 1970 causis
433 1947 502 1984 pro
534 1935 631 1973 veris
666 1936 884 1987 assignatis,
919 1936 1063 1988 aliquid
1099 1938 1219 1975 videri
1258 1937 1397 1975 dicere.
1454 1936 1544 1974 Non
1570 1944 1653 1974 tum
1683 1948 1731 1974 ea

272 1992 453 2039 licebant,
475 1996 541 2034 sed
577 2010 705 2036 coram
734 1999 820 2049 ipsa
850 1999 1022 2046 veritate,
1051 2013 1169 2050 prope
1195 2007 1346 2045 eventa,
1376 1998 1482 2036 vobis
1509 1997 1636 2036 adhuc
1670 2010 1729 2035 re-

273 2054 374 2092 centi
404 2057 586 2095 memoria
617 2059 901 2097 continentibus
934 2068 972 2098 et
1001 2067 1153 2098 tanturn
1186 2073 1264 2098 non
1287 2073 1418 2099 eorum
1456 2059 1610 2110 singula
1637 2072 1730 2097 con-

274 2118 538 2165 trectantibus,
572 2121 695 2158 omnis
732 2120 920 2159 habeatur
957 2134 1115 2160 necesse
1154 2121 1227 2159 fuit
1262 2121 1397 2160 oratio.
1455 2121 1730 2166 Quamobrem,

272 2176 399 2215 vitatis
431 2187 523 2217 tunc
551 2194 640 2218 cum
666 2194 725 2218 res
744 2181 836 2231 ipsae
858 2189 1079 2231 gererentur
1099 2183 1405 2238 probationibus,
1425 2194 1528 2219 nunc
1561 2180 1727 2230 denique

272 2238 607 2283 veuit,orz'1t01um
626 2248 821 2279 certamen
839 2242 1059 2280 existimans
1082 2255 1164 2288 vos,
1188 2249 1232 2280 ut
1262 2224 1365 2278 mihi
1386 2241 1541 2291 quidem
1563 2241 1728 2288 videtur,

272 2312 349 2337 non
363 2312 490 2337 relum
509 2300 662 2351 publice
678 2309 871 2352 gestarum
887 2303 1189 2353 disquisitionem
1204 2301 1476 2353 proposituros‚
1492 2308 1530 2340 et
1538 2301 1727 2352 judicium

274 2359 323 2397 de
338 2361 477 2406 verbis,
493 2374 569 2399 non
585 2362 633 2400 de
653 2362 816 2400 utilitate
836 2363 1056 2414 reipublicae
1076 2364 1262 2402 futurum.

327 2421 393 2457 67.
440 2421 595 2459 Deinde
624 2424 899 2462 sententiosum
939 2425 1032 2476 agit,
1069 2424 1197 2476 aitque
1236 2430 1424 2474 oportere,
1456 2437 1524 2462 vos
1555 2438 1639 2463 eam
1677 2425 1727 2463 de

274 2481 385 2535 nobis
435 2481 653 2533 opinionem
702 2498 817 2535 quam
867 2486 942 2523 huc
982 2485 1097 2523 domo
1143 2485 1335 2523 detulistis
1382 2486 1609 2537 negligere:
1656 2488 1725 2525 sed

273 2543 598 2594 quemadmodum
637 2559 725 2583 cum
766 2546 929 2585 rationes
969 2561 1056 2585 cum
1086 2547 1213 2597 aliquo
1252 2548 1479 2593 subducitis,
1508 2547 1637 2599 aliqua
1665 2561 1727 2586 es·

275 2619 318 2644 se
354 2605 458 2656 apud
483 2619 568 2643 eum
596 2607 740 2657 reliqua
774 2608 1050 2655 existimantes,
1077 2609 1108 2646 si
1129 2609 1266 2646 calculi
1297 2609 1521 2659 quadrarint
1555 2609 1723 2659 nihilque

275 2667 325 2705 sit
352 2666 500 2717 reliqui,
533 2669 758 2714 conceditis,
787 2670 839 2706 ita
869 2678 907 2707 ct
940 2684 1039 2708 nunc
1079 2683 1145 2707 vos
1185 2670 1228 2708 iis
1264 2684 1348 2721 quoe
1392 2671 1562 2709 oratione
1606 2670 1725 2721 plana

274 2729 366 2765 fient
405 2729 585 2766 convenit
623 2729 811 2767 assentiri.
878 2731 1017 2769 Videte
1049 2732 1175 2781 igitur,
1209 2745 1322 2783 quam
1356 2733 1551 2771 ruinosum
1590 2732 1724 2783 utique

277 2796 415 2827 natura
438 2789 488 2827 sit
516 2789 698 2848 quicquid
728 2804 801 2828 non
828 2793 932 2842 juste
967 2800 1095 2831 actum
1129 2801 1199 2832 est.
1258 2795 1358 2834 Nam
1391 2794 1513 2832 isthoc
1545 2795 1628 2846 ipso
1664 2807 1724 2832 sa-

277 2851 396 2901 pienti
433 2852 609 2904 exemplo
644 2852 848 2891 confitetur
884 2867 986 2897 nunc
1026 2868 1092 2893 vos
1130 2856 1270 2894 habere
1303 2869 1537 2908 persuasum,
1568 2869 1627 2893 me
1657 2868 1725 2907 pro
