1923 3149
151 438 359 475 LIBANII
393 436 787 476 ARGUMENTUM
817 435 1117 475 ORATIONIS
1148 435 1220 473 DE
1250 436 1484 474 FOEDERE

626 506 1014 546 ALEXANDREO.

140 627 247 664 Quum
267 626 439 656 Alexander
470 623 600 654 Macedo
616 624 787 653 Messenam
813 622 963 653 Philiadae
979 623 1099 661 tyranni
1123 622 1192 653 filiis
1212 622 1408 660 restituisset,
1420 623 1542 653 accusat

101 688 168 708 eum
194 679 232 708 de
258 678 370 707 soedere
386 677 466 715 quod
491 675 518 704 ei
536 685 603 704 curn
620 674 857 704 Atheniensibus
870 678 901 703 et
919 674 1036 704 Graecis
1058 674 1227 704 intercedat
1243 673 1368 704 violato.
1405 674 1543 704 Affirmat

98 729 186 759 eliam
210 729 394 758 Macedones
423 726 525 755 munis
552 725 617 755 aliis
646 725 677 754 in
699 725 790 754 rebus
806 725 905 764 pactis
921 735 978 754 non
995 726 1129 761 stetisse,
1145 725 1237 764 idque
1255 735 1312 754 non
1328 724 1542 764 negligendum

96 790 161 809 esse
176 783 289 809 censet.
335 777 470 808 Videtur
486 781 585 806 autern
602 776 666 805 haec
692 776 788 806 oratio
810 776 884 805 salso
908 776 999 806 tribui
1027 776 1246 807 Demostheni:
1272 786 1327 806 nec
1348 776 1426 806 enim
1447 777 1542 806 forma

97 829 241 859 orationis
256 839 322 858 cuin
341 829 407 858 aliis
427 827 673 857 Demosthenicis
702 827 866 864 convenit3
889 827 943 857 sed
960 828 997 856 ad
1016 828 1183 867 Hyperidis
1196 827 1296 857 stilum
1312 827 1440 867 propius
1456 836 1543 857 acoe-

96 880 161 917 dit;
183 890 251 910 cum
268 880 295 909 in
310 879 390 915 aliis,
402 885 464 909 tum
481 879 583 908 verbis
599 878 791 917 quibusdam,
814 878 997 918 huicaequam
1015 878 1215 908 Demostheni
1231 878 1326 918 magis
1340 878 1469 914 usitatis,
1486 889 1542 908 ve·

97 930 153 960 luti
168 930 334 964 νεόπλουτοι.
350 930 381 960 id
397 934 443 960 est
457 930 529 960 novi
552 929 688 959 homines
705 929 753 959 vel
770 939 869 968 nuper
884 929 984 965 ditati,
998 934 1029 960 et
1048 928 1277 971 Βδελυςεύσεται,
1293 928 1324 959 id
1341 934 1389 960 est
1402 929 1542 971 improbe

99 993 133 1012 ao
150 983 321 1022 petulanter
337 988 418 1022 aget.

531 1325 1109 1380 DEMOSTHENIS

265 1466 367 1514 DE
413 1467 763 1516 FOEDERE
798 1463 1376 1515 ALEXANDREO

694 1599 953 1642 ORATIO.

159 1710 191 1745 l.
222 1709 542 1755 VEHEMENTER,
556 1709 825 1756 Athenienses,
845 1709 1033 1761 probandi
1053 1714 1141 1746 sunt
1159 1708 1221 1758 qui
1239 1707 1488 1746 exhortantur
1507 1714 1547 1746 et

91 1770 231 1820 jubent
248 1778 290 1808 ut
309 1771 431 1822 pactis
451 1779 491 1809 et
517 1771 715 1809 conventis
736 1777 896 1817 stemus,
922 1771 953 1808 si
973 1771 1025 1809 ita
1045 1769 1214 1808 sentiunt
1243 1776 1286 1807 ut
1309 1769 1543 1820 loquuntur:

99 1830 258 1869 liberum
275 1832 376 1869 enim
390 1833 571 1883 populum
591 1832 681 1869 nihil
697 1832 854 1883 perinde
875 1832 1013 1870 decere
1034 1831 1225 1878 existimo,
1246 1837 1288 1869 ut
1305 1831 1495 1882 aequitatis
1507 1837 1547 1869 et

95 1892 254 1940 justitiae
282 1893 464 1932 studium.
513 1893 588 1931 Par
606 1892 719 1944 igitur
739 1900 800 1932 est
818 1906 884 1932 eos
908 1893 971 1944 qui
990 1893 1065 1931 hoc
1084 1899 1286 1944 tantopere
1313 1899 1453 1943 urgent
1470 1905 1548 1930 non

99 1954 204 1992 abuti
230 1954 355 1992 verbis
375 1961 488 2005 atque
517 1956 748 2006 obstrepere,
778 1968 866 1993 cum
887 1954 1037 1992 interim
1063 1954 1214 2005 quidvis
1242 1954 1370 2006 potius
1401 1961 1545 2005 agant3

101 2016 170 2054 sed
198 2028 399 2054 censuram
417 2017 543 2055 subire
562 2029 666 2054 nunc
684 2017 784 2054 utin
814 2022 1008 2068 posterum
1032 2028 1099 2053 vos
1117 2015 1191 2053 hac
1215 2015 1254 2052 in
1279 2028 1320 2052 re
1349 2015 1451 2053 dicto
1479 2028 1547 2053 au-

101 2076 250 2114 dientes
267 2076 447 2124 habeant,
464 2077 524 2115 vel
544 2077 687 2115 omissa
704 2077 949 2115 contentione
969 2076 1088 2114 dandi
1108 2076 1256 2115 consilii
1274 2076 1402 2114 locum
1423 2076 1467 2114 iis
1486 2089 1547 2115 re-

100 2137 277 2187 linquant
293 2138 357 2188 qui
377 2138 501 2176 verius
522 2139 569 2176 de
584 2141 669 2187 jure
688 2138 965 2190 pronunciant:
994 2146 1037 2176 ut
1056 2137 1234 2176 videlicet
1253 2144 1320 2175 aut
1338 2137 1439 2175 ultro
1460 2151 1545 2175 sus-

104 2198 254 2236 tineatis
290 2199 443 2250 injurias
471 2207 511 2237 et
536 2199 611 2237 hoc
642 2200 764 2251 ipsum
791 2199 1012 2252 injuriarum
1041 2199 1189 2238 auctori
1214 2199 1455 2245 condonetis,
1481 2206 1550 2236 aut

102 2260 255 2297 maximi
276 2260 491 2298 faciendam
511 2274 597 2298 esse
609 2260 800 2312 justitiam
821 2262 999 2299 statuatis
1016 2267 1055 2299 et
1074 2261 1224 2312 abjecta
1244 2260 1424 2311 deinceps
1445 2261 1550 2298 omni

102 2322 348 2360 cunctatione
368 2324 422 2360 sic
441 2330 577 2360 vestrae
594 2323 766 2360 utilitatis
785 2321 968 2359 rationem
981 2321 1154 2360 habeatis
1169 2329 1213 2360 ut
1230 2335 1276 2359 eo
1295 2321 1446 2359 nomine
1460 2334 1550 2372 pos-

103 2383 183 2420 sitis
201 2396 224 2420 a
238 2384 389 2421 nemine
407 2383 644 2435 reprehendi.
678 2384 718 2421 Si
739 2384 853 2434 igitur
872 2384 997 2434 ipsum
1017 2383 1142 2421 foedus
1162 2390 1202 2421 et
1211 2383 1484 2435 jusjurandum
1500 2383 1548 2422 de

104 2444 294 2481 communi
313 2458 408 2495 pace
429 2445 560 2482 datum
579 2445 856 2491 consideretur,
876 2444 1076 2496 perspicue
1094 2444 1276 2490 cernitur,
1297 2444 1452 2495 quinam
1473 2444 1552 2482 sint

105 2504 168 2554 qui
188 2505 270 2555 jam
289 2505 382 2543 illud
402 2506 588 2544 violarint.
639 2508 769 2557 Atque
785 2519 858 2557 ego
886 2513 930 2543 ut
948 2506 1097 2557 magnis
1118 2506 1166 2544 de
1185 2507 1299 2544 rebus
1321 2506 1552 2557 compendio

104 2577 172 2602 vos
191 2564 351 2603 docebo.

159 2627 198 2663 2.
226 2625 267 2663 Si
284 2627 367 2676 quis
385 2641 449 2665 vos
469 2636 590 2679 roget,
608 2628 880 2676 Athenienses,
899 2641 1014 2679 quam
1039 2630 1087 2667 ob
1105 2642 1184 2666 rem
1213 2628 1435 2680 gravissime
1452 2627 1550 2665 indi-

105 2687 332 2737 gnaremini,
352 2689 628 2738 respondebitis
649 2690 783 2741 opinor
801 2703 948 2736 omnes,
969 2690 1000 2727 si
1026 2691 1110 2741 quis
1129 2703 1197 2728 vos
1217 2696 1388 2740 cogeret,
1418 2689 1449 2726 si
1476 2688 1552 2725 hoc

105 2756 272 2801 tempore
291 2749 458 2787 viverent
477 2750 739 2799 Pisistratidae,
759 2759 798 2791 et
827 2753 857 2790 si
877 2753 962 2803 quis
982 2752 1056 2790 vim
1076 2753 1219 2792 faceret
1238 2760 1282 2790 ut
1300 2765 1365 2789 eos
1390 2752 1427 2787 in
1456 2750 1551 2788 inte-

105 2824 214 2861 grum
239 2811 503 2857 restitueretis,
523 2825 588 2850 vos
609 2814 792 2865 correptis
807 2814 919 2852 armis
945 2815 1095 2865 quidvis
1121 2814 1248 2865 potius
1270 2811 1426 2864 periculi
1447 2811 1552 2849 subi-

105 2878 211 2911 turos
226 2885 340 2923 quam
355 2880 398 2910 ut
413 2885 478 2910 eos
494 2872 756 2922 admitteretis,
768 2882 846 2921 aut,
862 2876 894 2913 si
907 2875 1015 2913 vobis
1027 2875 1065 2912 id
1079 2873 1302 2927 persuaderi
1314 2872 1552 2923 pateremini,

107 2945 175 2983 pro
204 2947 277 2972 aere
307 2934 443 2984 emptis
471 2934 665 2984 mancipiis
691 2937 911 2974 servitutem
931 2936 1160 2974 servituros:
1189 2942 1227 2972 et
1250 2933 1472 2972 servitutem
1504 2945 1550 2971 eo
