1923 3149
275 109 325 145 86
770 103 1090 143 PHILIPPICA
1123 104 1195 142 111.

394 311 601 349 LIBANII
633 311 1041 352 ARGUMENTUM
1073 314 1129 350 IN
1161 311 1521 351 PHILIPPICAM
1550 312 1625 350 111.

323 404 485 434 SnuPLEx
504 404 748 443 orationisliujns
758 411 803 435 est
819 412 1043 444 argumentum.
1072 408 1151 437 Nam
1165 416 1233 436 cum
1253 405 1418 446 Philippus
1435 407 1527 436 verbo
1539 417 1647 447 pacem
1661 415 1733 445 age-

278 462 337 490 ret,
358 466 465 485 revera
483 455 686 487 Athenienses
702 457 805 486 multis
824 457 942 498 injuriis
960 458 1133 493 lacesseret,
1150 458 1289 487 hortatur
1302 468 1355 486 eos
1370 458 1493 492 Orator,
1506 463 1540 486 ut
1570 457 1730 495 insurgant

280 510 312 535 et
338 516 438 543 regem
458 507 664 536 ulciscantur:
690 508 772 546 quod
790 517 931 547 magnum
953 509 1122 550 periculum
1150 514 1182 538 et
1208 507 1285 550 ipsis
1311 508 1503 549 impendeat,
1529 512 1560 538 et
1585 508 1727 538 omnibus

280 557 483 587 communiter
499 558 625 587 Graecis.

709 812 1295 867 DEMOSTHENIS

638 939 1214 987 PHILIPPICA
1281 939 1370 986 III.

334 1066 366 1101 1.
398 1065 497 1103 CUM
519 1065 641 1103 multa
662 1065 778 1103 verba
796 1066 904 1113 fiant,
920 1065 1194 1113 Athenienses,
1214 1065 1254 1104 in
1273 1066 1450 1105 omnibus
1470 1065 1550 1103 fere
1571 1064 1726 1104 concio-

277 1124 388 1163 nibus
408 1126 456 1164 de
477 1126 622 1177 injuriis
651 1126 833 1177 Philippi,
860 1127 1013 1177 quibus,
1035 1140 1083 1164 ex
1103 1140 1180 1178 quo
1199 1140 1335 1178 pacem
1358 1128 1461 1173 fecit,
1494 1140 1572 1164 non
1604 1127 1731 1164 solum

276 1199 358 1232 vos,
374 1187 443 1224 sed
462 1194 500 1224 et
519 1187 685 1237 reliquos
709 1187 869 1226 Graecos
890 1188 1198 1239 afficit,cumque
1217 1202 1350 1226 omnes
1370 1189 1450 1226 scio
1465 1190 1733 1232 confiteantur,

275 1248 345 1285 ctsi
366 1248 404 1285 id
425 1248 580 1298 quidem
601 1262 677 1286 non
698 1249 853 1296 faciant,
866 1263 1027 1288 necesse
1047 1263 1130 1288 esse
1150 1251 1207 1300 [et
1221 1249 1456 1299 convenire]‚
1477 1257 1520 1288 ut
1534 1261 1668 1287 omnes
1685 1261 1732 1289 ea

275 1316 358 1346 tum
384 1309 527 1356 dicant,
547 1317 629 1347 tum
661 1318 792 1361 agant,
811 1324 879 1361 per
903 1325 990 1362 quae
1020 1311 1092 1349 iste
1124 1313 1171 1349 ab
1200 1312 1407 1350 insolentia
1437 1311 1665 1363 reprimatur
1693 1316 1733 1347 et

276 1383 408 1421 poenas
437 1370 528 1416 luat,
555 1384 601 1408 eo
633 1371 789 1409 rediisse
809 1379 940 1410 tamen
960 1373 1089 1410 omnia
1106 1373 1262 1423 negotia
1287 1381 1325 1410 et
1345 1386 1410 1424 per
1438 1373 1622 1411 incuriam
1642 1384 1731 1423 pro-

275 1433 387 1482 lapsa
406 1445 492 1469 esse
523 1432 650 1477 video,
671 1439 714 1470 ut
732 1446 864 1471 verear
884 1447 933 1472 ne
955 1434 1061 1472 dictu
1085 1434 1275 1480 odiosum,
1296 1448 1425 1472 verum
1446 1441 1574 1472 tamen
1596 1435 1670 1472 sit:
1701 1433 1734 1472 si

274 1506 407 1531 omnes
428 1500 600 1530 oratores
619 1493 762 1540 dicere,
791 1507 939 1545 vosque
973 1495 1181 1533 decernere
1207 1495 1355 1533 velletis
1385 1508 1444 1540 ea,
1465 1508 1534 1545 per
1555 1509 1642 1546 quae
1666 1508 1728 1532 res

274 1566 390 1603 quam
409 1553 665 1591 afflictissimae
687 1554 833 1600 fierent,
854 1555 1074 1593 existimare
1094 1569 1153 1593 me
1176 1562 1316 1593 statum
1333 1568 1478 1601 earum,
1494 1569 1610 1606 quam
1630 1569 1733 1594 nunc

275 1621 347 1662 est,
370 1628 448 1652 non
481 1627 597 1666 posse
630 1614 711 1653 fieri
744 1615 987 1655 deteriorem.
1043 1617 1102 1655 Ac
1128 1617 1262 1655 multae
1291 1617 1457 1655 fortasse
1477 1624 1567 1655 sunt
1585 1630 1730 1665 causae,

275 1691 342 1716 cur
360 1678 444 1716 haec
474 1678 526 1715 ita
546 1691 586 1716 se
613 1678 793 1725 habeant,
815 1692 943 1730 neque
960 1686 1116 1732 propter
1136 1693 1258 1717 unum
1278 1686 1393 1730 atque
1413 1679 1574 1717 alterum
1606 1681 1732 1718 vitium

273 1755 333 1778 res
351 1741 429 1778 huc
444 1740 661 1778 redierunt:
692 1741 933 1791 potissimum
954 1748 1096 1787 tamen,
1116 1741 1148 1779 si
1169 1749 1271 1779 recte
1299 1740 1565 1787 consideretis,
1594 1741 1619 1778 ii
1641 1749 1731 1779 sunt

274 1802 314 1838 in
334 1801 460 1852 culpa,
479 1801 543 1851 qni
557 1801 844 1852 jucundissima
872 1802 998 1840 dicere
1027 1802 1177 1841 malunt
1196 1815 1311 1854 quam
1331 1803 1548 1849 utilissima,
1568 1816 1729 1853 quorum

276 1864 352 1907 alii,
371 1862 641 1908 Athenienses,
663 1862 874 1901 dummodo
902 1864 1042 1914 quibus
1062 1865 1176 1902 rebus
1196 1864 1268 1914 ipsi
1289 1863 1411 1914 gloria
1428 1864 1568 1902 florent
1595 1871 1635 1902 et
1664 1877 1730 1902 va-

275 1924 369 1969 lent,
389 1936 455 1961 eas
475 1930 669 1971 tueantur,
704 1923 848 1961 nullam
881 1924 1099 1962 futurorum
1128 1925 1313 1962 rationem
1345 1925 1504 1971 habent,
1521 1938 1639 1975 quare
1660 1939 1731 1963 nec

275 1998 343 2022 vos
363 1985 505 2022 habere
530 1992 702 2035 oportere
724 1991 886 2035 putant;
918 1986 994 2032 alii,
1023 1999 1089 2024 eos
1110 1986 1174 2037 qui
1193 1986 1232 2023 in
1252 1999 1378 2024 rerum
1398 1987 1727 2025 administratione

275 2046 472 2084 constituti
493 2055 581 2083 sunt
601 2046 840 2084 criminando
860 2053 899 2085 et
917 2047 1202 2093 calumniando,
1224 2047 1275 2085 nil
1299 2047 1404 2085 aliud
1423 2048 1582 2094 faciunt,
1598 2049 1668 2086 nisi
1688 2056 1731 2086 ut

275 2108 408 2145 civitas
432 2107 516 2158 ipsa
542 2107 590 2145 de
611 2120 653 2145 se
672 2121 807 2158 poenas
828 2115 954 2147 sumat
971 2116 1010 2147 et
1029 2122 1074 2147 ea
1092 2122 1131 2147 re
1160 2115 1382 2160 occupetur,
1405 2109 1580 2160 Philippo
1601 2115 1729 2147 autem

277 2170 427 2221 quidvis
444 2176 482 2207 et
501 2182 614 2220 agere
635 2177 674 2207 et
693 2165 822 2208 dicere
842 2170 968 2209 liceat.
1028 2170 1124 2208 Haee
1143 2170 1317 2209 instituta
1334 2176 1425 2209 sunt
1444 2170 1550 2209 vobis
1570 2171 1729 2216 usitata,

275 2245 403 2269 causae
419 2244 506 2269 vcro
526 2231 822 2281 perturbationis
838 2240 876 2270 ct
891 2232 1130 2271 delictorum.

329 2295 366 2329 2.
397 2292 493 2329 Peto
514 2298 656 2336 autem,
677 2292 948 2339 Athenienses,
981 2293 1012 2330 si
1046 2293 1138 2343 quid
1159 2293 1237 2331 veri
1257 2293 1374 2332 libere
1403 2293 1548 2340 dixero,
1569 2307 1618 2333 ne
1640 2308 1728 2346 pro-

275 2361 408 2405 pterea
424 2353 514 2390 mihi
533 2352 760 2391 irascamini.
818 2354 907 2391 Hoc
936 2353 1052 2392 modo
1071 2354 1212 2404 quippe
1233 2367 1309 2392 rem
1331 2355 1592 2393 consideretis.
1649 2356 1729 2395 Vos

274 2414 458 2465 loquendi
477 2414 692 2451 libertatem
713 2414 750 2450 in
770 2414 853 2451 aliis
873 2416 986 2452 rebus
1005 2415 1056 2452 ita
1076 2427 1318 2453 communem
1348 2415 1492 2466 putatis
1512 2429 1599 2454 esse
1618 2430 1730 2468 opor-

275 2482 356 2513 tere
384 2475 561 2513 omnibus
590 2475 627 2511 in
658 2475 730 2511 hac
758 2475 851 2512 urbe
886 2475 1129 2526 degentibus,
1149 2482 1193 2513 ut
1211 2484 1250 2514 et
1269 2476 1428 2515 advenis
1450 2484 1489 2514 et
1509 2478 1628 2516 servis
1644 2491 1728 2516 eam

275 2535 543 2587 impertientis,
575 2541 612 2572 et
643 2535 782 2573 multos
815 2535 918 2586 apud
950 2548 1016 2574 vos
1048 2549 1179 2574 servos
1211 2537 1340 2575 videre
1373 2545 1433 2576 est
1451 2538 1604 2589 quidvis
1624 2539 1727 2590 loqui

273 2597 440 2643 liberius,
459 2609 574 2647 quam
596 2596 698 2634 cives
733 2597 770 2633 in
803 2596 1031 2646 quibusdam
1054 2598 1136 2635 aliis
1167 2599 1337 2644 urbibus,
1360 2613 1381 2637 a
1401 2600 1639 2639 consulendo
1660 2613 1727 2638 au-

275 2666 353 2696 tem
374 2658 527 2695 omnino
556 2657 718 2695 eandem
749 2658 955 2708 repulistis.
1014 2659 1124 2697 Unde
1144 2659 1184 2697 id
1204 2661 1496 2711 consequimini,
1516 2661 1615 2699 utin
1636 2675 1728 2700 con-

275 2720 450 2758 cionibus
471 2717 676 2757 fastidiatis
709 2720 1035 2758 assentationibus
1057 2720 1203 2759 deliniti
1223 2728 1261 2760 et
1286 2723 1413 2760 omnia
1432 2735 1519 2774 quae
1543 2723 1728 2774 voluptati

278 2788 367 2818 sunt
386 2781 560 2826 audiatis,
575 2780 611 2818 in
633 2780 744 2818 rebus
765 2788 891 2818 autem
912 2787 950 2818 et
970 2782 1079 2820 sactis
1099 2783 1146 2821 dc
1163 2784 1339 2822 extremis
1353 2784 1433 2834 jam
1449 2783 1725 2835 periclitemini.

277 2844 390 2887 Quod
425 2844 453 2882 si
485 2857 585 2882 nuuc
609 2843 723 2882 etiam
756 2843 811 2882 sic
843 2843 968 2882 all'ccti
1001 2844 1105 2891 estis,
1138 2859 1215 2885 non
1236 2846 1359 2885 habeo
1379 2846 1469 2898 quid
1489 2846 1610 2887 dicam
1630 2860 1637 2885 :
1669 2847 1728 2887 sin
