1923 3149
353 354 553 394 LlBANlI
585 351 979 391 ARGUMENTUM
1013 350 1308 388 ORATIOle

626 423 697 460 DE
725 420 1030 459 CLASSIBUS,

155 533 254 563 On'ro
271 543 401 569 rumore,
417 534 576 563 Persarum
597 532 711 569 Regem
728 527 956 568 expeditionem
977 527 1077 557 moliri
1093 527 1240 557 adversus
1265 527 1402 560 Graecos,
1418 527 1545 564 populus

112 583 306 614 Atheniensis
318 584 567 618 tumultuatur,et
579 592 645 611 cum
659 590 826 610 convocare
839 581 972 613 Graecos,
989 583 1051 607 tum
1071 579 1178 608 bellum
1197 578 1295 606 statim
1313 577 1423 606 inferre
1440 586 1549 615 prope-

110 638 167 663 rat.
215 634 432 664 Demosthenes
445 638 543 663 autem
557 631 676 667 suadet,
691 642 728 661 ne
745 631 803 670 ipsi
818 631 933 669 priores
949 630 1117 667 insurgant,
1132 629 1185 658 sed
1199 639 1251 657 eos
1267 632 1448 666 exspectare
1460 627 1549 664 jubet

112 684 183 714 dum
201 685 266 714 Rex
284 685 354 714 novi
366 685 439 723 quid
455 689 592 714 conetur.
616 683 705 712 Nunc
722 681 932 719 enim,inquit,
947 690 1003 710 non
1021 679 1270 718 persuadebimus
1288 678 1404 707 Graecis
1420 682 1453 706 ut
1466 676 1550 706 socia

112 734 268 764 nobiscum
286 746 366 764 arma
376 737 514 773 jungant,
525 744 591 763 cum
609 733 638 762 in
656 737 720 763 tuto
743 733 838 761 adhuc
854 732 913 761 sibi
927 742 994 761 esse
1011 731 1188 760 videantur:
1214 737 1275 759 tuin
1293 740 1365 759 vero
1381 728 1549 769 periculum

111 785 210 823 ipsum
227 796 278 815 eos
297 785 454 814 nobiscum
470 787 643 823 conjunget.
689 784 795 812 Monet
812 783 916 821 igitur,
939 786 969 810 ut
985 782 1085 821 quiete
1108 792 1140 810 se
1166 782 1326 815 instssuant,
1341 785 1371 809 et
1387 780 1424 809 ad
1440 779 1550 809 belluni

112 841 237 873 pureum
260 839 348 874 atque
369 836 460 865 etiam
484 839 709 869 commemorat,
725 844 792 872 qua:
819 833 929 862 debeat
957 844 1025 862 esse
1045 833 1121 862 ratio
1137 831 1364 861 instructionis:
1388 831 1469 860 unde
1486 829 1552 869 ωερῖ

110 888 272 927 συμμοριῶν
287 886 382 916 oratio
399 892 446 915 est
460 885 625 924 inscripta;
649 894 715 913 nain
734 884 814 922 apud
832 883 950 913 Atticos
966 882 1123 922 συμμορία,
1136 887 1234 913 coetus
1251 887 1280 912 et
1296 882 1371 912 ordo
1388 891 1491 911 eorum
1510 885 1556 910 est

109 938 159 977 qui
173 947 295 968 munera
308 937 430 978 publica
445 938 567 967 obeunt.

541 1164 1122 1218 DEMOSTHENIS

484 1282 593 1329 DE
662 1282 1184 1329 CLASSIBUS

708 1397 966 1438 ORATIO.

172 1497 204 1533 l.
234 1496 319 1540 Qur
350 1497 511 1547 majores
551 1503 696 1535 vestros
724 1497 898 1543 laudant,
928 1496 1198 1543 Athenienses,
1235 1496 1434 1534 instituere
1469 1498 1558 1535 mihi

112 1557 289 1595 videntur
307 1559 514 1596 orationem
535 1559 665 1596 auditu
680 1559 908 1610 jucundam,
928 1572 1004 1596 non
1025 1572 1070 1596 ea
1090 1565 1216 1596 tamen
1243 1571 1357 1608 agere
1379 1572 1465 1609 quae
1486 1559 1560 1596 illis

112 1619 255 1668 prosint
269 1632 365 1670 quos
381 1620 595 1657 celebrant:
625 1633 713 1658 nam
726 1634 811 1658 cum
832 1620 876 1657 iis
897 1620 945 1657 de
965 1621 1079 1657 rebus
1099 1620 1226 1657 dicere
1246 1627 1444 1665 conentur,
1463 1634 1560 1670 quas

114 1680 329 1718 mortalium
347 1695 459 1719 nemo
478 1695 547 1732 pro
573 1681 759 1732 dignitate
779 1681 900 1733 possit
926 1681 1128 1732 explicare,
1151 1681 1221 1731 ipsi
1241 1681 1393 1730 quidem
1415 1681 1562 1732 opinio-

111 1754 199 1779 nem
218 1742 447 1793 eloquentiae
462 1750 743 1793 consequuntur
757 1757 765 1786 ;
789 1743 954 1781 efficiunt
967 1756 1069 1787 vero,
1085 1748 1128 1779 ut
1142 1743 1260 1779 virtus
1273 1743 1422 1780 illorum
1440 1744 1561 1780 minor

112 1802 285 1840 videatur
304 1804 536 1842 auditoribus
555 1817 668 1854 quam
691 1811 882 1855 putarant.
941 1804 1023 1853 Ego
1042 1817 1130 1841 vero
1150 1803 1412 1841 laudationem
1430 1817 1561 1842 eorum

113 1865 317 1903 maximam
344 1873 436 1917 puto
456 1866 580 1916 ipsum
609 1880 694 1904 esse
715 1872 881 1917 ternpus,
908 1865 1013 1915 quod
1033 1878 1121 1902 cum
1147 1878 1223 1902 non
1241 1866 1420 1916 exiguum
1446 1866 1562 1904 inter-

114 1927 287 1974 cesserit,
300 1929 412 1965 rebus
427 1928 575 1965 illorum
597 1927 716 1978 gestis
736 1927 882 1978 majora
900 1926 994 1963 nulli
1014 1926 1076 1963 alii
1098 1927 1290 1978 suscipere
1311 1927 1479 1977 gerenda
1491 1942 1561 1979 po-

116 1993 283 2025 tuerunt.
341 1989 426 2038 Ipse
454 1995 578 2026 autem
604 1989 789 2026 rationem
817 1988 1008 2039 explicare
1028 1988 1208 2034 conabor,
1241 2001 1316 2038 qua
1334 2002 1401 2026 vos
1422 1990 1562 2040 optime

117 2047 324 2087 instructos
343 2050 424 2086 fore
445 2062 647 2092 censeanu
679 2050 819 2087 etenim
835 2062 897 2087 res
917 2050 970 2086 ita
986 2049 1180 2087 sehabet:
1203 2050 1328 2087 Sinos
1345 2063 1476 2088 omnes
1497 2052 1561 2102 qui

117 2111 232 2149 verba
245 2111 382 2149 facturi
395 2125 524 2149 sumus
540 2112 762 2162 eloquentes
775 2112 985 2158 videamur,
999 2112 1116 2150 nihilo
1132 2126 1190 2150 res
1210 2120 1348 2151 vestrae
1369 2115 1461 2152 satis
1483 2114 1562 2153 scio

117 2179 231 2211 erunt
249 2173 448 2217 meliores;
479 2174 547 2211 sed
567 2173 598 2211 si
617 2186 730 2220 unus,
751 2173 922 2224 quisquis
942 2173 1004 2211 ille
1023 2173 1150 2219 fuerit,
1170 2188 1394 2224 progressus
1424 2176 1562 2214 docere

115 2234 240 2286 possit
251 2241 290 2272 et
301 2235 472 2282 suadere,
487 2248 574 2285 quae
590 2234 802 2280 instructio,
824 2242 862 2272 et
874 2242 1031 2286 quanta,
1047 2242 1085 2273 et
1096 2235 1199 2272 unde
1214 2243 1445 2287 comparata,
1460 2251 1561 2276 nunc

115 2297 332 2348 reipublicae
343 2298 542 2348 profutura
560 2311 644 2335 esse
659 2298 844 2343 videatur,
860 2297 981 2334 omnis
995 2297 1056 2334 hic
1073 2306 1194 2334 metus
1209 2300 1414 2336 evanuerit.
1445 2301 1560 2342 Quod

116 2358 201 2409 ego,
215 2360 247 2397 si
271 2360 386 2398 modo
405 2366 550 2411 potero,
571 2360 672 2398 dabo
698 2372 853 2411 operam
872 2365 915 2397 ut
941 2359 1093 2407 faciam,
1113 2372 1237 2411 pauca
1256 2360 1438 2411 praefatus
1458 2364 1561 2414 apud

118 2433 199 2467 vos,
214 2421 306 2472 quid
325 2422 372 2459 de
386 2422 490 2473 regio
504 2422 660 2473 negotio
675 2422 850 2460 sentiam.

171 2484 209 2518 2.
229 2482 314 2533 Ego
332 2483 503 2522 existimo
519 2497 764 2522 communem
782 2483 932 2522 hostem
954 2484 1121 2522 omnium
1145 2483 1368 2522 Graecorum
1384 2498 1470 2523 esse
1485 2486 1561 2524 Re-

120 2558 207 2596 gem
228 2545 430 2584 Persarum
446 2560 456 2590 ;
486 2559 563 2584 non
581 2553 711 2585 tamen
726 2554 929 2598 propterea
948 2546 1145 2592 suaserim,
1167 2546 1236 2584 soli
1255 2547 1425 2584 omnium
1439 2561 1506 2585 vos
1521 2554 1563 2584 ut

117 2606 260 2645 bellum
279 2613 412 2645 contra
429 2621 516 2646 eum
531 2609 762 2660 suscipiatis:
785 2621 911 2659 neque
924 2607 1022 2646 enim
1041 2608 1145 2660 ipsos
1159 2608 1320 2645 Graecos
1332 2608 1444 2646 video
1457 2621 1560 2646 com-

118 2681 255 2706 munes
276 2668 372 2705 inter
392 2681 432 2705 se
451 2683 534 2708 esse
555 2670 720 2714 amicos3
751 2670 821 2709 sed
840 2671 1047 2708 nonnullos
1068 2670 1189 2721 magis
1219 2669 1272 2707 illi
1291 2669 1420 2715 fidere,
1447 2683 1560 2720 quam

119 2729 350 2781 quibusdam
367 2742 533 2768 suorum.
591 2733 687 2774 Quae
707 2745 792 2770 cum
811 2732 864 2770 ita
877 2733 964 2778 sint,
977 2746 997 2770 e
1018 2745 1057 2770 re
1075 2739 1202 2770 vestra
1213 2744 1296 2769 esse
1309 2744 1459 2776 censeo,
1475 2744 1562 2782 pro—

118 2790 259 2838 videre,
279 2797 321 2828 ut
333 2790 484 2842 justum
499 2791 560 2837 sit,
580 2793 683 2842 quod
698 2794 870 2844 capiatur
888 2793 978 2832 belli
998 2794 1166 2837 initium;
1197 2800 1314 2843 utque
1334 2799 1563 2842 apparentur

119 2865 206 2902 quae
225 2852 402 2890 convenit
414 2853 552 2899 omnia,
568 2860 606 2891 et
623 2853 698 2891 hoc
717 2862 952 2906 proponatur
969 2856 1017 2894 ad
1037 2854 1339 2893 deliberandum.
1388 2854 1562 2893 Arbitror

121 2913 235 2962 enim,
248 2914 520 2962 Athenienses,
541 2913 711 2962 Graecos,
729 2916 760 2954 si
775 2917 991 2956 declaretur
1010 2923 1049 2956 et
1067 2916 1310 2968 perspicuum
1329 2915 1408 2963 fiat,
1421 2914 1499 2955 fore
1518 2923 1560 2954 ut
