1923 3149
286 192 364 227 286
704 189 993 231 ADVERSUS
1025 190 1318 231 LEPTINEM.

284 298 388 330 certe
407 290 562 341 quidem
582 298 762 343 tempore,
785 293 906 332 licuit.
963 294 1040 332 Lex
1060 294 1178 344 igitur
1207 294 1296 342 ista,
1316 306 1402 346 quae
1424 294 1643 345 hujusmodi
1663 295 1734 339 do-

284 352 482 391 nationum
503 353 617 391 fidem
636 361 675 392 et
693 355 940 393 securitatem
959 355 1072 401 tollit,
1089 355 1128 392 id
1147 355 1260 401 tollit,
1280 369 1357 406 quo
1382 369 1405 393 a
1423 356 1531 394 vobis
1551 369 1736 395 concessa

282 414 386 452 dona
417 414 556 452 ceteris
586 416 815 454 antecellere
854 417 1096 455 videbantur.
1164 417 1368 456 Enimvero
1406 418 1438 455 si
1469 431 1517 455 ex
1549 418 1735 456 universis

280 489 512 527 quocunque
539 485 721 528 regantur
746 479 904 529 imperio
932 479 1150 517 civitatibus
1180 492 1322 516 morem
1346 479 1452 517 illurn
1484 484 1524 516 et
1542 487 1650 516 vetus
1678 479 1735 515 in-

280 539 455 576 stitutum
482 539 700 584 sustuleris,
731 553 776 578 ne
803 542 948 591 recepti
974 548 1095 578 status
1123 540 1378 579 conservandi
1404 540 1586 578 studiosis
1613 539 1738 591 gratia

280 599 480 646 referatur,
498 600 706 638 maximum
726 613 858 639 earum
878 601 1100 652 praesidium
1121 614 1200 639 una
1220 601 1434 640 sustuleris.

333 663 370 699 7.
403 662 460 698 At
478 661 574 699 illud
594 661 759 700 fortasse
779 662 960 713 Leptines
979 663 1114 702 afferre
1131 663 1344 709 conabitur,
1364 670 1408 701 ut
1425 675 1494 701 vos
1514 664 1562 700 ab
1581 662 1640 701 his
1660 662 1737 701 alio

281 722 458 769 seducat,
478 734 595 760 onera
625 722 867 773 publicorum
900 736 1103 762 munerum
1122 738 1224 763 nunc
1253 725 1291 762 in
1321 731 1460 762 tenues
1481 723 1657 762 homines
1676 723 1735 762 in-

279 783 424 822 clinata
460 796 561 828 esse,
596 796 697 835 quae,
731 784 762 821 si
797 797 868 822 sua
898 784 961 822 lex
994 793 1077 823 rata
1106 785 1307 831 habeatur,
1339 786 1388 823 ad
1422 785 1736 837 opulentissimos

279 844 448 882 reditura
467 844 556 883 sint.
614 844 870 883 Plausibiliter
888 846 1043 896 quidem
1064 846 1138 885 hoc
1164 854 1204 885 et
1223 847 1397 898 speciose
1417 847 1583 884 dicitur:
1615 845 1683 884 sed
1705 848 1738 885 si

278 905 444 956 penitius
464 905 749 957 introspiciatis,
771 907 883 945 inane
909 908 1101 945 videbitur
1135 920 1180 946 ac
1214 908 1453 946 tralatitium.
1510 908 1600 946 Duo
1633 908 1736 945 enim

278 967 433 1004 omnino
465 980 665 1005 munerum
700 981 842 1017 genera
874 975 1031 1019 recepta
1053 975 1144 1005 sunt
1163 967 1268 1019 apud
1286 981 1370 1013 vos,
1389 980 1510 1005 unum
1530 966 1738 1017 inquilino-

278 1041 378 1076 rum,
398 1028 558 1067 alterum
591 1029 630 1066 id
659 1029 764 1079 quod
785 1042 807 1067 a
825 1028 972 1067 civibus
992 1029 1079 1067 oriri
1100 1029 1223 1067 solet:
1253 1041 1416 1080 quorum
1436 1029 1637 1078 utriusque
1655 1029 1738 1067 dari

277 1096 408 1140 potest
438 1102 498 1137 ea,
519 1103 634 1140 quam
667 1090 735 1128 iste
757 1090 882 1142 eripit,
914 1091 1015 1128 bene
1047 1090 1192 1128 meritis
1227 1090 1462 1128 immunitas.
1520 1089 1623 1128 Nam
1648 1103 1737 1141 quae

277 1151 407 1189 omnia
423 1152 566 1189 tributa
582 1151 869 1202 triremiumque
888 1152 1162 1190 instructiones
1180 1151 1219 1189 in
1238 1151 1330 1190 belli
1349 1151 1646 1190 necessitatibus
1666 1164 1738 1189 ex-

275 1212 434 1263 iguntur
466 1211 708 1263 salutemque
738 1212 960 1264 reipublicae
992 1214 1209 1258 continent,
1243 1225 1391 1260 eorum,
1424 1218 1531 1251 recto
1562 1219 1736 1250 veterum

277 1274 406 1325 legum
428 1274 586 1325 etjusto
606 1274 798 1319 instituto,
817 1274 960 1312 nemini
980 1274 1095 1312 datur
1114 1274 1195 1311 ulla
1212 1273 1451 1321 immunitas,
1466 1287 1515 1312 ne
1546 1273 1621 1311 illis
1652 1274 1737 1324 qui-

277 1335 382 1379 dem,
404 1348 501 1385 quos
524 1335 703 1386 Leptines
723 1335 890 1386 excepit,
917 1348 964 1373 ex
995 1335 1204 1373 Harmodii
1223 1342 1263 1373 et
1283 1335 1563 1387 Aristogitonis
1589 1335 1737 1374 familia

276 1396 459 1435 oriundis.
510 1396 720 1434 Videamus
740 1396 855 1447 igitur
871 1396 1066 1447 quomodo
1079 1396 1234 1448 expleat
1253 1410 1413 1435 munera
1432 1397 1498 1435 illa
1516 1397 1735 1447 quibusque

271 1457 556 1509 praebitoribus‚
577 1464 616 1496 et
633 1464 832 1507 quotnam,
866 1458 899 1495 si
925 1457 960 1495 ei
992 1471 1067 1495 non
1087 1458 1447 1505 auscultaverimus,
1467 1458 1518 1495 sit
1545 1458 1734 1496 immunes

274 1518 516 1558 dimissurus.
585 1519 775 1557 Ditissimi
808 1519 950 1570 quique
982 1519 1098 1570 igitur
1129 1532 1278 1570 semper
1310 1520 1491 1569 occupati
1521 1519 1735 1557 triremibus

275 1581 524 1628 instruendis,
550 1581 659 1619 nulla
688 1587 868 1619 tenentur
898 1581 1060 1632 parandi
1097 1581 1209 1619 ludos
1241 1581 1501 1619 necessitate:
1541 1581 1736 1620 tenuiores

276 1656 363 1680 cuin
381 1644 429 1680 ab
448 1643 493 1681 iis
516 1643 565 1681 ob
585 1642 751 1693 inopiam
771 1643 874 1693 exigi
893 1642 987 1680 nihil
1007 1642 1142 1694 possit,
1162 1649 1269 1681 extra
1287 1643 1392 1681 hunc
1407 1656 1609 1681 numerum
1630 1651 1736 1681 sunt.

277 1706 406 1747 Quare
426 1704 551 1743 neutri
569 1710 725 1755 propter
743 1704 846 1746 hanc
866 1704 991 1755 legem
1011 1711 1157 1744 vestras
1178 1718 1273 1757 opes
1293 1707 1506 1757 augebunt.
1563 1706 1618 1743 At
1634 1706 1735 1744 enim

274 1766 452 1817 inquilini
472 1766 718 1817 suppeditare
739 1766 862 1804 multa
882 1773 1082 1817 cogentur.
1140 1767 1285 1805 Verum
1315 1767 1346 1804 si
1377 1767 1547 1818 quinque
1581 1779 1629 1804 ex
1658 1766 1735 1804 illi's

276 1828 612 1875 demonstraverit,
630 1841 705 1880 ego
738 1841 815 1866 non
845 1841 997 1872 recuso,
1033 1841 1111 1879 quo
1142 1828 1268 1866 minus
1300 1828 1461 1866 delirare
1482 1828 1600 1866 dicar.
1656 1828 1734 1865 Ve-

274 1904 356 1927 rum
377 1896 421 1928 ut
437 1890 650 1929 concedam
669 1890 779 1927 aliter
796 1890 871 1927 hoc
892 1902 932 1927 se
952 1889 1108 1934 habere,
1129 1895 1168 1927 et
1186 1889 1301 1940 longe
1324 1889 1506 1939 majorem
1528 1888 1734 1939 inquilino-

276 1965 358 1989 rum
379 1965 464 1990 esse
483 1965 682 1990 numerum
700 1951 778 2001 qui,
804 1952 890 2002 lege
916 1951 1077 2002 perlata,
1104 1957 1290 2002 perpetuo
1307 1964 1468 1989 munera
1485 1950 1626 1989 obituri
1645 1950 1734 1997 sint,

273 2027 399 2064 neque
419 2013 629 2052 triremium
654 2013 947 2051 instructionem
979 2013 1157 2063 cuiquam
1191 2013 1273 2050 fore
1305 2012 1487 2063 praesidio
1511 2025 1588 2063 quo
1608 2012 1733 2062 magis

275 2074 454 2113 immunis
475 2076 536 2113 sit.
593 2075 678 2125 Age
697 2074 1001 2120 consideremus,
1016 2087 1132 2124 quam
1164 2074 1239 2111 hoc
1267 2074 1438 2112 futurum
1458 2074 1508 2112 sit
1525 2087 1546 2112 e
1566 2073 1734 2125 republi-

275 2150 334 2183 ca,
353 2138 383 2174 si
403 2137 441 2174 hi
461 2148 594 2174 omnes
614 2148 775 2173 munera
793 2135 964 2173 obibunt.
1022 2134 1177 2173 Patebit
1195 2134 1297 2172 enim
1316 2147 1408 2181 non,
1421 2134 1585 2172 multum
1609 2135 1733 2180 abest,

273 2198 314 2237 in
334 2212 444 2249 aequo
459 2211 544 2237 esse
564 2197 868 2237 emolumentum
888 2209 934 2235 ac
953 2196 1127 2241 dedecus
1147 2196 1237 2234 inde
1256 2195 1553 2247 deportandum.
1611 2195 1732 2246 quue

275 2260 349 2298 hoc
369 2260 486 2299 modo
507 2258 727 2311 expendite.
770 2259 969 2302 Immunes
989 2271 1037 2296 ex
1058 2258 1273 2308 hospitibus
1293 2257 1381 2304 sint,
1402 2257 1539 2295 decem
1559 2269 1652 2294 sane
1665 2269 1733 2300 ;—

277 2334 496 2372 quanquam
523 2321 716 2373 equidem,
737 2321 775 2358 id
790 2321 896 2371 quod
918 2320 1035 2359 modo
1054 2320 1244 2364 dicebam,
1259 2319 1429 2370 quinque
1450 2332 1534 2356 esse
1556 2331 1634 2356 non
1650 2317 1731 2370 opi-

276 2395 397 2421 nor-
413 2397 422 2426 ;
444 2396 488 2420 ac
504 2383 641 2421 civium
656 2389 758 2420 certe
775 2395 852 2420 non
872 2383 1039 2433 quinque
1061 2388 1128 2420 aut
1142 2394 1209 2419 sex
1229 2381 1466 2432 reperientur
1482 2393 1490 2417 :
1508 2380 1623 2431 igitur
1637 2380 1733 2418 utri-

277 2456 351 2494 que
373 2444 538 2482 sedecim
555 2449 680 2481 erunt.
723 2443 867 2482 Verum
889 2443 1022 2494 viginti
1043 2449 1314 2486 numerentur;
1342 2448 1409 2479 aut
1427 2441 1586 2492 triginta
1605 2441 1734 2488 etiam,

277 2504 309 2544 si
328 2505 457 2543 vultis.
514 2505 705 2548 Quotnarn
728 2505 887 2543 tandem
919 2513 1010 2543 sunt
1040 2504 1105 2554 qui
1138 2515 1297 2541 munera
1315 2503 1520 2554 quotannis
1543 2503 1580 2541 in
1599 2502 1730 2541 orbem

276 2566 477 2605 redeuntia
496 2573 645 2612 curent,
665 2567 743 2605 sive
763 2567 906 2613 aediles,
923 2567 1002 2605 sive
1024 2565 1322 2617 gymnasiarchi,
1339 2566 1417 2603 sive
1440 2565 1733 2604 convivatores?

278 2627 469 2678 Sexageni
482 2628 646 2673 circiter,
667 2635 734 2666 aut
754 2628 870 2678 paulo
898 2629 1027 2679 plures
1060 2627 1225 2664 universi
1259 2627 1309 2665 hi.
1368 2627 1420 2664 Ut
1439 2627 1556 2678 igitur
1573 2627 1732 2678 triginta

275 2689 448 2727 homines
474 2689 512 2727 in
539 2701 651 2726 omne
681 2689 865 2740 deinceps
892 2703 1016 2727 aevum
1045 2701 1202 2726 munera
1224 2689 1333 2726 nobis
1355 2690 1511 2734 obeant,
1533 2689 1572 2726 id
1587 2689 1730 2726 efficia-

278 2763 376 2795 mus,
397 2758 439 2789 ut
459 2763 570 2789 nemo
589 2750 752 2802 posthac
773 2751 889 2789 fidem
904 2752 1012 2788 nobis
1032 2750 1170 2788 habere
1193 2750 1320 2788 ausit?
1378 2750 1455 2788 Sed
1476 2750 1571 2787 illud
1590 2750 1730 2787 obscu-

277 2825 356 2849 rum
372 2813 543 2863 profecto
563 2812 703 2851 nemini
721 2821 793 2858 est,
812 2812 894 2850 fore
915 2813 978 2863 qui
1007 2826 1167 2851 munera
1185 2815 1342 2859 obeant,
1361 2812 1542 2851 incolumi
1562 2812 1730 2861 civitate,

276 2874 368 2912 satis
388 2874 543 2921 multos,
564 2888 689 2926 neque
709 2875 860 2912 illorum
883 2875 1001 2912 ullam
1024 2876 1103 2914 fore
1134 2875 1331 2925 penuriam
1349 2888 1357 2912 ι
1388 2875 1453 2926 qui
1472 2881 1599 2913 autem
1621 2876 1730 2914 vobis

274 2936 520 2975 benefactum
542 2936 646 2982 velit,
669 2936 731 2975 ubi
754 2937 990 2988 perspexerit
1010 2936 1184 2987 injuriam
1212 2938 1266 2975 cis
1298 2937 1437 2975 factam
1468 2937 1532 2986 qui
1562 2937 1660 2975 bene
1682 2938 1728 2976 de
