1923 3149
629 127 1050 166 ARGUMENTUM.
1514 132 1565 167 39

259 375 465 414 LIBANII
496 372 898 412 ARGUMENTUM
930 373 987 410 IN
1017 373 1415 414 OLYNTHIACAM

556 443 799 481 TERTIAM
829 442 1107 492 (PRIMAM).

134 562 330 594 OLYNTHUS
344 562 480 592 Thraciae
495 563 551 592 suit
568 563 659 592 urbs:
683 571 749 592 eam
775 562 878 592 Graeei
900 566 1073 598 tenuerunt,
1100 562 1220 593 oriundi
1236 564 1398 601 Chalcide,
1417 566 1499 605 quod
1516 572 1563 598 est

103 614 230 645 Euboeae
249 615 409 654 oppidum,
427 615 658 644 Atheniensium
684 613 813 644 colonia.
861 614 960 643 Multa
984 624 1075 654 porro
1100 618 1131 643 et
1151 615 1299 653 praeclara
1321 616 1459 655 Olynthii
1484 617 1565 648 bella

102 670 281 705 gesserunt:
307 666 549 695 Atheniensibus
574 666 655 696 enim
681 665 861 696 restiterunt
884 664 969 700 olim,
990 664 1118 694 Graeciae
1143 665 1351 704 principatum
1379 668 1566 705 tenentibus,

102 721 194 755 utque
210 716 322 747 iterum
343 717 605 747 Lacedaemoniis:
629 722 661 748 et
687 727 825 755 magnam
850 715 970 746 tandem
997 716 1102 755 adepti
1127 717 1306 755 potentiam,
1324 719 1464 756 cognatis
1491 720 1566 750 civi-

100 768 216 798 tatibus
246 767 449 808 praefuerunt:
475 778 533 798 non
550 778 647 808 parva
662 768 790 798 enimin
805 767 935 797 Thracia
960 766 1147 796 Chalcidicae
1174 767 1273 806 gentis
1301 768 1466 799 multitudo
1489 770 1560 800 fuit.

99 818 189 855 Post,
205 818 279 849 inita
295 829 365 850 cum
380 818 528 859 Philippo
544 829 617 859 rege
635 819 828 849 Macedoniae
844 817 1003 854 societate,
1019 818 1159 856 Olynthii
1175 828 1243 848 cum
1261 829 1298 849 eo
1319 820 1452 859 primum
1471 821 1565 851 Athe-

98 868 256 900 niensibus
274 880 356 900 arma
371 871 554 901 intulerunt:
579 872 680 910 obque
692 871 724 900 id
739 870 948 900 Anthemunte
965 869 1082 908 oppido
1097 874 1236 908 accepto,
1259 870 1298 900 de
1323 881 1382 909 quo
1400 871 1479 901 inter
1495 871 1565 902 Ma-

98 921 233 952 cedonas
251 926 282 951 et
308 923 393 962 ipsos
409 923 563 953 contentio
588 923 700 960 fuerat,
723 923 859 962 itemque
876 921 1030 958 Potidaea,
1045 931 1136 960 quam
1165 922 1340 962 Philippus,
1359 929 1565 962 expugnatam

97 976 296 1012 ereptamque
312 974 563 1010 Atheniensibus,
581 974 737 1013 Olynthiis
754 973 936 1009 tradiderat,
945 973 1069 1003 tandem
1086 977 1263 1012 suspectum
1281 974 1392 1004 habere
1407 981 1567 1014 coeperunt

97 1032 214 1062 regem,
229 1024 312 1063 quod
329 1029 361 1054 et
374 1034 483 1064 magna
497 1027 561 1064 ejus
584 1026 745 1064 subitaque
763 1025 961 1058 incrementa,
978 1029 1009 1053 et
1025 1034 1132 1063 parum
1153 1024 1246 1054 fidum
1263 1035 1332 1056 esse
1349 1025 1504 1064 ingenium
1520 1027 1567 1057 vi-

98 1073 218 1104 derent.
265 1076 438 1106 Observato
460 1076 554 1116 igitur
578 1081 729 1116 tempore,
753 1086 813 1116 quo
836 1075 862 1106 is
884 1085 1015 1115 peregre
1039 1076 1174 1112 abesset,
1196 1075 1304 1106 missis
1327 1076 1440 1116 legatis
1456 1088 1564 1116 pacem

96 1133 164 1153 cum
178 1125 417 1155 Atheniensibus
433 1127 581 1163 fecerunt,
596 1128 626 1156 in
643 1138 704 1166 quo
719 1127 815 1157 ictum
830 1137 901 1156 cum
917 1126 1066 1166 Philippo
1083 1128 1183 1157 foedus
1198 1127 1351 1158 violarunt
1365 1140 1371 1158 ε
1388 1129 1473 1168 pacti
1484 1129 1564 1159 enim

95 1175 226 1211 fuerant,
239 1186 273 1205 se
291 1177 493 1207 communiter
510 1178 622 1207 bellum
647 1182 677 1207 et
705 1182 845 1217 gesturos
873 1187 942 1206 cum
961 1177 1217 1214 Atheniensibus,
1242 1182 1285 1214 et,
1311 1179 1338 1208 si
1365 1179 1449 1209 aliud
1465 1179 1565 1210 visum

94 1229 188 1260 esset,
204 1227 406 1256 communiter
421 1228 658 1266 composituros,
704 1227 871 1266 Philippus
889 1231 1003 1262 autem,
1023 1228 1212 1269 jampridem
1243 1239 1368 1259 causam
1385 1235 1492 1259 contra
1507 1240 1561 1260 eos

94 1276 271 1315 qnaeritans,
282 1282 346 1308 tum
362 1288 438 1308 vero
450 1279 528 1308 hanc
541 1283 659 1314 nactus,
675 1277 792 1308 bellum
805 1277 863 1314 eis,
877 1282 912 1307 ut
926 1278 1109 1316 soedil'ragis,
1121 1284 1154 1307 et
1169 1290 1238 1314 curn
1251 1280 1394 1310 hostibus
1409 1280 1473 1311 suis
1490 1282 1565 1311 ami-

91 1326 175 1357 citiae
186 1328 302 1359 foedere
317 1329 502 1368 conjunctis,
517 1328 621 1359 infert.

137 1382 241 1420 Quare
256 1380 287 1410 hi
302 1381 422 1422 legatos
441 1380 579 1410 Athenas
593 1379 718 1410 mittunt
735 1379 773 1409 ad
789 1380 956 1417 petendum
975 1378 1136 1409 auxilium.
1188 1379 1237 1409 Iis
1263 1382 1490 1413 Demosthenes
1510 1394 1565 1423 pa·

93 1431 272 1468 trachatur,
289 1436 320 1461 et
335 1442 424 1472 opem
440 1432 520 1462 ferre
531 1432 622 1470 jubet
638 1429 807 1470 Olynthiis,
823 1430 906 1468 quod
931 1430 962 1459 in
989 1440 1095 1460 eorum
1121 1431 1219 1461 salute
1236 1433 1278 1462 sit
1292 1434 1396 1473 posita
1413 1436 1563 1467 securitas

91 1482 336 1513 Atheniensium.
380 1482 543 1522 Nunquam
559 1482 637 1512 euim
654 1480 850 1518 Philippum,
868 1480 962 1510 salvis
989 1480 1160 1519 Olynthiis,
1177 1481 1207 1511 in
1224 1483 1359 1514 Atticam
1377 1490 1540 1517 venturum
1555 1498 1561 1516 :

93 1533 297 1563 Athenienses
320 1537 421 1563 autem
436 1533 611 1563 facultatem
622 1531 785 1561 habituros
799 1540 867 1560 esse
885 1531 1049 1571 navigandi
1062 1532 1092 1561 in
1106 1532 1332 1571 Macedoniam,
1357 1540 1447 1576 atque
1472 1538 1503 1567 in
1527 1547 1563 1567 ea

95 1584 222 1623 gerendi
245 1584 338 1614 belli:
362 1584 407 1614 sin
425 1585 498 1613 urbs
513 1576 579 1613 haec
595 1594 611 1613 a
627 1582 775 1622 Philippo
792 1583 921 1612 subacta
942 1582 1046 1618 fuerit,
1071 1588 1207 1622 apertam
1232 1595 1300 1615 esse
1323 1587 1405 1616 viam
1431 1589 1498 1627 regi
1524 1589 1564 1618 ad

92 1634 282 1665 invadendos
296 1634 510 1665 Athenienses.
546 1635 649 1673 Negat
663 1638 765 1664 autem
783 1633 962 1673 Philippum
978 1638 1041 1663 tam
1057 1638 1202 1674 superata
1214 1646 1283 1666 esse
1295 1637 1562 1678 difficilem‚quam

92 1689 234 1724 putetur:
259 1691 293 1716 ut
308 1686 424 1716 animos
442 1690 548 1716 contra
567 1695 636 1715 eum
658 1684 751 1714 saciat
767 1683 1016 1714 Atheniensibus.

135 1736 271 1766 Disserit
300 1736 391 1766 etiam
420 1737 460 1766 de
482 1736 613 1775 pecnnia
642 1735 787 1774 publica3
821 1735 1005 1774 suadetque,
1031 1739 1066 1765 ut
1097 1746 1115 1765 a
1147 1737 1340 1776 spectaculis
1371 1740 1409 1769 ad
1441 1740 1560 1771 militiae

92 1796 181 1816 usum
197 1788 410 1818 transferatur.
457 1788 502 1817 Ac
517 1797 643 1823 morem,
667 1785 727 1825 q'uo
743 1785 947 1816 Athenienses
963 1787 1117 1825 quondam
1140 1793 1212 1817 sunt
1236 1789 1294 1824 usi,
1318 1790 1420 1820 minus
1443 1797 1562 1829 notum,

92 1838 246 1878 explicari
263 1849 391 1869 necesse
406 1843 463 1869 est.
507 1838 585 1868 Cum
601 1838 674 1867 olim
688 1848 746 1867 non
764 1847 889 1866 saxeum
908 1842 990 1867 esset
1005 1838 1086 1877 apud
1097 1845 1100 1847 ’
1112 1848 1166 1868 eos
1183 1839 1348 1876 theatrum,
1377 1843 1431 1872 sed
1457 1853 1497 1873 ex
1526 1844 1564 1873 li-

92 1890 180 1930 gneis
190 1891 303 1921 tabulis
312 1896 671 1929 coassatum,omnesque
687 1890 790 1919 locum
802 1898 955 1928 occupare
968 1894 1181 1929 properarent,
1197 1895 1228 1921 et
1244 1892 1437 1930 verberibus,
1453 1898 1484 1924 et
1494 1895 1562 1924 vul-

90 1941 228 1979 neribus,
243 1943 334 1974 etiam
349 1942 516 1978 interdum,
536 1943 588 1972 alii
603 1942 680 1972 alios
702 1941 884 1971 afficiebant.
931 1941 1024 1977 Quod
1053 1952 1122 1972 cum
1144 1943 1308 1981 prohibere
1324 1945 1443 1976 vellent
1465 1947 1562 1986 magi-

91 1997 206 2025 stratus
219 1994 464 2032 Atheniensium,
481 1994 600 2025 venalia
614 1995 755 2024 fecerunt
769 1993 849 2029 loca,
865 1996 898 2022 ut
910 2003 1010 2028 nemo,
1025 1993 1091 2023 nisi
1107 1994 1187 2023 binis
1204 1995 1306 2025 obolis
1319 1997 1499 2035 numeratis,
1515 1998 1555 2028 ad

92 2047 290 2086 spectandum
303 2047 530 2077 admitteretur.
574 2047 623 2076 Ne
639 2055 714 2076 vero
730 2054 882 2084 pauperes
895 2054 932 2074 eo
957 2049 1083 2084 sumptu
1100 2045 1198 2085 premi
1222 2046 1411 2084 viderentur,
1435 2049 1552 2080 consti-

89 2101 190 2127 tutum
202 2097 269 2134 fuit,
286 2102 320 2128 ut
334 2109 351 2128 e
366 2098 491 2138 publico
505 2097 593 2128 binos
606 2098 677 2128 illos
694 2097 801 2127 obolos
815 2096 945 2135 quisque
960 2097 1126 2136 acciperet.
1172 2097 1250 2134 Quae
1266 2101 1470 2136 consuetudo,
1484 2101 1555 2131 inde

90 2152 168 2184 orta,
189 2159 225 2178 eo
253 2159 351 2188 usque
380 2149 546 2188 processit,
569 2154 603 2178 ut
617 2158 676 2177 non
700 2149 738 2178 ob
762 2148 831 2176 loca
852 2148 1002 2177 duntaxat
1020 2147 1204 2187 acciperent,
1220 2151 1273 2179 sed
1297 2161 1424 2190 prorsus
1440 2162 1559 2182 omnem

90 2199 250 2240 pecuniam
261 2200 419 2240 publicam
438 2200 676 2230 distribuerent.
705 2199 797 2229 Unde
815 2198 904 2228 etiam
925 2199 960 2228 ad
978 2199 1119 2229 militiam
1133 2210 1243 2240 segnes
1259 2201 1333 2231 facti
1349 2207 1442 2232 sunt:
1465 2213 1555 2242 quam

88 2251 170 2282 enim
182 2251 341 2290 pecuniam
359 2251 433 2282 olim
449 2256 574 2291 propter
588 2249 806 2290 expeditiones
823 2260 839 2278 e
855 2250 983 2288 publico
998 2250 1031 2280 in
1048 2250 1238 2290 stipendium
1254 2253 1460 2292 accipiebant,
1485 2265 1552 2284 eam

87 2307 152 2332 tum
163 2302 194 2332 in
211 2302 397 2343 spectaculis
415 2307 446 2333 et
461 2303 549 2333 festis
566 2302 650 2332 domi
667 2301 888 2342 partiebantur.
912 2301 1067 2331 Nolebant
1082 2301 1178 2340 igitur
1189 2303 1252 2342 jam
1270 2304 1389 2343 egredi,
1406 2309 1437 2334 et
1451 2305 1554 2335 subire

87 2354 241 2393 pericula:
267 2355 322 2385 sed
338 2360 369 2385 et
379 2354 480 2393 legem
495 2354 651 2384 sciverant
666 2354 705 2383 de
721 2352 863 2383 theatrali
876 2353 932 2384 hac
947 2353 1088 2392 pecunia,
1105 2365 1173 2393 quae
1185 2360 1313 2385 mortem
1324 2356 1518 2387 minitaretur
1528 2358 1557 2387 ei

90 2404 143 2444 qui
163 2410 269 2436 auctor
285 2410 380 2442 esset,
393 2410 426 2435 ut
443 2415 478 2435 ea
501 2405 533 2435 in
550 2410 686 2435 veterem
704 2404 842 2434 ordinem
856 2410 1066 2443 reponeretur,
1082 2405 1229 2445 fieretque
1247 2406 1399 2437 militaris.
1447 2408 1552 2445 Quare

89 2454 314 2486 Demosthenes
330 2461 418 2487 caute
434 2457 511 2487 hanc
524 2456 646 2487 consilii
662 2461 781 2495 partem
797 2456 932 2495 attingit,
947 2466 1042 2495 seque
1056 2457 1124 2496 ipse
1139 2457 1344 2497 interrogans,
1357 2460 1555 2498 Tunejubes,

89 2509 122 2534 ut
146 2505 211 2535 haec
232 2506 372 2536 militaris
396 2506 468 2537 fiat?
497 2507 678 2547 respondet,
703 2506 833 2536 Minime
859 2516 933 2536 vero
956 2507 1110 2546 equidem.
1157 2510 1259 2547 Atque
1275 2509 1340 2538 haec
1355 2509 1395 2539 de
1411 2510 1553 2540 theatrali

88 2556 229 2596 pecunia.

132 2607 268 2638 Disserit
297 2608 409 2638 Orator
438 2609 528 2639 etiam
554 2609 593 2638 de
613 2608 740 2639 urbanis
765 2608 885 2648 copiis;
909 2609 986 2649 ipsis
1016 2609 1136 2640 civibus
1161 2620 1230 2640 esse
1253 2610 1459 2647 militandum,
1493 2622 1553 2642 non

85 2659 194 2701 (sicuti
208 2658 360 2699 solebant)
377 2670 432 2699 per
452 2660 565 2690 milites
586 2660 767 2700 peregrinos
784 2671 874 2701 opem
892 2661 1046 2692 ferendam
1065 2672 1214 2692 censens:
1236 2673 1304 2693 eam
1334 2662 1415 2693 enim
1432 2672 1554 2693 causam

87 2720 156 2741 esse
173 2711 293 2747 asserit,
309 2721 364 2741 cur
379 2720 428 2741 res
443 2712 522 2741 male
538 2716 672 2751 geratur.
