1923 3149
292 113 367 150 298
721 116 1002 156 ADVERSUS
1035 118 1325 158 LEPTINEM.

293 216 494 265 praesentia
512 226 703 267 ageretur,
722 230 1014 271 cognoscerent,
1045 236 1160 273 quam
1186 224 1294 274 justa
1320 223 1585 275 indignatione
1611 238 1741 264 move·

292 282 445 316 rentur!
495 278 594 317 Nam
615 293 700 332 quae
719 284 981 334 unusquisque
1007 297 1045 322 re
1073 284 1156 335 ipsa
1186 286 1224 323 in
1249 299 1316 324 vos
1345 287 1534 325 beneficia
1565 288 1741 334 contulit,

294 338 341 375 de
361 339 434 377 illis
455 353 475 378 e
504 354 678 380 sermone
697 344 729 381 si
749 344 792 382 fit
805 345 1006 396 judiciuin,
1023 353 1062 383 et
1080 359 1139 384 res
1159 348 1207 384 ab
1223 347 1296 386 illis
1315 348 1497 399 praeclare
1517 356 1649 399 gestae,
1669 350 1700 387 si
1720 362 1744 388 a

290 401 402 439 nobis
422 402 521 441 male
541 413 755 453 narrentur,
774 407 916 445 frustra
931 409 977 446 ab
997 408 1071 446 illis
1085 417 1290 460 susceptae,
1307 412 1532 462 magnisque
1548 411 1740 450 laboribus

289 463 477 502 confectae
497 473 600 516 sunt,
621 480 670 504 an
690 481 768 506 non
786 469 1025 519 iniquissime
1045 484 1132 508 cum
1153 471 1226 509 illis
1247 472 1402 522 agitur?

346 526 410 563 20.
441 526 492 564 Ut
512 534 638 566 autem
659 529 834 575 videatis,
854 531 1125 579 Athenienses,
1145 546 1214 571 nos
1234 546 1365 571 revera
1384 534 1476 571 nihil
1503 534 1624 585 iniqui
1656 546 1740 571 ora-

288 587 392 624 tione
421 595 553 626 nostra
583 591 801 640 complecti,
819 604 945 642 neque
975 594 1183 645 quicquam
1210 594 1351 640 dicere,
1372 607 1447 645 quo
1475 595 1606 632 fucum
1632 595 1741 632 vobis

287 647 501 687 faciamus:
530 651 749 688 recitabitur
778 653 884 690 vobis
911 667 958 691 ea
982 654 1058 700 lex,
1088 668 1203 705 quam
1231 656 1333 694 illius
1361 656 1462 702 loco,
1491 670 1605 706 quam
1625 669 1741 707 repu-

287 711 470 749 diandam
489 712 664 758 dicimus,
683 713 993 763 substituendam
1023 729 1240 755 censemus.
1297 718 1356 754 Ex
1373 718 1446 755 hac
1477 718 1577 755 enim
1595 730 1742 767 cogno-

287 773 417 818 scetis,
439 785 540 810 curae
559 774 670 811 nobis
690 788 789 822 esse,
805 782 886 812 tum
907 789 954 813 ne
972 778 1062 827 quid
1085 791 1151 816 vos
1173 779 1374 817 admittere
1392 786 1499 830 turpe
1519 779 1737 824 videamini,

286 841 381 880 turn,
401 841 444 872 ut
463 834 494 871 si
512 835 597 885 quis
617 836 823 874 immunem
845 838 1010 888 aliquem
1031 840 1240 885 insimulat,
1262 840 1473 878 adductum
1494 842 1531 877 in
1547 841 1738 891 judicium

285 895 389 947 apud
401 909 484 942 vos,
505 897 536 934 si
555 910 707 948 aequum
728 899 788 944 sit,
811 900 983 945 mulctet,
1003 908 1098 946 tum,
1121 909 1160 938 ut
1187 902 1625 952 potcstasimmunitatis
1645 915 1740 939 con-

285 957 470 996 cedendae
489 964 615 996 vestra
640 959 699 1003 sit,
720 960 825 1010 quod
845 973 996 1010 aequum
1029 974 1115 999 esse
1141 975 1255 999 nemo
1275 962 1444 1012 negavit,
1463 970 1558 1007 tum,
1580 967 1624 999 ut
1640 962 1739 999 bene

284 1020 410 1058 meriti
427 1020 506 1057 suis
526 1021 689 1071 praemiis
710 1035 844 1060 secure
865 1023 1052 1062 fruantur.
1084 1024 1166 1062 Nec
1186 1024 1319 1062 horum
1342 1024 1510 1062 omnium
1529 1025 1737 1075 quicquam

284 1090 460 1120 nostrum
481 1090 554 1127 est,
579 1097 702 1134 nuper
735 1097 758 1122 a
781 1085 892 1123 nobis
917 1087 1201 1137 excogitatum;
1233 1086 1302 1124 sed
1332 1086 1491 1137 antiqua
1519 1086 1594 1132 lex,
1621 1099 1738 1137 quarn

281 1143 354 1182 iste
373 1144 507 1189 violat,
525 1144 579 1182 sic
598 1145 706 1196 leges
719 1146 817 1185 ferre
832 1148 967 1197 jubet:
989 1149 1107 1198 prim
1121 1161 1201 1192 u-m,
1234 1148 1271 1185 si
1298 1161 1357 1198 qu
1371 1161 1394 1186 a
1422 1161 1499 1186 rec
1513 1155 1631 1199 epta
1658 1148 1736 1186 lex

282 1206 406 1244 mala
433 1207 676 1254 videatur,
709 1221 812 1246 eam
841 1216 894 1246 ut
934 1217 1153 1255 accuset,
1183 1210 1374 1255 deinde,
1404 1209 1492 1246 illa
1532 1210 1587 1246 ab
1601 1221 1737 1259 roga-

282 1272 342 1314 ta,
373 1274 423 1305 ut
463 1268 569 1319 ipse
607 1269 749 1307 aliam
790 1271 1075 1316 substituat,
1104 1284 1191 1309 vos
1221 1284 1331 1308 vero
1358 1271 1595 1320 potiorem
1623 1261 1736 1321 pra}-

280 1327 477 1367 feratis.
534 1329 619 1368 Nec
634 1330 735 1367 enim
757 1331 865 1376 Solo,
887 1345 910 1369 a
930 1345 1007 1382 quo
1026 1332 1113 1369 haec
1127 1331 1370 1369 ferendarum
1391 1331 1520 1382 legum
1537 1331 1632 1368 ratio
1649 1344 1737 1382 pro-

282 1390 410 1441 posita
427 1397 500 1436 est,
516 1391 668 1428 censuit
687 1392 873 1436 sexviros,
895 1393 961 1441 qui
992 1392 1124 1441 legum
1155 1392 1278 1441 gratia
1309 1391 1405 1428 forte
1433 1397 1623 1436 creantur,
1642 1392 1738 1429 inire

280 1451 549 1502 magistratum
570 1459 759 1502 oportere,
780 1466 857 1490 non
888 1452 993 1506 prius
1013 1465 1127 1502 quam
1150 1452 1209 1489 bis
1235 1452 1386 1502 probati
1414 1459 1557 1497 essent,
1577 1465 1664 1490 cum
1697 1452 1736 1490 in

284 1511 444 1559 Senatu,
463 1518 545 1550 tum
563 1512 666 1564 apud
687 1526 755 1551 vos
771 1513 993 1564 injudicio:
1023 1513 1129 1564 leges
1143 1525 1237 1551 vero
1256 1513 1374 1564 ipsas,
1388 1513 1437 1550 ad
1458 1526 1616 1564 quarum
1636 1527 1735 1564 prae-

283 1573 480 1625 scriptum,
502 1580 542 1612 et
561 1575 615 1612 eis
643 1574 910 1625 magistratum
938 1588 1083 1624 gerere,
1114 1581 1153 1612 et
1185 1574 1267 1613 aliis
1297 1576 1337 1612 in
1370 1575 1569 1626 republica
1597 1576 1738 1613 versari

281 1636 474 1681 convenit,
497 1642 642 1674 temere
673 1649 717 1673 ac
748 1636 903 1674 fortuito
934 1637 1047 1682 latas,
1075 1636 1300 1688 priusquam
1329 1637 1606 1682 examinentur,
1635 1643 1737 1675 ratas

282 1710 366 1735 esse
383 1704 573 1749 oportere.
631 1697 733 1736 Nam
761 1698 833 1735 illis
862 1698 1098 1749 temporibus
1117 1698 1203 1735 haec
1225 1697 1320 1736 ratio
1347 1705 1451 1735 erat:
1481 1704 1524 1735 ut
1541 1698 1628 1735 latis
1647 1704 1737 1735 ante

278 1757 430 1809 legibus
457 1766 670 1805 uterentur,
689 1771 810 1797 novas
830 1772 922 1797 vero
947 1759 1074 1797 nullas
1094 1760 1248 1798 ferrent.
1305 1759 1517 1808 Postquam
1536 1771 1628 1796 vero
1654 1759 1738 1808 qui·

282 1819 370 1858 dam
390 1834 410 1858 e
429 1821 731 1871 magistratibus,
753 1821 818 1872 qui
849 1834 1011 1871 magnas
1045 1834 1136 1872 opes
1166 1821 1374 1866 habebant,
1408 1826 1451 1857 ut
1479 1832 1553 1870 ego
1579 1819 1736 1869 quidem

280 1880 410 1927 audio,
426 1881 681 1932 perfecerunt,
698 1889 742 1919 ut
759 1882 865 1934 leges
886 1882 957 1919 sibi
978 1881 1075 1919 ferre
1097 1879 1242 1926 liceret,
1257 1879 1568 1930 quandocunque
1581 1887 1621 1918 et
1638 1893 1734 1930 quo-

279 1954 431 1993 cunque
451 1943 566 1981 modo
582 1943 728 1981 libitum
745 1949 851 1981 esset
866 1956 874 1980 :
906 1949 964 1980 tot
982 1941 1081 1978 inter
1096 1954 1136 1978 se
1153 1941 1353 1978 contrariae
1369 1941 1476 1991 leges
1492 1941 1735 1987 exstiterunt,

279 2011 322 2040 ut
341 2009 408 2041 vos
427 2003 603 2055 deligatis
622 2004 785 2054 aliquos,
813 2004 877 2054 qui
904 2004 988 2053 jam
1006 2002 1072 2039 diu
1091 2002 1185 2039 nihil
1207 2002 1311 2039 aliud
1336 2009 1471 2052 agunt,
1490 2002 1564 2039 nisi
1582 2008 1626 2040 ut
1644 2015 1736 2041 con-

276 2065 410 2103 trarias
431 2065 609 2116 seligant,
623 2073 662 2103 et
680 2066 734 2103 rei
753 2065 868 2113 hujus
883 2064 1004 2101 nihilo
1024 2070 1154 2102 tamen
1178 2063 1301 2114 magis
1322 2064 1451 2101 exitus
1471 2062 1607 2113 aliquis
1625 2077 1735 2115 repe-

277 2127 396 2172 ritur;
427 2141 552 2179 neque
571 2127 775 2178 quicquam
796 2139 954 2178 prorsus
974 2139 997 2163 a
1017 2124 1362 2164 senatusconsultis
1396 2124 1504 2176 leges
1537 2124 1732 2171 differunt,

277 2189 375 2227 adeo
395 2197 438 2226 ut
456 2190 578 2240 leges,
601 2189 651 2226 ad
670 2200 833 2240 quarum
852 2188 1122 2239 praescriptum
1154 2186 1494 2225 senatusconsulta
1525 2186 1638 2224 scribi
1666 2187 1734 2225 de-

277 2252 380 2297 bent,
401 2251 489 2302 ipsis
510 2250 858 2290 senatusconsultis
885 2250 961 2288 sint
980 2250 1225 2288 recentiores.
1277 2248 1334 2287 Ut
1351 2247 1468 2298 igitur
1487 2259 1565 2285 non
1582 2252 1732 2286 tantum

278 2314 393 2350 verba
412 2312 584 2357 afferam,
604 2312 675 2350 sed
706 2311 832 2363 legem
858 2311 996 2363 ipsam,
1019 2312 1067 2350 de
1086 2324 1163 2362 qua
1182 2311 1329 2361 loquor,
1349 2308 1566 2347 ostendam.
1625 2309 1732 2361 Cape

276 2371 417 2424 legem,
438 2387 513 2425 qua
528 2374 723 2425 quondam
743 2373 1019 2424 legumlatores
1038 2372 1388 2412 constituebantur.
1447 2370 1597 2409 Recita.

949 2516 1064 2554 LEX.

326 2622 392 2657 21.
423 2619 654 2671 Intelligitis‚
682 2620 950 2666 Athenienses,
971 2631 1047 2670 quo
1068 2624 1195 2669 pacto,
1218 2624 1261 2656 et
1274 2629 1390 2669 quam
1415 2616 1602 2668 praeclare
1619 2615 1728 2667 leges

274 2683 371 2720 ferre
402 2681 494 2720 Solo
522 2682 680 2734 jubeat:
710 2681 873 2732 primum
901 2680 1005 2732 apud
1032 2693 1113 2725 vos,
1149 2680 1212 2731 qui
1240 2680 1360 2730 jurati
1390 2680 1492 2725 estis,
1513 2677 1615 2730 apud
1634 2691 1729 2729 quos

273 2743 388 2781 etiam
408 2743 481 2781 alia
501 2744 788 2789 confirmantur,
807 2742 946 2780 deinde
963 2741 1161 2780 contrariis
1176 2741 1329 2791 legibus
1345 2739 1565 2790 abrogatis:
1594 2745 1637 2776 ut
1651 2739 1729 2776 sin·

273 2805 373 2855 gulis
405 2806 454 2844 de
486 2808 600 2845 rebus
629 2806 737 2858 leges
767 2805 930 2856 singulae
965 2804 1052 2848 sint,
1088 2817 1212 2855 neque
1249 2803 1424 2842 homines
1457 2802 1655 2854 imperitos
1686 2801 1726 2839 id

269 2867 409 2912 turbet,
430 2874 468 2905 et
487 2868 630 2907 efficiat
659 2875 701 2906 ut
731 2867 916 2906 deteriore
944 2866 1168 2905 conditione
1200 2866 1278 2904 sint
1305 2864 1506 2916 quamqui
1532 2864 1726 2902 universas
