1923 3149
474 306 678 344 LIBANII
711 306 1116 345 ARGUMENTUM
1147 306 1204 344 IN
1234 304 1639 343 OLYNTHIACAM

753 383 973 421 PRIMAM
996 381 1350 433 (SECUNDAM).

375 474 609 506 AnmrssnAnr
628 475 809 515 legationem
835 475 1049 516 Olyntltiorum
1074 475 1331 509 Atlienicnses,et
1354 473 1470 503 auxilia
1493 472 1537 503 eis
1557 473 1771 503 decreverant:

333 526 386 556 sed
405 526 628 565 expeditionem
649 526 825 556 differt-ntes
848 537 912 561 eos,
937 536 971 556 ac
998 527 1176 566 Philippum
1201 532 1342 566 tanquam
1366 523 1520 554 difficilem
1535 527 1712 563 expugnatu
1727 532 1773 553 re-

333 576 538 612 formidantes,
555 576 778 606 Demosthenes
805 586 980 616 progrcssus
997 577 1172 606 confirmare
1199 576 1319 611 studet;
1342 579 1433 614 atque
1454 574 1598 608 ostendit,
1613 583 1703 613 quam
1725 572 1773 602 in·

333 628 424 658 firmae
439 627 499 657 sint
510 637 584 668 opes
594 627 794 658 Macedonis:
820 638 888 657 nam
904 634 935 657 et
950 628 1038 656 sociis
1054 638 1123 656 cum
1137 632 1310 667 suspectum
1325 635 1391 656 esse
1403 625 1457 661 ait,
1471 630 1503 655 et
1513 623 1576 655 suis
1590 623 1704 654 viribus
1717 633 1771 664 pa-

330 689 394 709 rum
408 679 518 714 valere,
534 688 601 710 cum
618 678 808 709 Macedones
823 688 876 718 per
892 689 924 708 sc
941 678 1048 707 infirmi
1065 677 1136 708 sint.

761 930 1337 986 DEMOSTHENIS

609 1054 1233 1106 OLYNTHIACA
1299 1054 1489 1117 101).

387 1165 420 1202 1.
451 1163 550 1202 CUM
571 1163 698 1201 multis
718 1176 765 1201 ex
785 1163 908 1207 rebus,
922 1160 1366 1212 Athenienses,perspici
1381 1160 1471 1197 mihi
1489 1172 1602 1210 posse
1621 1159 1772 1199 videtur

330 1224 485 1262 deorum
502 1224 769 1261 immortalium
786 1222 1054 1261 benevolentia
1068 1221 1262 1259 declarata
1277 1234 1367 1271 erga
1382 1222 1470 1258 lzcmc
1482 1221 1770 1271 rempublicam,

328 1291 408 1323 tum
425 1298 512 1323 vero
531 1285 691 1323 maxime
716 1297 761 1321 ex
779 1284 957 1335 proesenti
978 1296 1102 1320 rerum
1119 1289 1220 1320 statu
1236 1296 1245 1320 t
1283 1282 1385 1332 quod
1403 1282 1503 1319 enim
1526 1283 1658 1320 hostes
1678 1282 1770 1320 Phi-

326 1345 420 1396 lippi
441 1346 652 1384 exstiterint
671 1345 708 1391 ii,
727 1345 791 1396 qui
821 1351 860 1382 et
887 1344 1085 1382 finitimam
1113 1344 1147 1382 ei
1165 1344 1355 1394 regionem
1384 1350 1518 1381 tenent
1535 1349 1574 1380 et
1601 1344 1773 1394 potentia

328 1406 513 1444 nonnulla
530 1406 676 1457 praediti
702 1412 802 1451 sunt,
822 1411 860 1442 et
875 1404 978 1455 quod
996 1404 1165 1441 omnium
1185 1404 1388 1441 maximum
1405 1410 1477 1449 est,
1498 1403 1546 1441 de
1570 1403 1645 1442 hoc
1667 1404 1769 1442 bello

327 1465 380 1504 ita
396 1468 575 1512 sentiunt,
587 1473 630 1504 ut
641 1480 790 1505 omnem
805 1479 892 1516 quae
906 1478 990 1503 cum
1005 1465 1070 1502 illo
1084 1465 1150 1502 fiat
1163 1464 1522 1510 reconciliationem,
1535 1464 1697 1515 primum
1712 1465 1770 1502 in-

327 1527 456 1571 fidam,
472 1527 607 1565 deinde
626 1528 759 1577 patriae
784 1539 864 1563 suae
886 1525 1122 1563 eversionem
1142 1537 1227 1563 esse
1248 1531 1400 1575 putent,
1415 1525 1635 1562 admirabile
1647 1525 1770 1576 quod-

327 1586 413 1624 dam
435 1600 478 1624 ac
504 1587 671 1624 divinum
698 1599 851 1637 prorsus
869 1585 1097 1623 beneficium
1117 1598 1200 1623 esse
1218 1585 1379 1622 videtur.
1436 1585 1540 1622 Illud
1560 1585 1769 1636 igiturjam

325 1649 603 1699 providendum
623 1649 705 1694 erit,
723 1648 991 1692 Athenienses,
1011 1660 1058 1684 ne
1077 1647 1146 1698 ipsi
1163 1647 1211 1684 de
1230 1647 1340 1684 nobis
1359 1647 1470 1698 pejus
1486 1647 1636 1693 mereri,
1653 1659 1770 1697 quam

325 1710 491 1755 fortuna,
523 1709 740 1751 videamur;
771 1721 859 1746 nam
889 1715 1010 1758 turpe,
1042 1707 1117 1744 imo
1142 1706 1270 1758 potius
1301 1707 1469 1744 omnium
1507 1707 1770 1758 turpissimum

326 1770 451 1815 fuerit,
466 1782 542 1806 non
566 1769 676 1806 modo
697 1768 808 1805 urbes
828 1775 866 1806 et
884 1768 983 1813 loca,
1005 1781 1090 1818 quae
1105 1767 1313 1818 aliquando
1333 1767 1540 1813 tenuimus,
1561 1767 1684 1818 palam
1702 1768 1770 1806 ab-

320 1828 452 1879 jicere,
473 1842 600 1866 verum
615 1829 728 1866 etiam
749 1842 771 1866 a
789 1828 942 1866 fortuna
961 1835 1201 1879 comparatos
1220 1834 1258 1866 et
1274 1829 1396 1866 socios
1417 1834 1455 1866 et
1471 1828 1709 1867 occasiones.

380 1891 418 1928 2.
450 1890 511 1927 Ac
526 1889 691 1940 Philippi
707 1889 858 1939 quidem
871 1890 969 1927 vires
990 1902 1202 1935 recensere,
1227 1889 1502 1934 Athenienses,
1523 1896 1561 1927 et
1580 1889 1770 1940 ejusmodi

327 1951 494 1988 oratione
527 1951 574 1988 ad
599 1950 763 1987 officium
786 1949 1001 1987 faciendum
1022 1962 1089 1987 vos
1109 1950 1311 1995 exhortari,
1340 1962 1417 1987 non
1448 1949 1664 1987 consultum
1685 1963 1769 1988 esse

325 2011 511 2051 existimo.
568 2011 845 2056 Quamobrem?
875 2011 962 2061 quia
979 2010 1159 2061 quicquid
1176 2024 1220 2048 ea
1235 2010 1283 2048 de
1301 2024 1339 2048 re
1355 2010 1507 2057 dixeris,
1526 2010 1577 2055 id,
1598 2017 1640 2048 ut
1651 2011 1684 2048 ei
1700 2011 1770 2048 ali-

325 2072 418 2121 quid
438 2071 567 2109 afferre
585 2072 725 2117 laudis,
749 2072 802 2109 sic
822 2072 931 2109 nobis
951 2084 1011 2109 res
1032 2084 1106 2109 non
1122 2071 1304 2122 praeclare
1324 2071 1608 2109 administratas
1633 2085 1769 2123 expro,

325 2132 433 2170 brare
454 2132 614 2170 videtur.
671 2133 757 2176 Quo
778 2133 876 2170 enim
892 2133 923 2169 is
939 2132 1049 2183 plura
1069 2145 1184 2184 supra
1198 2132 1423 2183 dignitatem
1442 2145 1549 2170 suam
1570 2133 1702 2183 gessit,
1721 2146 1769 2170 eo

326 2193 580 2231 admirabilior
604 2193 706 2244 apud
740 2206 871 2231 omnes
897 2193 1080 2235 habetur:
1110 2206 1193 2238 vos,
1213 2201 1356 2243 quanto
1376 2192 1542 2230 deterius
1565 2205 1681 2243 quam
1701 2193 1769 2231 deq

324 2261 456 2291 cucrat
471 2253 529 2291 usi
550 2255 661 2292 rebus
679 2254 900 2299 estis‚tanto
921 2254 1100 2305 majorem
1119 2253 1362 2304 ignominiam
1381 2253 1614 2305 suscepistis.
1671 2253 1769 2292 Haec

326 2313 438 2364 igitur
458 2314 640 2352 omittam.
685 2315 834 2353 Etenim
863 2315 893 2352 si
923 2315 1006 2365 quis
1027 2328 1113 2353 vere
1141 2314 1368 2360 consideret,
1389 2314 1657 2360 Athenienses,
1676 2315 1768 2354 hinc

325 2388 411 2412 eum
431 2375 558 2412 videat
578 2388 757 2425 magnum
785 2388 867 2413 esse
887 2375 1042 2420 sactum,
1062 2387 1140 2412 non
1173 2388 1196 2412 a
1225 2375 1451 2425 semetipso:
1490 2376 1648 2426 proinde
1671 2389 1769 2426 quas

324 2434 388 2472 ille
408 2448 464 2472 res
484 2443 659 2486 acceptas
685 2435 727 2473 iis
747 2436 882 2473 referre
908 2436 1061 2482 debeat,
1082 2436 1145 2486 qni
1165 2449 1211 2472 ex
1239 2436 1320 2487 ejus
1340 2436 1541 2473 commodo
1561 2437 1768 2487 rempubli-

327 2508 410 2533 cam
433 2496 755 2540 administrarant,
776 2504 814 2533 ct
846 2509 1004 2546 quarum
1038 2510 1104 2533 vos
1133 2510 1267 2546 ptr-nas
1288 2503 1462 2546 oporteat
1481 2510 1644 2543 sumere,
1663 2510 1768 2536 nunc

325 2570 402 2593 non
416 2570 499 2594 csso
516 2556 626 2593 video
643 2557 819 2594 narrandi
838 2557 979 2594 locum.
1036 2559 1132 2598 Quae
1152 2564 1278 2595 autem
1299 2557 1412 2594 etiam
1428 2565 1565 2608 praeter
1579 2558 1662 2596 haec
1677 2558 1769 2596 licet

325 2622 364 2653 et
382 2617 488 2654 vobis
507 2617 682 2655 omnibus
703 2618 941 2655 utilissimum
963 2617 1012 2655 sit
1038 2618 1183 2662 audire,
1204 2624 1242 2655 ct
1260 2631 1412 2668 magno,
1431 2618 1770 2663 Athenienses,illi

327 2690 410 2715 csse.
424 2679 559 2728 probro
574 2678 787 2724 videantur,
803 2679 908 2728 siqui
924 2687 1025 2716 recto
1045 2679 1233 2715 restim-are
1248 2678 1377 2723 velint,
1392 2692 1437 2716 eu
1450 2680 1576 2716 dicere
1587 2679 1767 2716 conabor.

381 2741 416 2775 3.
449 2739 542 2775 Eum
565 2739 676 2787 igitur
695 2739 886 2789 perjurum
908 2746 945 2776 ct
966 2739 1149 2789 pertidum
1170 2752 1321 2783 vocare,
1343 2739 1422 2776 sine
1444 2739 1767 2778 demonstratione

328 2797 550 2845 facinorum,
570 2800 786 2838 convicium
803 2814 886 2838 csse
907 2800 1015 2839 inane
1035 2799 1155 2850 quivis
1171 2800 1254 2850 jure
1282 2800 1412 2838 dicat:
1442 2813 1528 2851 quae
1542 2806 1672 2838 autem
1696 2813 1767 2838 un-
