1923 3149
541 174 768 212 CONTRA
799 172 1256 211 ARISTOGlTONEM
1290 175 1318 212 1.
1575 176 1650 211 457

202 281 327 313 autem
356 276 515 324 civibus,
544 286 587 317 ut
615 279 860 317 maledictum
881 278 929 316 ad
961 290 1073 328 quarn
1095 279 1347 330 paucissimos
1368 279 1570 329 pertineat,
1591 277 1651 315 di-

203 335 405 385 scipulum,
426 347 491 376 aut
512 340 540 376 si
562 341 690 385 vultis,
719 341 915 377 doctorem
946 339 1041 389 erS,
1064 339 1321 376 Philocratem
1350 339 1585 377 Eleusinium
1607 339 1652 376 il-

200 394 293 440 lum,
314 399 434 436 solum
457 401 570 437 talem
592 414 675 439 esse
691 408 826 438 statuo.
858 401 946 437 Non
965 399 1056 449 quin
1076 399 1205 449 plures
1226 401 1517 445 siim—utinam
1546 402 1649 439 enim

199 470 312 495 nemo
342 460 438 497 alius
462 461 726 512 Aristogitone
747 461 1069 504 delectaretur-,
1094 459 1163 496 sed
1183 460 1273 509 quia
1303 460 1340 496 in
1373 473 1432 505 eo,
1460 461 1576 511 quod,
1609 468 1652 499 ut

198 518 307 556 vobis
328 522 662 567 contumeliosum,
679 522 805 560 dicere
820 534 966 566 vereor,
986 533 1110 570 neque
1129 520 1223 558 alios
1243 533 1265 557 a
1280 533 1339 557 me
1355 521 1457 558 cives
1477 522 1652 560 accusari

201 579 355 628 publice
378 581 505 620 decet.
541 583 693 620 Deinde
715 582 813 619 idem
835 581 976 619 efficiet
994 581 1107 618 etiam
1138 581 1173 617 in
1197 594 1316 618 unum
1346 581 1492 619 directa
1519 582 1652 620 oratio.

200 640 257 677 Ac
278 642 380 690 quali
402 656 487 679 eum
509 657 594 681 esse
615 644 817 694 praeditum
839 643 993 693 ingenio
1022 655 1183 680 necesse
1214 643 1276 687 sit,
1306 642 1369 692 qui
1390 642 1653 693 Aristogitone

200 701 382 749 gaudeat,
408 703 585 740 subtilius
605 704 796 753 inquirere
816 703 1004 749 omittam,
1031 717 1079 741 ne
1101 703 1229 741 multis
1250 703 1305 739 uti
1326 703 1538 741 maledictis
1563 703 1653 740 mihi

200 762 250 799 sit
268 776 447 801 necesse:
479 764 571 802 illud
592 772 718 802 autem
739 765 839 810 dico,
869 765 900 802 si
920 765 1113 815 improbus
1133 771 1192 802 est
1209 763 1436 815 Aristogito,
1458 765 1539 802 sine
1559 777 1653 802 con-

197 823 394 869 troversia,
415 832 454 862 et
474 826 648 872 acerbus,
674 833 712 863 et
737 826 1007 870 calumniator,
1035 832 1074 862 et
1094 824 1179 862 talis
1199 825 1350 874 qualem
1373 838 1414 862 se
1439 838 1520 864 esse
1539 826 1654 876 polli-

198 890 318 930 cetur,
347 885 500 936 largior,
519 887 694 924 concedo
716 887 795 933 tibi,
815 887 1070 931 Philocrates,
1093 885 1180 922 talis
1200 898 1287 923 cum
1310 886 1376 932 sis,
1407 887 1462 923 tui
1491 887 1653 924 similem

197 951 242 982 ut
261 945 468 989 defendas:
491 961 578 985 narn
597 948 627 985 si
647 948 779 998 reliqui
800 948 901 985 cives
921 961 1068 991 omnes,
1087 953 1125 984 et
1142 947 1195 984 ita
1215 953 1307 984 sunt
1325 946 1463 992 affecti,
1477 954 1522 984 ut
1541 959 1652 998 opor-

199 1011 266 1048 tet,
300 1013 340 1044 et
373 1008 477 1057 leges
510 1010 729 1054 observant,
762 1009 855 1046 nihil
895 1009 995 1046 istud
1031 1007 1251 1059 reipublicae
1281 1007 1654 1046 incommodaturum

200 1067 382 1105 arbitror:
418 1069 475 1105 sin
505 1082 629 1120 caupo
661 1076 721 1107 est
750 1069 1018 1120 improbitatiS‚
1047 1074 1085 1105 et
1112 1081 1252 1118 mango
1287 1068 1582 1116 sordidissimus,
1615 1077 1654 1107 et

197 1128 369 1177 propola,
387 1136 426 1166 et
443 1143 489 1167 ea
509 1143 595 1179 quae
616 1143 785 1179 unquam
806 1130 897 1181 egit,
918 1136 1065 1167 tantum
1092 1142 1169 1166 non
1198 1136 1345 1167 statera
1363 1136 1401 1167 et
1420 1129 1653 1179 ponderibus

201 1188 380 1227 adhibitis
396 1191 582 1237 vendidit,
607 1191 699 1241 quid
719 1190 846 1236 istum,
862 1204 884 1228 o
904 1191 1044 1240 inepte,
1065 1189 1197 1227 acuis?
1229 1190 1366 1240 Neque
1385 1191 1485 1228 enim
1504 1191 1655 1229 meher-

200 1249 286 1287 cule
311 1264 406 1288 coco
435 1252 538 1289 ullus
568 1265 662 1289 usus
691 1258 751 1289 est
779 1252 892 1290 cultri
924 1252 1083 1296 hebetis,
1119 1265 1244 1302 neque
1273 1252 1307 1290 ei
1328 1252 1393 1302 qui
1418 1265 1487 1303 per
1514 1266 1555 1290 se
1573 1253 1657 1290 vult

193 1311 356 1359 negotia
367 1312 520 1357 facessi,
535 1318 573 1349 et
589 1312 688 1349 mala
704 1313 785 1349 dari
803 1312 993 1357 omnibus,
1005 1313 1261 1350 calumniator
1275 1313 1500 1350 venditurus
1514 1313 1655 1360 omnia,

198 1372 404 1421 quicquam
419 1373 588 1423 prodest.
635 1373 769 1410 Talem
788 1381 916 1411 autem
933 1386 1016 1410 esse
1037 1373 1152 1410 istum
1173 1373 1306 1410 scienti
1320 1373 1540 1411 tibidicam.
1568 1374 1655 1411 Me-

201 1433 343 1469 ministi
369 1440 412 1470 ut
432 1434 700 1484 Hegemonem
720 1434 827 1471 laesae
857 1434 1071 1484 majestatis
1091 1447 1198 1471 reum
1214 1434 1362 1471 fecerit.
1394 1434 1446 1471 Ut
1466 1436 1514 1472 ab
1540 1447 1655 1472 aceu-

195 1493 323 1531 sando
345 1494 519 1531 Demade
538 1502 697 1544 accepta
711 1495 875 1545 pecunia
896 1494 1098 1532 destiterit.
1131 1495 1187 1532 Ut
1205 1494 1448 1545 Agathonem
1467 1495 1655 1532 olearium

199 1553 358 1591 missum
374 1554 520 1592 fecerit.
561 1555 662 1592 Cum
681 1554 782 1592 enim
803 1555 950 1592 dudum
972 1555 1185 1593 clamitaret
1205 1561 1244 1592 et
1257 1555 1542 1601 vociferaretur,
1558 1557 1657 1606 proh

198 1613 330 1652 divum
360 1620 474 1665 atque
501 1615 695 1663 hominum
716 1615 845 1662 fidem,
875 1622 912 1654 et
931 1629 1001 1666 pro
1020 1615 1207 1653 concione
1229 1615 1369 1652 coelum
1390 1623 1500 1652 terrae
1520 1616 1658 1655 misce-

198 1683 272 1723 ret,
293 1677 526 1726 quaestiones
545 1677 745 1715 habendas
775 1678 1003 1725 clamitaret,
1033 1683 1193 1727 accepta
1212 1689 1442 1726 quacunque
1466 1679 1657 1726 mercede,

201 1750 636 1788 quanquam-praesens,
666 1752 751 1775 cum
790 1738 822 1775 is
855 1738 1128 1782 absolveretur,
1162 1737 1364 1774 obmutuit.
1393 1737 1437 1774 In
1467 1751 1656 1777 accusan-

202 1799 253 1835 do
282 1798 467 1836 Democle
496 1799 769 1849 perduellionis
797 1811 876 1845 reo,
904 1798 1189 1836 accusationem
1210 1810 1286 1848 quo
1305 1798 1466 1848 rejecit?
1495 1799 1583 1837 Alia
1598 1801 1658 1837 in-

198 1859 309 1896 finita
337 1867 440 1903 sunt,
472 1872 633 1909 quorum
665 1859 756 1896 mihi
784 1859 1001 1897 meminisse
1030 1858 1208 1896 omnium·
1231 1858 1463 1896 laboriosum
1492 1866 1576 1897 est:
1619 1867 1657 1898 te

199 1926 326 1957 autem
346 1920 460 1957 etiarn
481 1921 657 1971 exempla
674 1920 821 1958 illarum
845 1920 1038 1958 actionum
1058 1919 1200 1958 habere
1228 1920 1322 1967 scio,
1345 1919 1409 1971 qui
1428 1920 1482 1959 illi
1501 1927 1658 1972 propter

199 1982 342 2032 praedae
362 1984 584 2021 societatem
604 1985 836 2022 subservias.

258 2044 320 2080 11.
350 2044 446 2086 Quis
473 2044 589 2093 igitur
607 2051 679 2090 est,
694 2045 758 2095 qui
779 2045 892 2082 talem
915 2044 1070 2083 tuetur?
1098 2046 1238 2091 bonus,
1259 2058 1307 2083 an
1323 2044 1478 2082 malus?
1507 2046 1656 2084 Malus.

199 2104 496 2145 Quamobrem?
526 2105 627 2142 Nam
648 2111 687 2142 et
709 2105 766 2142 sui
794 2105 973 2142 similium
993 2112 1053 2142 est
1067 2105 1252 2154 proditor,
1270 2112 1309 2142 et
1326 2107 1515 2143 bonorum
1536 2105 1658 2144 hostis

199 2173 337 2202 natura
357 2171 395 2201 et
416 2177 582 2215 genere:
612 2165 684 2202 nisi
701 2165 786 2215 quis
799 2164 1083 2202 calumniatoris
1104 2171 1143 2201 et
1162 2164 1325 2201 hominis
1347 2165 1509 2216 improbi
1525 2179 1658 2204 semen

201 2233 240 2263 et
259 2225 441 2271 radicem,
466 2233 510 2264 ut
527 2222 709 2276 agricola,
730 2225 984 2275 relinquenda
1004 2238 1089 2262 esse
1109 2232 1242 2263 censet
1260 2225 1407 2275 reipub.
1443 2226 1559 2269 Quod
1579 2240 1658 2264 non

197 2294 261 2324 est
288 2286 504 2333 honestum,
539 2286 807 2332 Athenienses,
842 2293 969 2336 atque,
1000 2286 1051 2323 ita
1074 2299 1135 2323 me
1163 2285 1214 2323 dii
1239 2293 1383 2332 ament,
1404 2287 1513 2325 nefas
1541 2289 1655 2325 etiam

202 2359 284 2384 esse
299 2347 487 2384 existimo.
509 2347 646 2397 Neque
659 2347 759 2384 enim
775 2347 938 2398 majores
954 2347 1062 2384 vobis
1082 2347 1152 2384 has
1172 2347 1297 2384 curias
1316 2347 1532 2386 aedificasse
1551 2355 1659 2399 puto,

203 2414 246 2444 ut
265 2407 369 2445 istud
392 2409 587 2446 hominum
616 2422 739 2459 genus
761 2408 798 2445 in
831 2410 886 2446 eis
917 2415 1100 2458 tanquam
1124 2408 1350 2446 viviradices
1381 2410 1660 2460 propagamus,

202 2467 274 2505 sed
294 2475 440 2514 eontra,
460 2476 502 2506 ut
520 2469 760 2514 coerceretis,
783 2476 823 2506 et
840 2469 1038 2520 puniretis,
1055 2481 1178 2519 neque
1199 2468 1402 2519 quisquam
1417 2471 1660 2508 aemularetur

203 2535 271 2566 aut
290 2535 487 2579 appeteret
517 2530 813 2581 improbitatem.
844 2530 1012 2567 Omnino
1033 2536 1158 2566 autem
1180 2529 1220 2567 id
1241 2537 1300 2567 est
1327 2530 1580 2581 improbitatis
1601 2532 1658 2568 in-

203 2590 372 2640 genium,
402 2596 446 2627 ut
468 2590 548 2627 sine
572 2591 721 2641 magnis
747 2590 902 2641 reprimi
927 2590 1221 2628 difficultatibus
1240 2591 1347 2628 haud
1367 2592 1502 2642 possit.
1558 2592 1658 2629 Cum

204 2651 303 2689 enim
325 2651 535 2700 Aristogito
553 2652 591 2688 in
610 2652 822 2690 manifestis
842 2651 987 2700 injuriis
1007 2658 1226 2698 accusetur,
1246 2658 1285 2689 et
1298 2665 1374 2689 non
1391 2651 1480 2688 olim
1495 2651 1660 2700 perierit,

203 2712 297 2763 quid
316 2711 538 2749 faciendum
559 2719 631 2757 est,
652 2719 720 2749 aut
741 2711 975 2750 dicendum?
1031 2712 1106 2754 Qui
1125 2726 1170 2750 eo
1192 2712 1295 2750 venit
1324 2711 1591 2762 improbitatis,
1617 2720 1661 2753 ut

198 2774 282 2824 jam
302 2780 525 2817 accusatus,
545 2773 754 2818 clamitare,
773 2773 1015 2819 calumniari,
1033 2773 1199 2811 minitari
1219 2785 1297 2810 non
1315 2771 1534 2811 desisteret.
1566 2774 1661 2818 Qui-

192 2835 276 2871 ·bus
295 2833 395 2871 enim
416 2847 485 2870 vos
507 2846 568 2870 res
589 2833 778 2871 maximas
797 2834 1014 2872 credebatis
1034 2834 1212 2879 ducibus,
1228 2833 1318 2883 quia
1336 2845 1511 2871 nummos
1530 2834 1563 2871 ei
1590 2848 1657 2885 po-

205 2894 360 2933 stulanti
390 2908 467 2932 non
495 2894 658 2942 dabant,
689 2894 743 2933 eis
774 2908 846 2934 nec
872 2895 1005 2933 fimeta
1032 2893 1311 2935 committenda
1329 2906 1416 2933 esse
1435 2893 1636 2935 dictitabat

936 2957 957 2992 3
991 2969 1014 2993 N
