1923 3149
272 162 348 200 232
596 159 669 197 DE
701 159 848 197 MALE
879 157 1049 196 GESTA
1075 156 1410 194 LEGATIONE,

268 270 426 306 sterent,
441 262 728 313 exspectatione
744 262 823 312 spei
839 275 903 312 pcr
920 274 986 298 vos
1007 261 1077 297 sibi
1093 260 1216 305 factae,
1229 259 1297 297 sed
1313 259 1578 310 desperatione
1592 258 1714 303 fracti.

270 336 405 362 omnes
426 324 658 362 deditionem
679 325 864 361 facerent.
913 323 991 360 Sed
1019 322 1140 358 recita
1165 321 1219 358 eis
1249 321 1351 371 ipsas
1377 320 1541 371 Philippi
1572 320 1713 357 literas.

884 416 1108 453 LITERAE.

268 493 327 530 Ac
354 493 472 531 literae
491 487 646 544 quidem
668 494 727 531 hae
747 501 901 539 vocant,
933 501 1046 544 atque
1078 493 1174 530 adeo
1197 492 1340 530 statim.
1397 492 1497 529 Istos
1525 498 1666 536 autem,
1687 490 1720 528 si

269 554 363 603 quid
384 554 540 592 istorum
559 569 687 592 verum
705 556 968 606 sincerumque
989 555 1139 599 fuisset,
1161 554 1253 603 quid
1268 553 1462 591 decuisset
1482 553 1583 589 aliud
1603 564 1719 602 quam

268 615 481 665 suffragari,
499 623 541 653 ut
558 616 688 666 copias
705 616 934 664 educemus,
955 624 993 654 et
1010 617 1230 660 decernere,
1251 622 1294 652 ut
1314 614 1524 657 Proxenus,
1547 626 1660 662 quem
1681 612 1721 649 in

271 676 344 713 illis
361 677 453 714 locis
473 690 559 714 esse
579 684 730 729 norant,
746 678 870 714 statim
888 690 998 728 opem
1016 676 1158 714 ferret?
1187 689 1318 713 verum
1333 676 1460 713 onmia
1474 675 1531 711 his
1547 688 1612 711 eos
1629 687 1720 712 con-

269 736 385 773 traria
405 737 542 774 fecisse
563 744 726 782 constat,
747 750 818 775 nec
838 739 906 774 abs
927 752 978 775 re.
1006 737 1111 774 Nihil
1136 737 1237 775 enim
1265 737 1348 787 ejus
1376 736 1502 773 literas
1522 737 1721 780 curabant,

267 797 334 834 sed
352 810 427 847 quo
441 810 506 835 eas
525 797 684 836 consilio
698 798 929 849 scripsisset,
946 805 1096 837 norant.
1130 798 1175 836 Id
1196 798 1311 848 igitur
1330 797 1578 847 adjuvabant,
1594 804 1631 834 et
1652 796 1719 833 de·

268 858 494 897 fendebant.

326 920 388 956 19.
419 919 641 958 Phocenses
662 927 804 967 autem,
819 928 862 958 ut
876 922 968 970 quid
984 922 1084 972 apud
1105 935 1173 958 vos
1194 928 1322 958 actum
1339 926 1441 957 esset
1465 920 1502 955 in
1519 919 1718 961 concione,

268 980 483 1027 audierunt,
501 989 538 1019 et
561 982 757 1019 decretum
777 983 872 1018 illud
892 982 1118 1018 Philocratis
1140 987 1386 1030 acceperunt,
1407 986 1446 1016 et
1466 978 1720 1016 renunciatio-

268 1053 356 1077 nem
372 1041 481 1078 istius
502 1048 541 1078 et
554 1041 866 1091 pollicitationes,
883 1041 1007 1078 modis
1025 1041 1199 1078 omnibus
1219 1041 1424 1091 perierunt.
1461 1039 1574 1082 Quod
1597 1039 1648 1076 ita
1664 1039 1720 1075 in-

267 1101 462 1151 telligetis.
513 1102 688 1139 Fuerunt
718 1102 769 1139 ibi
797 1101 862 1151 qui
893 1101 1071 1152 Philippo
1101 1101 1332 1147 diffiderent,
1361 1100 1509 1138 cordati
1538 1100 1725 1137 homines.

268 1161 298 1198 Ii
313 1162 469 1200 adducti
485 1169 587 1206 sunt,
606 1170 648 1200 ut
666 1163 701 1200 ei
721 1162 837 1200 fidem
856 1162 1053 1200 haberent.
1086 1161 1374 1204 Quamobrem?
1404 1162 1504 1203 Quia
1518 1162 1720 1211 putabant,

267 1223 416 1260 etiamsi
436 1224 564 1262 decies
584 1224 656 1274 ipsi
677 1238 700 1262 a
719 1224 898 1274 Philippo
914 1224 1193 1275 deciperentur,
1211 1237 1404 1275 nunquam
1420 1230 1548 1261 tamen
1569 1223 1662 1268 fore,
1677 1230 1718 1260 ut

265 1284 557 1322 Atheniensium
577 1285 694 1336 legati
715 1286 972 1323 Athenienses
993 1286 1170 1336 decipere
1191 1286 1398 1329 auderent;
1429 1285 1498 1322 sed
1519 1298 1606 1322 vera
1628 1298 1714 1322 esse

267 1345 347 1391 illa,
366 1359 453 1395 quae
474 1346 543 1383 iste
564 1347 670 1383 vobis
686 1347 964 1391 renunciasset,
984 1355 1023 1384 et
1044 1347 1257 1398 Philippum
1276 1348 1312 1384 in
1333 1347 1616 1392 Thebanorum,
1642 1359 1720 1384 non

268 1406 307 1443 in
332 1407 500 1457 ipsorum
527 1407 654 1444 venire
678 1407 882 1446 excidium.
938 1408 1057 1445 Erant
1077 1408 1138 1445 alii
1156 1408 1324 1458 quidam,
1342 1408 1406 1457 qui
1426 1407 1576 1457 quidvis
1597 1407 1722 1457 perfe-

266 1467 440 1513 rendum,
464 1474 502 1505 et
521 1469 823 1518 propulsandam
850 1482 936 1506 esse
962 1469 1036 1506 vim
1065 1469 1353 1506 arbitrarentur.
1401 1469 1478 1506 Sed
1507 1476 1545 1505 et
1570 1469 1722 1505 illorum

269 1528 415 1566 animos
432 1529 548 1579 fregit
563 1529 763 1579 persuasio
783 1529 848 1566 illa
860 1530 907 1568 de
929 1530 1095 1580 Philippi
1116 1531 1294 1575 amicitia,
1316 1537 1354 1567 et
1374 1529 1612 1579 exspectatio
1631 1528 1722 1566 belli

267 1590 395 1635 vestrl,
417 1590 489 1627 nisi
504 1591 699 1634 fecissent,
717 1604 804 1629 cum
819 1591 871 1628 illi
892 1598 979 1629 ante
1000 1604 1021 1628 a
1036 1592 1141 1629 vobis
1160 1592 1343 1629 auxilium
1360 1598 1594 1642 sperassent.
1615 1591 1720 1633 Quin

268 1657 309 1687 et
332 1651 518 1701 poenitere
536 1665 604 1690 vos
624 1652 739 1690 factae
759 1666 846 1690 cum
876 1652 1054 1703 Philippo
1073 1653 1179 1704 pacis
1199 1655 1389 1704 putabant
1408 1653 1578 1702 quidam.
1614 1652 1665 1690 Iis
1684 1658 1722 1689 et

271 1711 321 1748 ad
343 1720 518 1761 posteros
542 1727 634 1759 'eam
663 1714 854 1764 pertinere
882 1727 1016 1764 pacem
1046 1715 1373 1758 demonstrarunt,
1393 1715 1527 1764 utjam
1554 1712 1724 1763 undique

269 1779 396 1809 vestra
420 1773 564 1809 auxilia
588 1783 719 1809 essent
747 1776 997 1822 desperanda.
1037 1776 1281 1827 Quapropter
1311 1776 1439 1813 omnia
1466 1788 1510 1812 ea
1536 1776 1573 1812 in
1604 1788 1721 1812 unum

270 1833 467 1871 decretum
496 1833 768 1884 conjecerunt;
811 1834 849 1870 in
880 1847 957 1883 quo
986 1836 1161 1884 injuriam
1188 1838 1296 1871 vobis
1322 1836 1491 1872 omnium
1520 1836 1723 1873 maximam

267 1895 406 1932 fecisse
426 1894 517 1931 mihi
538 1894 728 1931 videntur.
780 1894 881 1931 Nam
901 1908 988 1932 cum
1009 1895 1089 1932 viro
1117 1895 1280 1940 mortali,
1305 1903 1343 1933 et
1370 1904 1522 1947 propter
1548 1904 1721 1948 tempora

271 1955 446 2005 quaedam
476 1956 624 2005 potenti
642 1968 737 2006 pace
757 1955 961 1993 immortali
990 1955 1247 2000 decernenda,
1279 1957 1422 2007 pacisci
1452 1958 1553 1995 urbis
1583 1972 1721 2010 oppro-

270 2016 407 2062 brium,
431 2022 469 2053 et
487 2016 649 2066 spoliare
671 2030 747 2054 non
768 2017 882 2054 modo
910 2017 1085 2061 aliorum,
1111 2018 1179 2055 sed
1205 2018 1319 2055 etiam
1340 2018 1503 2056 fortunoe
1528 2020 1723 2057 beneficiis

271 2077 557 2127 rempublicam,
576 2084 615 2115 et
634 2085 712 2115 tam
731 2078 869 2128 insigni
889 2078 942 2115 uti
963 2078 1219 2128 improbitate,
1239 2086 1282 2116 ut
1297 2092 1374 2117 non
1391 2093 1456 2117 eos
1475 2080 1587 2118 modo
1603 2080 1722 2118 Athe-

273 2140 440 2184 nienses,
454 2139 519 2189 qui
535 2152 636 2176 nunc
652 2140 831 2186 sunt‚sed
849 2139 933 2176 illos
948 2140 1062 2176 etiam
1080 2140 1143 2190 qui
1159 2140 1249 2178 olim
1263 2141 1470 2191 aliquando
1487 2141 1605 2178 futuri
1620 2148 1723 2187 sunt,

271 2214 403 2239 omnes
423 2201 566 2252 injuriis
595 2201 803 2247 affecerint,
818 2215 945 2239 nonne
974 2201 1257 2239 intolerandum
1278 2202 1365 2240 est?
1395 2203 1467 2239 hoc
1488 2203 1601 2252 igitur
1622 2215 1720 2239 nun-

270 2276 385 2312 quam
407 2263 623 2300 adscribere
643 2263 781 2300 deinde
794 2263 1072 2300 sustinuissetis
1087 2263 1135 2300 ad
1156 2276 1305 2314 pacem,
1323 2263 1461 2300 etiam
1496 2264 1723 2313 posteris,

272 2324 343 2361 nisi
371 2326 420 2361 ab
455 2324 639 2362 AEschine
667 2332 748 2361 tum
777 2324 941 2362 recitatis
965 2324 1303 2374 pollicitationibus
1337 2323 1557 2368 crederetis,
1584 2323 1722 2372 quibus

271 2385 356 2422 freti
374 2385 594 2422 Phocenses
623 2386 829 2435 perierunt.
880 2385 1092 2435 Siquidem,
1121 2385 1212 2422 dum
1234 2397 1274 2421 se
1300 2384 1467 2434 Philippi
1496 2383 1585 2421 fidei
1621 2397 1725 2422 com-

272 2447 442 2491 mittunt,
467 2453 505 2483 et
535 2446 632 2483 ultro
652 2446 705 2483 illi
734 2446 876 2496 oppida
895 2445 1065 2491 tradunt,
1098 2446 1225 2484 omnia
1254 2458 1383 2482 eorum
1412 2445 1615 2492 contraria,
1636 2457 1723 2495 quae

268 2507 332 2544 isti
352 2507 457 2545 vobis
478 2507 763 2553 renunciarant,
785 2514 876 2545 sunt
897 2507 1057 2558 experti.

325 2569 389 2605 20.
428 2568 477 2605 Ut
495 2576 620 2605 autem
641 2575 744 2605 certo
761 2569 903 2613 sciatis,
926 2569 1009 2606 haee
1029 2569 1080 2605 ita
1100 2575 1138 2606 et
1157 2575 1311 2619 propter
1327 2569 1421 2607 istos
1437 2569 1608 2620 periisse,
1627 2575 1722 2606 tem-

270 2642 363 2679 pora
381 2629 487 2666 vobis
508 2631 753 2679 computabo,
771 2630 909 2679 quibus
930 2629 1083 2680 singula
1095 2629 1197 2667 facta
1213 2638 1302 2668 sunt
1319 2643 1327 2667 :
1359 2644 1445 2681 quoe
1461 2643 1549 2668 vero
1564 2630 1723 2667 istorum

272 2690 406 2740 aliquis
428 2690 668 2732 inficiabitur,
692 2690 722 2726 is
744 2698 889 2740 surgat,
910 2699 951 2728 et
971 2691 1018 2728 ad
1038 2704 1160 2728 meam
1187 2704 1324 2741 aquam
1353 2692 1469 2730 dicat.
1508 2691 1588 2728 Pax
1607 2690 1723 2740 igitur

279 2764 361 2787 xix
387 2750 580 2788 Februarii
601 2750 703 2788 facta
723 2758 795 2796 est,
809 2764 965 2801 peregre
986 2759 1112 2789 autem
1134 2752 1326 2790 abfuimus
1342 2765 1410 2790 nos
1427 2752 1475 2790 ad
1489 2751 1725 2802 exigendum

265 2811 554 2861 jusjurandum,
575 2819 651 2849 tres
676 2819 880 2863 perpetuos
909 2825 1077 2856 menses;
1109 2826 1185 2863 quo
1206 2821 1287 2851 toto
1308 2821 1478 2864 tempore
1501 2813 1722 2850 Phocenses

273 2872 429 2910 suerunt
444 2873 667 2912 incolumes.
699 2874 732 2911 A
747 2873 937 2924 legatione
957 2875 1006 2912 ad
1021 2875 1528 2926 exigendumjusjurandum
1545 2880 1726 2925 suscepta
