1923 3149
338 139 407 175 114
808 137 1016 176 LITERAE
1046 137 1300 176 PHILIPPI.

330 253 432 277 nunc
453 252 540 277 vero
559 245 666 278 tanta
685 248 743 279 est
768 240 846 279 odii
868 242 981 279 vestri
1012 241 1049 277 in
1076 253 1133 278 me
1155 240 1359 285 acerbitas,
1379 245 1421 276 ut
1438 238 1485 277 de
1504 238 1672 276 ineunda
1689 250 1775 276 cum

331 314 378 339 eo
393 308 527 339 eontra
547 314 606 340 me
625 302 807 340 societate
828 303 965 352 agatis.
1007 302 1128 351 Atqui
1149 301 1238 338 olim
1258 307 1388 351 patres
1407 300 1538 345 vestri,
1555 306 1598 337 ut
1615 312 1689 350 ego
1708 313 1774 337 au-

330 361 410 407 dio,
429 361 679 400 Pisistratidis
697 363 842 401 crimini
862 362 1017 408 dabant,
1036 362 1140 412 quod
1162 361 1317 399 Persam
1344 361 1383 398 in
1412 360 1570 399 Graecos
1605 361 1776 398 adduce-

331 429 439 460 rent:
470 437 536 461 vos
568 436 656 461 vero
689 437 736 462 ca
763 425 887 462 facere
921 437 994 461 nou
1020 423 1152 475 pudet,
1183 424 1231 460 ob
1266 435 1353 472 quoe
1383 427 1565 472 tyrannos
1592 434 1776 466 accusare

331 484 528 522 solebatis.
582 478 604 494 ι

383 547 421 582 4.
451 546 553 588 Quin
590 554 728 598 prteter
764 548 839 586 alia
897 547 1032 586 ceretis
1060 547 1198 585 vestris
1230 545 1454 584 mandatum
1485 543 1701 590 inscribitis,
1731 549 1776 581 ut

331 606 458 644 Teren
484 614 522 645 et
554 607 856 658 Cersohleptem‚
877 608 981 658 quod
1010 609 1112 646 cives
1133 608 1386 645 Athenienses
1405 606 1492 652 sint,
1513 605 1684 642 Thraciae
1707 603 1775 653 do-

329 667 463 705 minari
484 668 618 705 sinam.
677 668 761 719 Ego
781 682 869 706 vero
895 669 1002 713 istos,
1019 682 1144 718 neque
1166 668 1289 719 pactis
1309 668 1357 706 de
1376 680 1470 719 pace
1489 666 1674 704 contineri
1697 677 1776 702 me-

329 728 420 765 mini
442 742 517 766 una
543 729 756 774 vobiscum,
777 743 901 780 neque
921 729 1110 767 columnis
1134 729 1351 780 inscriptos,
1373 741 1499 778 neque
1521 727 1776 764 Athenienses

329 802 437 827 esse:
459 790 550 840 quin
569 789 690 828 Teren
706 797 839 828 contra
851 804 918 827 vos
938 804 1088 828 mecum
1110 804 1215 828 arma
1234 791 1365 828 tulisse
1382 790 1453 826 scio
1468 805 1482 832 ,·
1515 796 1554 826 et
1576 786 1777 825 Cersoble-

327 857 448 900 ptem,
467 864 552 887 cum
574 851 667 889 meis
686 851 825 901 legatis
848 852 1005 893 seorsim
1020 852 1390 901 darejusjurandum
1411 857 1580 900 cuperet,
1599 863 1621 886 a
1639 848 1776 886 vestris

327 911 488 949 ducibus
508 912 624 950 fuisse
651 912 894 963 prohibitum,
913 911 978 962 qui
1010 925 1096 950 eum
1117 912 1409 950 Atheniensium
1435 911 1586 948 hostem
1605 909 1777 947 declara-

327 979 425 1010 rent.
482 973 622 1011 Verum
642 974 740 1011 istuc
763 973 956 1023 quomodo
977 986 1127 1024 aequum
1145 980 1212 1010 aut
1224 973 1373 1024 justum
1394 980 1466 1017 est,
1493 984 1580 1010 cum
1607 984 1628 1008 e
1651 985 1690 1009 re
1711 984 1776 1008 ve-

329 1039 409 1072 stra
429 1040 504 1079 est,
526 1047 612 1072 eum
634 1039 770 1072 vestrae
798 1031 903 1071 urbis
922 1032 1073 1071 hostem
1105 1034 1303 1071 nominare
1321 1047 1330 1076 ;
1362 1045 1449 1070 cum
1475 1044 1562 1070 vero
1591 1044 1653 1069 me
1672 1031 1777 1069 calu-

326 1095 461 1133 mniari
480 1096 608 1143 vultis,
637 1095 802 1134 eundem
824 1096 945 1133 civem
965 1101 1133 1132 vestrum
1155 1093 1358 1132 dictitare?
1397 1100 1436 1131 et
1465 1093 1609 1131 Sitalce
1630 1092 1777 1139 occiso,

326 1168 441 1206 quem
470 1155 624 1194 civitate
656 1156 911 1201 donaveratis‚
933 1156 1060 1194 statim
1092 1158 1173 1203 ejus
1201 1155 1481 1193 interfectorem
1512 1155 1550 1192 in
1571 1155 1777 1192 amicitiam

325 1217 496 1268 recipere
511 1231 521 1261 ;
551 1223 708 1268 propter
728 1217 1019 1267 Cersobleptem
1035 1223 1163 1254 autem
1179 1216 1322 1254 bellum
1337 1215 1537 1253 nobiscum
1553 1214 1777 1266 suscipere?

325 1278 541 1329 praesertim
562 1291 648 1316 cum
669 1279 777 1315 vobis
798 1277 1039 1328 exploratum
1061 1277 1123 1324 sit,
1140 1276 1330 1315 neminem
1346 1290 1476 1315 eorum
1497 1274 1562 1328 qui
1580 1278 1674 1315 talia
1692 1286 1778 1314 rnu-

324 1351 418 1378 nera
432 1340 637 1391 accipiunt,
652 1340 712 1377 vel
725 1340 831 1391 leges
844 1339 904 1377 vel
920 1339 1075 1377 decreta
1088 1345 1214 1377 vestra
1233 1339 1439 1389 quicquam
1452 1352 1586 1377 curare
1603 1353 1612 1377 :
1632 1351 1777 1384 verum,

325 1402 358 1439 si
378 1402 530 1439 omissis
550 1400 697 1440 caeteris
730 1401 920 1446 omnibus,
951 1399 1115 1438 breviter
1147 1401 1354 1438 dicendum
1381 1407 1453 1446 est,
1485 1413 1551 1438 vos
1584 1399 1777 1438 civitatem

324 1463 487 1502 dedistis
511 1464 696 1514 Evagorae
717 1462 873 1514 Cyprio,
893 1470 931 1500 et
951 1462 1139 1514 Dionysio
1159 1463 1379 1514 SyracusiO,
1394 1475 1439 1500 ac
1454 1462 1616 1514 posteris
1632 1476 1778 1501 eorum.

327 1526 368 1563 Si
386 1526 503 1576 igitur
515 1526 575 1563 his
595 1525 659 1575 qui
680 1531 862 1574 utrosque
877 1527 1071 1573 ejecerunt
1083 1524 1358 1574 persuaserstis,
1371 1531 1416 1562 ut
1426 1523 1524 1562 actis
1540 1524 1578 1561 in
1598 1524 1777 1562 exsilium

323 1585 483 1637 imperia
501 1586 717 1631 restituant,
748 1599 770 1623 a
802 1598 862 1623 me
890 1598 1042 1635 quoque
1071 1585 1175 1622 illam
1195 1585 1368 1622 Thraciae
1399 1592 1547 1636 partem
1572 1597 1776 1636 recupera-

324 1648 412 1686 bitis
433 1661 597 1693 omnem,
619 1660 733 1698 quam
756 1646 879 1684 Teres
906 1653 946 1684 et
979 1647 1252 1698 Cersobleptes
1281 1653 1501 1686 tenuerunt.
1557 1647 1610 1684 At
1638 1647 1777 1685 sicum

325 1709 539 1749 victoribus
566 1723 699 1747 eorum
732 1721 780 1746 ne
817 1708 1146 1760 expostulandum
1176 1708 1330 1758 quidem
1358 1708 1465 1746 vobis
1490 1721 1575 1746 esse
1596 1709 1778 1755 censetis,

326 1771 418 1809 mihi
437 1784 527 1809 vero
553 1770 780 1820 obturbatis,
813 1783 941 1808 annon
958 1770 1044 1821 jure
1064 1769 1208 1820 optimo
1235 1782 1300 1806 vos
1319 1768 1486 1806 ulciscar
1504 1768 1519 1804 ?
1575 1769 1631 1806 Ac
1652 1769 1699 1807 de
1718 1769 1777 1808 his

326 1845 549 1884 quanquam
579 1831 690 1883 plura
718 1830 900 1869 haberem
927 1843 1013 1881 quae
1035 1843 1120 1868 vere
1141 1828 1323 1876 dicerem,
1343 1829 1628 1880 praeterinittere
1647 1838 1776 1869 tamen

327 1907 374 1932 ea
394 1894 523 1932 statui.

384 1957 422 1993 5.
453 1954 656 1994 Cardianis
677 1959 804 1993 autem
826 1968 886 1993 me
916 1953 1095 2005 opitulari
1125 1954 1318 2004 profiteor,
1355 1967 1442 1991 cum
1474 1953 1623 1991 illorum
1649 1954 1775 1993 socius

328 2023 416 2055 ante
437 2017 577 2054 factam
599 2029 730 2067 pacem
748 2016 898 2062 fuerim,
928 2023 968 2053 et
988 2029 1054 2053 vos
1075 2028 1179 2066 saepe
1205 2028 1228 2053 a
1259 2028 1333 2058 me,
1365 2028 1489 2065 neque
1522 2028 1606 2053 raro
1627 2017 1675 2054 ab
1701 2016 1776 2054 illis

326 2079 438 2124 orati,
456 2077 584 2116 venire
604 2077 642 2114 in
670 2077 858 2129 judicium
892 2077 1110 2115 nolueritis:
1141 2090 1269 2114 annon
1300 2077 1416 2127 igitur
1450 2090 1576 2115 essem
1606 2078 1776 2116 omnium

324 2138 523 2177 hominum
550 2139 820 2189 nequissimus,
855 2138 900 2185 si,
930 2138 1093 2176 desertis
1131 2138 1258 2184 sociis,
1285 2137 1399 2176 vestri
1432 2138 1559 2189 potius
1589 2140 1775 2178 rationem

323 2199 519 2245 haberem,
539 2200 603 2250 qui
624 2200 727 2237 omni
747 2199 864 2237 modo
891 2212 953 2238 me
981 2199 1144 2243 vexatis,
1181 2212 1295 2250 quam
1326 2212 1458 2237 eorum
1487 2200 1551 2250 qui
1570 2199 1660 2237 mihi
1681 2214 1774 2240 con-

325 2267 471 2299 stanter
501 2269 539 2298 et
567 2273 716 2311 semper
745 2260 856 2298 amici
883 2274 967 2298 esse
997 2260 1275 2313 perseverant?
1319 2260 1420 2305 Jam,
1443 2260 1473 2297 si
1504 2259 1579 2298 hoc
1617 2275 1774 2313 quoque

328 2328 544 2372 praetereun
560 2322 650 2359 dum
675 2335 750 2359 non
779 2327 851 2368 est,
875 2334 920 2360 eo
940 2321 1152 2360 insolentiae
1172 2321 1342 2366 venistis,
1373 2328 1417 2358 ut
1445 2321 1548 2371 prius
1581 2321 1629 2359 de
1660 2336 1780 2374 supra

329 2382 440 2421 dictis
474 2390 618 2420 tantum
645 2395 704 2420 me
737 2382 997 2427 accusaretis3
1028 2381 1241 2432 nuperrime
1272 2394 1375 2427 vero,
1395 2394 1483 2419 cum
1513 2381 1793 2433 Peparrhethiiv

327 2456 458 2482 secum
475 2443 679 2481 crudeliter
699 2449 827 2480 actum
849 2456 933 2481 esse
953 2450 1213 2493 quererentur,
1233 2442 1451 2493 imperatori
1468 2450 1596 2481 vestro
1615 2446 1776 2484 manda-

327 2505 410 2550 stis,
442 2511 485 2542 ut
510 2517 569 2541 me
595 2504 745 2541 illorum
770 2504 892 2541 vicem
920 2503 1192 2541 ulcisceretur:
1222 2515 1316 2554 quos
1337 2516 1409 2554 ego
1429 2517 1522 2542 sane
1549 2505 1777 2546 clementius

325 2564 502 2610 tractavi,
522 2577 637 2614 quam
668 2571 995 2608 commeruerant;
1026 2576 1113 2601 cum
1146 2563 1213 2610 illi,
1242 2571 1412 2615 tempore
1436 2565 1543 2616 pacis
1576 2566 1777 2606 Haloneso

327 2632 532 2678 occupata,
551 2638 675 2675 neque
695 2624 859 2662 insulam
877 2625 982 2670 mihi,
1010 2638 1132 2675 neque
1151 2626 1407 2676 praesidiarios
1427 2627 1576 2671 milites,
1591 2641 1688 2678 quos
1707 2643 1777 2680 per

327 2689 478 2739 legatos
500 2699 599 2736 saepe
621 2699 653 2722 r(
663 2685 856 2735 petieram,
876 2685 1149 2723 reddidissent.
1207 2685 1287 2724 Vos
1309 2695 1435 2725 autem
1455 2689 1598 2739 injuriae
1620 2689 1708 2726 mihi
1726 2692 1775 2729 ab
1794 2730 1798 2734 ,

327 2749 401 2786 illis
428 2747 545 2785 illatae
572 2746 717 2783 nullam
738 2746 923 2783 rationem
953 2746 1153 2791 habuistis,
1177 2747 1245 2784 scd
1279 2755 1426 2785 tautum
1455 2749 1652 2799 supplicii3
1684 2764 1773 2790 curu
1795 2798 1797 2800 q

326 2809 419 2847 satis
439 2807 582 2853 sciatis,
602 2819 662 2844 me
685 2806 848 2843 insulam
869 2819 939 2844 nec
961 2807 1066 2845 vobis
1088 2821 1156 2845 nec
1184 2808 1257 2845 illis
1278 2809 1477 2860 eripuisse,
1509 2810 1576 2847 sed
1601 2810 1776 2851 Sostrate

327 2870 459 2920 pirata.
516 2868 642 2911 Quam
661 2867 690 2906 si
712 2880 779 2904 vos
801 2868 973 2906 Sostrate
996 2868 1195 2908 tradidisse
1213 2869 1281 2920 ipsi
1310 2870 1447 2916 dicitis,
1469 2870 1608 2922 piratas
1630 2873 1665 2909 in
1688 2886 1772 2911 eam
