1923 3149
289 107 358 143 168
841 106 913 144 DE
942 106 1183 145 CORONA.

287 210 387 247 enim
408 208 491 246 illos
510 209 576 246 tali
596 216 765 261 tempore
784 209 1059 248 accerseretis?
1088 209 1150 247 Ad
1179 208 1343 260 pacem?
1371 215 1412 247 at
1427 209 1618 248 habebant
1636 221 1717 246 om-

286 283 366 308 nes.
394 270 456 307 Ad
468 270 648 309 bellum?
676 278 715 309 at
728 272 799 323 ipsi
817 272 865 310 de
885 283 978 322 pace
993 271 1277 309 consultabatis.
1309 269 1560 321 Perspicuum
1571 277 1632 308 est
1650 270 1720 319 igi-

285 339 346 370 tur
358 344 419 369 me
433 332 536 382 pacis
549 332 649 370 illius
665 333 797 384 prioris
813 346 935 383 neque
949 332 1086 370 ducem
1102 344 1225 382 neque
1238 338 1430 369 auctorem
1450 332 1580 377 fuisse,
1592 343 1717 382 neque

285 400 508 431 caeterorum
520 394 734 444 quicquam,
748 407 832 443 quae
851 394 888 430 in
904 407 963 431 me
976 394 1174 442 confinxit,
1193 406 1324 430 verum
1339 405 1422 430 esse
1442 393 1666 430 ostenditur.

319 491 322 494 ,
337 455 375 491 9.
405 453 611 505 Postquam
632 467 721 504 ergo
737 467 870 504 pacem
887 455 975 492 fecit
993 454 1214 505 respublica,
1230 454 1292 491 hic
1310 454 1446 491 iterum
1465 453 1717 497 considerate,

283 515 373 566 quid
394 522 552 565 uterque
577 522 749 552 nostrum
782 527 893 565 agere
913 516 1141 553 instituerit:
1171 515 1311 552 etenim
1330 526 1378 551 ex
1396 514 1455 551 his
1474 514 1615 557 scietis,
1635 513 1719 563 quis

283 576 395 613 fuerit
413 577 476 626 qui
498 576 670 626 Philippo
690 576 728 612 in
749 577 924 614 omnibus
951 577 1235 627 suffragaretur,
1255 583 1292 614 et
1312 576 1395 625 quis
1416 583 1550 614 contra
1568 574 1632 625 qui
1651 586 1719 624 pro

282 636 390 674 vobis
410 649 563 687 operam
583 642 739 673 navaret
758 644 796 673 et
812 637 974 686 publicae
994 637 1180 675 studuerit
1198 637 1364 674 utilitati.
1406 636 1489 686 Ego
1512 637 1639 685 itaque
1659 647 1718 671 se-

284 705 393 735 nator
412 697 607 734 decretum
627 696 700 734 feci
724 704 766 733 ut
780 697 898 748 legati
912 699 1192 749 quamprimum
1212 699 1249 735 in
1267 711 1313 735 ea
1326 698 1414 736 loca
1432 699 1668 747 navigarent,
1683 696 1719 732 in

283 758 420 808 quibus
442 770 526 795 esse
558 757 775 808 Philippum
807 759 994 805 audirent,
1016 766 1058 797 ut
1079 759 1347 810 jusjurandum
1367 761 1414 796 ab
1434 772 1479 796 eo
1499 759 1717 808 exigerent:

282 818 343 856 isti
356 831 456 864 vero,
469 831 538 856 nec
555 824 756 868 postquam
769 819 840 857 hoc
858 820 1098 866 decreverim,
1112 821 1150 858 id
1163 821 1286 858 facere
1300 820 1512 857 voluerunt.
1543 820 1599 856 Ea
1611 830 1721 869 porro

283 893 340 918 res
358 893 471 930 quam
490 880 565 916 vim
583 879 762 926 habebat,
783 881 1065 918 Athenienses?
1095 894 1167 931 ego
1187 881 1292 918 vobis
1313 880 1527 919 ostendam.
1558 879 1722 929 Philippi

282 942 462 978 intererat
479 947 522 977 ut
539 941 636 977 inter
656 948 828 977 nostrum
847 948 886 978 et
902 942 1019 992 ipsius
1039 941 1306 992 jusjurandum
1326 954 1441 991 quarn
1459 940 1722 990 longissimum

281 1009 430 1053 tempus
460 1001 722 1046 intercederet,
744 1008 871 1039 vestra
895 1015 1010 1052 quam
1037 1002 1315 1039 brevissimum.
1363 1001 1467 1046 Quid
1495 1000 1578 1038 ita?
1621 999 1722 1043 Quia

282 1075 361 1108 vos,
382 1076 459 1100 non
480 1063 527 1099 ab
547 1074 592 1099 eo
608 1067 756 1098 tantum
777 1062 837 1100 die
857 1076 931 1113 quo
944 1062 1154 1114 juravistis,
1175 1063 1243 1101 sed
1261 1076 1284 1101 a
1303 1075 1377 1114 quo
1396 1075 1531 1114 pacem
1550 1074 1618 1100 vos
1637 1074 1723 1112 spe·-

281 1124 429 1162 ravistis
456 1124 667 1170 habituros,
695 1137 827 1162 omnes
846 1124 935 1162 belli
954 1132 1156 1176 apparatus
1179 1125 1399 1163 remisistis:
1428 1124 1493 1162 ille
1522 1130 1648 1161 autem
1675 1136 1723 1160 ex

282 1185 385 1222 omni
403 1191 573 1235 tempore
601 1184 674 1222 hoc
693 1183 857 1222 maxime
887 1185 1129 1231 moliebatur,
1148 1192 1268 1232 ratus,
1297 1186 1336 1223 id
1356 1185 1459 1235 quod
1477 1197 1607 1222 verum
1627 1191 1722 1230 erat,

282 1259 521 1296 quaecunque
536 1252 624 1283 ante
643 1245 775 1283 datum
785 1245 1054 1297 jusjurandum
1069 1246 1211 1284 civitati
1228 1254 1368 1284 nostrae
1387 1245 1658 1297 praeripuisset‚
1679 1258 1725 1284 ea

285 1320 326 1345 se
347 1308 473 1345 omnia
502 1308 611 1345 firma
628 1307 699 1344 sibi
719 1307 963 1352 habiturum3
994 1307 1186 1346 neminem
1204 1308 1303 1345 enim
1329 1308 1488 1345 istorum
1512 1320 1630 1345 causa
1653 1320 1722 1358 pa-

283 1382 367 1408 cem
386 1370 674 1421 dirempturum.
711 1371 808 1412 Quae
827 1383 914 1408 cum
934 1383 1006 1422 ego
1025 1370 1283 1420 praeviderem,
1303 1369 1569 1415 Athenienses,
1589 1376 1628 1407 et
1644 1382 1724 1407 me-

283 1445 372 1470 cum
399 1439 626 1483 reputarem,
656 1432 730 1470 hoc
758 1432 953 1470 decretum
979 1431 1064 1477 feci,
1083 1438 1127 1468 ut
1152 1432 1189 1468 in
1210 1443 1256 1468 ea
1283 1431 1380 1478 loca,
1410 1432 1448 1468 in
1469 1432 1605 1482 quibus
1625 1438 1726 1469 esset

284 1493 496 1545 Philippus,
517 1495 629 1543 legati
660 1493 885 1544 navigarent
911 1500 950 1531 et
971 1493 1240 1544 jusjurandum
1260 1505 1373 1543 quam
1397 1492 1616 1530 maturrime
1647 1492 1724 1530 exi-

282 1563 439 1606 gerent:
469 1563 512 1593 ut
531 1555 741 1593 Thracibus
761 1555 874 1593 sociis
891 1555 1027 1592 vestris
1046 1568 1093 1592 ea
1110 1554 1252 1605 oppida
1277 1553 1510 1599 tenentibus,
1539 1566 1625 1603 quae
1652 1553 1724 1592 iste

283 1617 397 1654 modo
412 1617 521 1654 irrisu
536 1617 809 1664 insectabatur,
830 1616 997 1654 Serrium
1018 1622 1056 1653 et
1071 1615 1257 1667 Myr-tium
1274 1621 1313 1652 et
1331 1614 1541 1665 Ergiscam,
1554 1614 1726 1652 diceren-

282 1686 344 1716 tur
363 1678 461 1716 adeo
482 1685 733 1725 sacramenta,
753 1691 877 1729 neque
897 1678 960 1715 ille
987 1677 1211 1728 opportunis
1230 1676 1324 1714 locis
1349 1676 1546 1726 occupatis
1565 1675 1728 1714 Thracia

282 1740 482 1791 potiretur,
502 1753 595 1777 neve
616 1753 755 1790 magna
778 1739 867 1777 inde
889 1738 1067 1790 pecunia,
1087 1738 1290 1788 multisque
1314 1737 1494 1774 militibus
1519 1737 1726 1774 instructus

284 1800 451 1851 reliquas
471 1801 655 1850 deinceps
687 1813 748 1838 res
768 1800 916 1837 facilius
940 1799 1225 1849 aggrederetur.
1270 1797 1356 1833 Hoc
1384 1797 1499 1846 igitur
1530 1796 1727 1834 decretum

284 1875 361 1900 non
380 1868 663 1906 commemorat,
683 1873 806 1910 neque
825 1860 981 1898 recitat:
1022 1858 1088 1896 sed
1110 1858 1140 1895 si
1156 1871 1227 1907 ego
1247 1863 1400 1894 senator
1417 1870 1504 1895 cum
1524 1870 1648 1894 essem
1667 1858 1726 1895 in-

283 1924 543 1962 troducendos
559 1936 644 1961 esse
664 1923 812 1973 legatos
832 1921 976 1965 censui,
994 1920 1032 1958 id
1052 1933 1139 1957 vero
1155 1919 1374 1956 insectatur.
1411 1919 1463 1956 At
1481 1918 1571 1968 quid
1590 1932 1651 1957 me
1669 1920 1728 1958 fa-

284 1999 370 2025 cere
389 1984 614 2036 oportebat?
645 1985 703 2021 An
723 1997 769 2021 ne
797 1984 870 2020 illis
890 1983 1015 2020 aditus
1037 1988 1139 2019 esset
1155 1982 1204 2017 ad
1220 1982 1415 2018 concionem
1439 1980 1641 2019 decernere
1663 1983 1727 2033 qui

285 2047 428 2085 idcirco
447 2052 647 2090 venerant,
676 2051 719 2082 ut
735 2044 934 2081 vobiscum
954 2041 1228 2093 loquerentur?
1258 2042 1316 2079 An
1339 2055 1387 2079 ne
1407 2042 1513 2080 locus
1531 2042 1576 2079 iis
1604 2043 1651 2080 ab
1669 2055 1728 2081 ar·

284 2110 452 2148 chitecto
481 2107 682 2159 spectandi
705 2107 828 2157 gratia
856 2106 1011 2144 daretur
1035 2105 1194 2143 vetare?
1243 2105 1294 2142 At
1323 2105 1472 2143 duobus
1491 2104 1613 2142 obolis
1641 2118 1729 2156 spe-

284 2176 465 2213 ctassent,
483 2170 556 2207 hoc
578 2169 609 2206 si
627 2169 822 2206 decretum
843 2180 920 2205 non
931 2167 1082 2204 fuisset.
1113 2166 1265 2217 Exigua
1282 2166 1371 2202 mihi
1391 2165 1608 2215 reipublicae
1621 2178 1725 2204 com-

286 2232 401 2269 moda
429 2229 617 2268 servanda
640 2235 762 2275 erant,
780 2241 927 2266 summa
944 2240 1068 2264 rerum
1089 2227 1190 2277 quod
1217 2226 1277 2264 isti
1305 2226 1476 2264 fecerunt
1499 2225 1727 2264 vendenda?

288 2292 450 2330 Minime
469 2303 570 2328 vero.
617 2290 722 2340 Cape
741 2290 855 2340 igitur
876 2289 1072 2326 decretum
1093 2288 1166 2326 hoc
1187 2295 1226 2326 et
1252 2287 1383 2332 recita,
1411 2287 1512 2337 quod
1542 2287 1612 2326 iste
1641 2300 1727 2326 cum

288 2353 404 2404 probe
424 2358 554 2391 nosset
571 2351 790 2402 praeterivit.
842 2350 990 2388 Recita.

849 2474 1169 2515 DECRETUM.

332 2553 487 2584 Archonte
506 2552 702 2591 Mnesiphilo,
719 2552 984 2582 Hecatombaeonis
1009 2552 1058 2581 die
1075 2550 1244 2591 trigesimO,
1261 2550 1340 2579 tribu
1358 2550 1522 2580 Pandionia
1542 2549 1732 2590 praesidente,

290 2604 511 2634 Demosthenes
537 2602 751 2632 Demosthenis
781 2603 800 2631 s.
823 2601 1009 2631 Paeaniensis
1032 2602 1135 2632 retulit
1151 2613 1157 2631 z
1190 2601 1340 2637 Quoniam
1367 2600 1543 2640 Philippus,
1569 2599 1669 2630 missis
1691 2599 1731 2629 de

290 2665 364 2693 pace
380 2653 501 2692 legatis,
517 2658 580 2683 rata
594 2653 742 2693 percussit
758 2653 872 2682 soedera
887 2663 953 2682 curu
970 2653 1084 2692 pupulo
1095 2651 1284 2687 Atheniensi,
1299 2652 1417 2691 placere
1429 2651 1544 2681 senatui
1558 2650 1730 2690 populoque

291 2704 480 2738 Atheniensi,
491 2715 549 2743 quo
566 2714 625 2744 pax
643 2703 796 2742 suffragiis
820 2703 928 2743 populi
944 2705 975 2733 in
996 2703 1092 2742 prima
1108 2703 1252 2733 concione
1275 2702 1402 2742 probata
1414 2701 1599 2737 conficiatur,
1614 2701 1732 2740 legatos

291 2764 330 2784 ex
343 2754 481 2784 omnibus
498 2754 735 2784 Atheniensibus
751 2754 845 2792 deligi
861 2754 1004 2793 quinque:
1027 2765 1138 2793 eosque
1163 2754 1267 2794 populi
1291 2752 1443 2793 suffragiis
1458 2753 1639 2792 approbatos
1653 2751 1733 2780 nulla

293 2815 375 2835 mora
390 2805 569 2846 interposita
584 2815 619 2836 eo
635 2805 800 2845 proficisci,
816 2815 934 2844 quoquo
948 2805 1015 2834 loco
1034 2805 1210 2845 Philippum
1227 2815 1294 2836 esse
1309 2803 1468 2838 audierint,
1484 2807 1512 2832 et
1522 2801 1732 2842 jusjurandum

294 2856 330 2885 ab
353 2866 388 2886 eo
405 2857 503 2895 primo
519 2867 638 2896 quoque
660 2862 793 2896 tempore
816 2857 969 2896 accipiant
992 2856 1185 2895 vicissimque
1202 2857 1274 2887 dent
1290 2865 1382 2894 super
1396 2855 1559 2885 foederibus
1573 2863 1638 2891 quae
1654 2853 1732 2883 inter
