1923 3149
534 167 758 204 CONTRA
795 164 1242 204 ARISTOCRATEM.
1513 169 1589 204 405

146 280 264 319 certo,
283 272 400 310 ceteri
418 272 467 308 ab
493 271 552 308 his
573 270 716 313 edocti,
738 282 826 307 cuni
844 269 897 306 ita
916 268 967 306 sit
984 269 1022 305 in
1042 280 1111 306 nos
1130 268 1296 306 animata
1316 269 1594 311 Cardianorum

145 334 290 379 civitas,
326 340 369 370 ut
402 340 474 376 est,
503 331 780 381 Cersobleptae,
809 329 984 368 Thraciis
1012 330 1176 378 negotiis
1206 330 1405 376 confectis,
1431 332 1594 384 singulis

147 394 283 432 diebus
310 394 423 432 licere
451 393 736 431 Chersonesum
764 399 847 429 tuto
877 390 1069 428 invadere.
1110 390 1211 427 Nam
1235 392 1298 441 qui
1333 392 1526 432 Chalcidis
1557 396 1594 433 in

147 455 292 493 Euboea
311 455 407 492 situs
424 461 484 492 est
499 454 548 492 ad
569 453 770 498 Boeotiam,
788 452 890 491 idem
906 452 943 490 in
960 451 1200 489 Chersoneso
1215 452 1418 491 Cardianae
1432 456 1596 496 civitatis

147 517 244 554 situs
265 523 324 554 est
350 517 396 554 ad
420 515 626 553 Thraciam
653 522 899 564 comparatoe.
935 513 1033 556 Quae
1056 526 1132 562 quo
1151 513 1237 550 loco
1255 514 1382 563 posita
1409 516 1470 562 sit,
1491 518 1596 568 quis-

146 577 230 627 quis
250 583 420 615 vestrum
442 577 561 621 novit,
581 576 682 614 idem
703 576 879 625 ignorare
898 587 975 612 non
995 581 1136 625 potest,
1152 574 1200 611 ad
1220 586 1336 625 quam
1355 578 1597 617 occasionem

147 639 250 676 illam
280 638 455 684 retineat,
476 644 515 675 et
542 650 610 675 cur
639 643 839 687 tantopere
871 636 1124 682 contenderit,
1155 649 1202 674 ne
1232 637 1341 674 vobis
1372 638 1598 678 traderetur.

152 700 287 750 Neque
310 712 398 737 vero
421 699 493 749 ipsi
520 698 668 736 debetis
687 697 854 735 hostium
873 710 1097 748 promovere
1125 697 1341 744 commoda,
1360 711 1436 748 quo
1455 712 1523 737 vos
1543 701 1598 738 fa-

150 761 259 798 cilius
275 765 514 810 oppugnent,
536 759 605 796 sed
623 765 809 808 quantum
830 759 909 796 fieri
928 765 1065 809 potest,
1085 758 1299 809 prohibere,
1320 772 1364 797 ac
1383 760 1599 810 providere,

150 835 197 858 ne
217 821 292 859 illis
312 827 449 859 contra
468 833 536 858 vos
558 820 670 858 detur
699 821 988 871 opportunitas;
1020 833 1107 858 nam
1128 833 1169 858 se
1198 820 1292 857 nulli
1315 821 1508 859 occasioni
1532 823 1600 861 de-

110 880 113 883 *
151 883 337 927 futurum,
375 883 597 922 declaravit.
650 883 750 920 Cum
788 882 888 920 enim
926 882 1126 933 Philippus
1159 882 1386 920 Maroneam
1424 884 1604 932 venisset,

151 943 384 995 Apollonide
407 943 539 988 misso,
561 943 676 982 fidem
693 943 725 981 ei
746 950 785 981 et
804 942 1004 980 Pammeni
1026 942 1143 980 dedit.
1175 943 1291 984 Quod
1311 943 1349 980 ni
1370 943 1602 991 Amadocus,

152 1006 217 1055 qui
236 1005 430 1056 regionem
450 1004 637 1054 praesidiis
655 1005 824 1050 tenebat,
844 1004 1100 1042 interdixisset
1116 1004 1306 1056 Philippo,
1323 1018 1370 1043 ne
1385 1006 1604 1052 accederet,

154 1066 246 1103 nihil
267 1066 489 1112 obstitisset,
516 1079 592 1116 quo
611 1066 736 1103 minus
755 1079 822 1104 vos
843 1079 946 1103 nunc
965 1079 1051 1104 cum
1075 1066 1276 1104 Cardianis
1297 1073 1336 1104 et
1356 1067 1606 1118 Cersoblepte

152 1127 255 1165 bello
288 1127 616 1166 conflictaremini.
660 1128 756 1165 Haec
790 1141 813 1164 a
844 1140 904 1165 me
935 1140 1013 1166 non
1043 1127 1149 1177 fingi,
1178 1140 1198 1164 e
1236 1127 1414 1166 Charetis
1442 1128 1606 1179 epistola

154 1189 414 1240 cognoscetis.

746 1293 1021 1330 EPISTOLA.

210 1390 276 1426 46.
307 1389 351 1425 In
365 1388 450 1425 haec
470 1388 586 1438 igitur
602 1387 809 1433 intuentes,
831 1387 1002 1425 diffidere
1020 1387 1181 1432 debetis,
1202 1401 1327 1439 neque
1349 1402 1415 1439 spe
1436 1402 1535 1427 vana
1554 1391 1610 1428 in-

158 1452 250 1496 flati,
271 1463 360 1487 eum
378 1449 466 1487 loco
485 1449 596 1486 amici
616 1449 758 1486 colere.
808 1447 908 1487 Nam
925 1449 955 1487 si
976 1450 1209 1487 necessitate
1227 1457 1385 1488 coactus
1407 1450 1614 1501 aliquando

159 1524 202 1549 se
220 1510 330 1549 vobis
346 1511 511 1548 amicum
535 1522 625 1547 esse
640 1509 810 1555 simulat,
833 1523 879 1548 ea
897 1524 936 1548 re
957 1510 1120 1560 gratiam
1139 1510 1270 1548 haberi
1290 1525 1366 1549 non
1386 1518 1447 1550 est
1463 1526 1614 1563 aequum

160 1572 438 1622 Cersobleptae,
455 1584 581 1621 neque
597 1571 626 1608 si
648 1571 902 1609 Charidemus
915 1571 1090 1622 privatim
1107 1572 1274 1622 paucula
1295 1573 1457 1611 ducibus
1473 1580 1512 1611 et
1530 1587 1615 1612 ora·

160 1634 305 1671 toribus
325 1633 461 1670 vestris
482 1631 696 1682 largiendo,
719 1633 811 1670 talia
839 1633 1006 1679 conficit,
1031 1640 1235 1684 propterea
1263 1634 1444 1672 laudibus
1469 1643 1529 1673 est
1555 1649 1616 1673 or-

161 1694 331 1733 nandus:
361 1694 432 1731 sed
462 1706 530 1744 pro
551 1706 597 1731 eo
628 1694 772 1744 potius,
801 1695 906 1744 quod
935 1695 1242 1745 quotiescunque
1270 1701 1442 1746 potestas
1462 1696 1496 1733 ei
1525 1696 1617 1735 data

161 1756 235 1793 fuit
257 1755 398 1805 agendi
417 1755 598 1805 quicquid
624 1755 704 1806 ipse
734 1755 866 1800 vellet,
889 1755 1011 1793 ubivis
1043 1756 1152 1794 vobis
1181 1769 1319 1794 nocere
1350 1764 1514 1795 conatus
1544 1765 1618 1805 est,

162 1816 283 1854 multo
303 1816 429 1866 magis
449 1816 560 1854 irasci
587 1829 653 1854 vos
675 1816 709 1854 ei
728 1816 853 1856 decet.
887 1817 985 1854 Cum
1013 1818 1112 1855 enim
1134 1817 1196 1855 alii
1217 1831 1363 1865 omnes,
1391 1820 1527 1869 quibus
1548 1819 1617 1856 ali-

162 1877 254 1928 quid
283 1890 451 1927 unquam
475 1890 498 1915 a
520 1877 722 1928 republica
749 1884 882 1916 nostra
905 1878 1089 1916 tributum
1110 1886 1182 1924 est,
1205 1891 1275 1929 pro
1304 1879 1403 1917 datis
1423 1881 1618 1919 beneficiis

162 1938 341 1977 honorati
361 1938 452 1984 sint,
467 1952 567 1976 unus
587 1939 660 1976 iste
681 1939 784 1976 solus
804 1953 824 1977 e
847 1940 983 1977 ceteris
1000 1941 1200 1987 universis,
1228 1943 1276 1978 ob
1304 1941 1461 1992 injurias
1481 1948 1541 1980 est
1559 1955 1621 1981 or-

165 2007 295 2047 natus,
314 2013 411 2049 quas
431 2001 542 2038 nobis
562 2000 691 2038 facere
719 2008 894 2047 conatuS,
916 2002 966 2039 ad
984 2003 1130 2040 exitum
1153 2002 1366 2053 perducere
1384 2016 1462 2041 non
1481 2005 1620 2054 potuit.

167 2062 402 2111 Quanquam
423 2069 552 2098 autem
581 2062 636 2098 ita
653 2062 802 2106 merito,
830 2063 962 2112 magni
988 2064 1154 2101 muneris
1183 2065 1303 2101 instar
1321 2077 1408 2101 esse
1433 2078 1623 2103 concessa

168 2121 359 2159 scelerum
379 2119 547 2159 debebat
566 2121 787 2172 impunitas,
809 2135 973 2172 quorum
995 2124 1080 2174 jure
1098 2137 1234 2174 poenas
1255 2124 1439 2162 dedisset.
1473 2125 1622 2164 Tamen

167 2182 242 2220 hoe
268 2181 483 2220 oratoribus
502 2194 579 2218 non
600 2188 660 2219 est
680 2183 788 2227 satis,
810 2183 879 2220 nisi
899 2184 1088 2222 habeatur
1106 2186 1212 2231 civis,
1233 2186 1332 2223 bene
1356 2187 1529 2233 meritus,
1549 2187 1623 2225 nisi

167 2256 324 2282 coronae
343 2249 383 2280 et
401 2244 558 2293 praemia
571 2243 833 2281 decernantur
851 2252 1005 2296 propter
1031 2246 1271 2297 corruptelas
1299 2259 1514 2295 munerum,
1535 2261 1622 2298 quae

168 2305 242 2356 ipsi
261 2304 437 2355 privatim
460 2306 507 2342 ab
537 2317 582 2342 eo
609 2305 817 2356 accipiunt,
839 2319 926 2343 cum
947 2307 1080 2358 reliqui
1101 2307 1303 2345 assideatis
1330 2308 1623 2361 circumscripti,

170 2365 453 2412 admirabundi,
467 2365 591 2417 ignari
609 2366 792 2404 veritatis.
834 2366 1048 2413 Postremo,
1070 2381 1173 2406 nunc
1193 2381 1260 2406 vos
1287 2369 1527 2408 induxissent
1550 2371 1625 2409 isto

171 2426 523 2473 senatusconsulto,
541 2433 586 2464 ut
604 2427 809 2465 satellitum
840 2428 943 2479 apud
963 2442 1051 2466 eum
1070 2429 1153 2467 vice
1173 2430 1440 2480 fungeremini,
1457 2431 1528 2469 nisi
1553 2444 1624 2470 nos

173 2486 325 2525 actione
338 2486 413 2525 hac
426 2488 779 2526 intercessissemus
794 2501 803 2526 :
832 2494 872 2526 et
890 2489 1106 2539 respublica
1121 2496 1254 2528 nostra
1268 2492 1489 2530 mercenarii
1503 2499 1541 2530 et
1555 2493 1626 2529 mi-

173 2547 282 2585 nistri
301 2548 402 2598 apud
424 2548 531 2585 illum
551 2562 690 2587 munus
709 2549 844 2594 obiret,
870 2551 1082 2588 custodiret
1111 2551 1401 2590 Charidemum.
1437 2552 1626 2590 Praeclare

174 2608 522 2659 scilicet‚——quidni
549 2623 653 2655 vero,
681 2623 752 2662 pro
781 2611 911 2649 divum
939 2618 1054 2662 atque
1079 2612 1278 2650 hominurn
1308 2614 1423 2651 fidem
1438 2613 1541 2650 ?—is
1562 2613 1626 2663 qui

176 2668 267 2707 olim
287 2669 368 2720 ipse
387 2671 644 2709 mercenarius
665 2678 877 2710 vestrorum
895 2672 1063 2711 hostium
1088 2675 1248 2726 stipator
1265 2675 1348 2721 fuit,
1367 2681 1494 2713 vestro
1515 2687 1627 2713 sena-

175 2730 421 2768 tusconsulto
444 2731 698 2770 custodiatur.

229 2792 297 2828 47.
324 2791 414 2828 Jam
444 2791 540 2828 illud
570 2805 630 2829 me
662 2793 826 2831 fortasse
852 2794 1044 2845 quispiam
1069 2796 1335 2846 interrogabit,
1362 2807 1429 2832 cur
1456 2808 1543 2846 ego,
1563 2797 1628 2846 qui

176 2851 263 2889 haeo
291 2852 346 2890 ita
376 2858 574 2902 comperta
589 2853 765 2900 habeam,
785 2861 824 2892 et
840 2855 1042 2906 plerasque
1066 2857 1221 2906 injurias
1242 2856 1351 2906 quasi
1378 2869 1446 2906 per
1473 2856 1632 2908 vestigia

179 2913 250 2951 sim
266 2919 496 2959 assentatus,
513 2926 573 2952 me
587 2926 666 2952 non
685 2916 945 2966 opposuerim‚
965 2930 1041 2955 non
1056 2930 1142 2956 curn
1160 2917 1313 2955 civitate
1333 2916 1539 2964 donaretis,
1560 2918 1628 2956 ob-
