1923 3149
501 119 724 158 CONTRA
759 118 1208 157 ARISTOCRATEM.-
1500 117 1580 154 381.

136 217 236 255 Cum
266 218 397 256 multoe
427 219 535 270 leges
570 221 660 265 sint,
682 220 950 265 Athenienses,
970 227 1105 257 contra
1126 232 1220 269 quas
1254 218 1449 256 decretum
1478 217 1582 256 istud

133 278 276 316 facturn
299 287 371 324 est,
393 280 488 317 nulli
503 288 631 318 tamen
651 281 774 331 magis
790 280 1027 325 adversatur,
1042 293 1155 329 quam
1171 280 1259 317 huic
1272 280 1387 317 modo
1402 279 1584 318 recitatae.

135 339 366 389 Quanquam
387 342 487 378 euim
520 341 582 378 lex
610 342 664 379 ita
692 341 819 392 palam
853 354 899 378 ea
919 340 1096 377 concedit
1113 347 1150 377 et
1169 341 1274 384 dicit,
1295 342 1343 377 ob
1364 353 1451 390 quae
1472 341 1586 378 liccat

133 400 322 446 occidere,
343 403 413 439 iste
438 403 504 439 illa
537 403 706 453 neglexit
734 403 872 447 omnia,
895 412 933 439 et
950 403 1029 439 sine
1049 401 1128 438 ulla
1147 402 1362 452 adjectione
1383 403 1584 440 occidendi

136 462 238 498 modi
255 463 478 512 supplicium
496 464 714 513 adscripsit.
771 464 886 512 Atqui
905 463 1143 500 considerate
1160 476 1273 512 quam
1292 470 1422 499 sancte
1439 470 1585 513 etprae-

136 522 238 559 clurc
260 524 414 573 singula
430 524 643 561 distinxerit
658 525 706 568 is,
727 525 789 573 qui
807 524 968 574 primum
989 524 1073 559 haec
1096 523 1322 573 percensuit.
1381 523 1433 559 Si
1473 537 1496 573 q
1510 525 1553 561 ui
1568 538 1585 561 s

135 583 182 619 in
226 583 273 619 lu
288 584 366 621 dis
410 585 455 621 al
469 585 477 620 i
491 598 547 634 qu
562 598 582 621 c
599 598 633 620 m
677 597 699 620 o
715 598 736 621 c
749 584 830 621 eid
844 598 863 621 c
878 584 959 628 rit,
988 583 1092 620 hunc
1113 584 1302 620 insontem
1324 595 1409 620 esse
1430 583 1585 622 definiit.

136 644 425 686 Quamobrem?
457 645 544 681 Non
563 651 741 682 eventum
761 644 1031 689 consideravit,
1053 644 1121 681 sed
1143 645 1224 694 ejus
1252 644 1316 693 qui
1338 643 1483 688 sceerit,
1505 645 1587 682 ani-

136 717 253 741 mum.
313 705 349 741 Is
370 716 459 741 vcro
476 705 539 754 qui
558 705 657 742 fuit?
686 705 887 742 viventem
918 718 1111 755 super-«ire,
1133 718 1209 742 non
1239 705 1425 742 occidere.
1470 705 1587 747 Quod

136 765 166 801 si
187 764 249 801 ille
271 765 452 801 infirmior
479 765 564 811 fuit,
584 779 698 815 quam
725 767 790 815 qui
821 767 915 804 ferre
948 773 1082 816 posset
1100 779 1200 809 cum,
1221 779 1331 816 quem
1353 767 1511 804 victoria
1530 781 1589 804 re-

137 825 452 875 quin-inlaboaem,
473 826 598 876 ipsum
619 828 701 876 ejus
717 827 805 863 mali
825 827 895 865 sibi
911 840 1066 864 causam
1084 827 1275 864 exstitisse
1291 826 1463 864 censuit:
1493 841 1589 877 qua-

139 894 293 937 propter
320 887 402 938 ejus
422 900 556 924 necem
573 888 707 925 ulcisci
728 887 862 926 noluit.
920 888 1095 925 Rursus:
1125 887 1163 925 si
1194 888 1241 924 in
1272 887 1423 933 bello,
1453 888 1589 938 inquit,

136 948 195 984 im
211 962 261 998 pr
275 948 396 985 uden
410 962 443 993 s,
472 956 511 986 et
529 949 632 987 hunc
654 962 740 987 esse
760 963 909 1000 purum.
967 950 1105 987 Recte.
1163 948 1198 986 Si
1217 949 1316 986 enim
1337 962 1422 999 ego,
1439 949 1591 987 hostem

138 1022 225 1047 esse
246 1017 362 1055 ratus,
383 1010 599 1060 quempiam
618 1010 811 1055 occidero,
835 1024 910 1048 non
931 1010 1021 1047 dare
1048 1022 1197 1060 poenas,
1219 1010 1286 1047 scd
1304 1009 1450 1047 veniam
1471 1011 1592 1061 impe-

140 1078 239 1108 trare
260 1071 395 1109 debeo.
454 1071 505 1108 Si
534 1072 664 1122 apud
692 1085 905 1116 uxorem,
927 1072 1062 1122 inquit,
1083 1080 1167 1109 aut
1196 1084 1284 1122 apu
1300 1072 1324 1108 d
1354 1085 1590 1120 sororem,

139 1139 230 1169 aut
270 1132 403 1182 apud
442 1131 612 1179 filiam,
653 1139 742 1170 aut
779 1133 918 1184 apud
964 1133 1225 1170 concubin
1244 1145 1326 1178 am,
1356 1139 1442 1170 aut
1483 1146 1591 1171 eam

139 1205 281 1241 quam
344 1192 588 1242 ingenuae
635 1193 833 1230 sobolis
891 1192 1235 1243 procreandae
1282 1205 1434 1230 eausa
1478 1193 1591 1244 quis

140 1265 162 1288 a
175 1252 270 1302 pud
301 1266 317 1289 s
331 1265 351 1289 e
380 1252 437 1289 ha
449 1253 472 1289 b
486 1252 625 1298 uerit,
654 1265 742 1289 eum
762 1254 889 1300 etiam,
906 1253 971 1303 qui
989 1262 1143 1303 propter
1156 1252 1241 1290 haec
1257 1252 1421 1303 aliquem
1438 1255 1591 1292 occide-

138 1313 198 1359 rit,
221 1313 438 1350 indemnem
458 1313 563 1350 facit.
621 1313 674 1350 Et
691 1314 860 1351 omnium
891 1314 1045 1364 quidem
1065 1313 1293 1364 justissime,
1323 1315 1595 1361 Athenienses,

141 1374 244 1411 hunc
270 1374 435 1411 dimittit.
481 1373 770 1417 Quamobrem?
800 1375 914 1420 Quia,
935 1387 1003 1425 pro
1023 1375 1162 1424 quibus
1183 1386 1270 1411 cum
1291 1373 1463 1412 hostibus
1484 1376 1595 1415 dimi-

140 1448 288 1483 camus,
304 1435 354 1472 ad
373 1447 439 1472 eos
455 1436 502 1478 ab
519 1435 621 1472 omni
637 1436 870 1473 contumelia
884 1442 923 1473 et
940 1435 1075 1485 injuria
1090 1435 1355 1481 vindicandos,
1372 1450 1438 1486 pro
1458 1437 1595 1475 iisdem

140 1495 255 1533 etiam
277 1496 434 1541 amicos,
455 1495 618 1546 siquam
646 1502 780 1533 contra
808 1496 912 1546 leges
941 1496 1115 1545 injuriam
1149 1502 1217 1532 aut
1245 1497 1519 1534 contumeliam
1540 1498 1595 1535 eis

142 1556 316 1601 fecerint,
338 1556 514 1595 occidere
534 1556 737 1595 concessit.
795 1557 894 1593 Cum
916 1557 1018 1594 enim
1031 1569 1106 1593 non
1122 1569 1243 1606 genus
1258 1556 1415 1606 aliquod
1435 1558 1484 1594 sit
1502 1559 1598 1595 ami-

141 1630 270 1655 corum
292 1623 331 1654 et
350 1617 530 1664 hostium,
547 1616 616 1654 sed
635 1630 655 1655 e
675 1617 786 1665 factis
806 1617 942 1654 horum
969 1623 1174 1666 utrumque
1203 1624 1424 1662 censeatur,
1447 1630 1515 1656 eos
1531 1619 1596 1669 qui

141 1678 295 1715 hostilia
309 1678 469 1721 faciunt,
486 1690 554 1728 pro
568 1677 680 1715 hoste
699 1677 833 1715 ulcisci
854 1678 915 1715 lex
934 1678 1094 1715 liberum
1115 1677 1219 1714 fecit.
1275 1677 1441 1715 Proinde
1455 1679 1596 1729 perini-

141 1751 258 1788 quum
279 1738 404 1783 fuerit,
421 1745 478 1775 tot
497 1739 609 1775 rebus
629 1739 812 1788 exceptis,
833 1739 882 1775 ob
899 1750 995 1788 quas
1012 1738 1106 1776 alios
1127 1738 1302 1776 occidere
1321 1738 1447 1784 liceat,
1470 1740 1596 1778 solum

141 1799 247 1836 illum
270 1799 437 1836 omniurn
466 1798 764 1844 mortalium‚ne
793 1800 842 1836 ob
871 1799 954 1836 haec
985 1798 1139 1848 quidem
1173 1799 1298 1837 occidi
1327 1799 1455 1838 licere.
1512 1801 1596 1852 Age

141 1873 245 1905 vero,
266 1859 296 1896 si
317 1859 391 1896 tale
409 1859 501 1909 quid
521 1859 704 1903 evenerit,
722 1859 836 1909 quale
859 1859 943 1909 jam
967 1859 1142 1896 fortassis
1174 1859 1290 1897 etiam
1322 1859 1385 1897 alii
1415 1860 1597 1912 cuipiam,

143 1927 188 1957 ut
205 1920 368 1957 Thracia
387 1920 521 1957 relicta
538 1919 626 1973 huc
647 1920 855 1971 profectus,
882 1920 921 1958 in
950 1921 1044 1957 urbe
1077 1919 1217 1958 alicubi
1246 1921 1405 1967 habitet,
1424 1936 1502 1960 non
1516 1923 1598 1974 jam

145 1994 192 2018 ea
210 1988 402 2031 potestate
421 1981 618 2031 praeditus,
634 1995 710 2031 qua
728 1982 847 2019 fretus
867 1982 990 2019 multa
1007 1982 1186 2032 designat
1212 1983 1416 2021 interdicta
1433 1984 1598 2035 legibus,-

145 2050 184 2080 et
202 2055 269 2093 pro
287 2055 357 2079 sua
371 2041 651 2079 consuetudine
673 2042 946 2091 cupiditatibus
965 2042 1181 2093 indulgens,
1197 2044 1332 2080 eadem
1352 2045 1525 2083 factitare
1541 2047 1599 2084 in-

146 2104 306 2142 stituat:
336 2103 427 2154 quid
446 2102 551 2140 aliud
571 2103 764 2152 agendum
783 2104 865 2147 erit,
882 2104 954 2141 nisi
969 2110 1012 2140 ut
1027 2104 1298 2142 Charidemum
1316 2105 1470 2155 impune
1486 2119 1600 2157 agere

148 2178 216 2217 pro
237 2163 392 2201 libidine
414 2164 564 2214 quidvis
583 2163 805 2214 patiamur?
861 2164 944 2202 Nec
978 2165 1078 2202 enim
1111 2177 1179 2214 per
1207 2164 1316 2202 istius
1347 2173 1600 2205 senatuscon-

148 2226 307 2270 sultum,
318 2231 442 2262 tutum
462 2224 532 2261 erit
546 2224 652 2261 illum
669 2224 858 2270 occidere,
872 2232 938 2262 aut
953 2237 1018 2262 eas
1034 2225 1081 2261 de
1097 2225 1162 2262 illo
1177 2239 1326 2264 sumere
1341 2240 1489 2277 peenas,
1502 2241 1600 2278 quas

146 2288 210 2324 lex
230 2285 423 2324 concedit.
480 2285 598 2335 Atqui
617 2285 648 2322 si
667 2285 751 2335 quis
766 2286 819 2323 ita
836 2292 948 2337 putat
967 2291 1005 2322 et
1023 2285 1166 2336 objicit,
1181 2287 1338 2324 ubinam
1354 2287 1428 2325 ista
1443 2289 1602 2327 fierent?

150 2347 254 2389 Quid
286 2358 347 2382 me
380 2358 535 2396 quoque
568 2345 694 2383 dicere
719 2353 836 2391 vetat,
867 2346 1044 2396 quisnam
1081 2347 1268 2385 occiderit
1300 2348 1603 2388 Charidemum?

148 2409 293 2444 Verum
313 2418 390 2443 non
408 2406 482 2444 hoc
512 2406 833 2444 considerandum
855 2413 936 2445 est:
966 2407 1034 2444 sed
1054 2408 1233 2458 quoniam
1267 2408 1465 2448 decretum
1498 2412 1604 2461 quod

150 2473 408 2519 oppugnatur,
429 2468 478 2504 ob
498 2480 577 2504 rem
598 2468 771 2505 nondum
799 2468 939 2505 factam
971 2467 1154 2518 scriptum
1174 2475 1246 2514 est,
1275 2470 1346 2507 sed
1365 2471 1494 2517 talem,
1515 2485 1604 2522 quae

150 2535 279 2565 utrum
298 2526 506 2575 aliquando
531 2527 662 2565 futura
688 2528 751 2574 sit,
771 2541 907 2573 necne,
936 2527 1041 2566 haud
1074 2529 1274 2579 quisquam
1305 2531 1426 2578 novit,
1457 2531 1524 2569 illa
1553 2533 1603 2569 de

150 2588 289 2637 futuris
322 2587 531 2637 disputatio
563 2589 777 2626 communis
813 2589 990 2639 utrinque
1019 2589 1257 2640 relinquatur
1273 2603 1283 2628 :
1324 2598 1363 2629 et
1397 2604 1483 2637 nOS,
1515 2605 1605 2641 quae

150 2663 277 2689 rerum
295 2649 551 2686 humanarum
569 2649 737 2687 conditio
755 2656 827 2696 est,
849 2663 936 2701 spes
964 2657 1116 2688 nostras
1143 2652 1192 2689 ad
1224 2664 1272 2689 ea
1298 2652 1352 2689 sic
1378 2651 1604 2702 dirigamus,

151 2719 197 2750 ut
215 2718 444 2756 statuamus,
463 2723 555 2748 casu
577 2709 719 2760 alique,
739 2717 818 2748 tam
844 2711 929 2749 haec
956 2725 1071 2762 quam
1090 2712 1155 2750 illa
1179 2713 1341 2750 fortasse
1359 2724 1431 2748 usu
1453 2713 1606 2751 evenire

153 2785 282 2824 posse.
339 2770 455 2814 Quod
485 2769 518 2807 si
546 2770 744 2808 decretum
764 2772 1004 2819 sustuleritis,
1025 2779 1140 2822 atque
1160 2772 1304 2822 aliquid
1322 2771 1375 2808 illi
1390 2771 1488 2810 forte
1503 2774 1605 2812 acci-

155 2833 269 2878 derit,
286 2831 453 2870 definitae
467 2830 618 2882 legibus
633 2830 684 2869 ad
699 2844 832 2871 necem
852 2834 935 2882 ejus
954 2833 1221 2872 vindicandam
1237 2843 1375 2883 poenae,
1392 2838 1431 2871 et
1444 2835 1604 2874 rsancitae
