1923 3149
285 219 363 256 410
653 214 880 256 CONTRA
913 211 1369 254 ARISTOCRATEM.

281 319 429 372 joribus
448 317 602 364 nostris,
621 317 685 370 qui
704 318 841 357 virtute
861 318 1038 356 omnibus
1057 318 1331 369 praestiterunt,
1346 315 1624 368 imprudentius
1639 326 1732 354 con-

288 381 428 427 sulere,
448 381 517 418 sed
546 380 656 426 illud,
671 380 859 418 neminem
881 380 991 417 nobis
1011 393 1096 418 esse
1115 378 1469 431 imprudentiorem.

341 443 404 480 55.
436 443 501 479 An
522 454 612 480 vero
631 441 854 492 pudendum
874 454 952 479 non
972 448 1044 486 est,
1064 454 1152 478 curn
1174 440 1362 491 AEginetae
1381 439 1446 490 qui
1464 438 1501 476 in
1516 437 1642 476 insula
1654 444 1734 476 tam

283 515 402 553 parva
420 502 606 548 habitant,
627 502 691 554 qui
710 502 803 540 nihil
821 502 966 540 habent
985 501 1090 552 quod
1105 501 1159 539 eis
1179 502 1328 539 animos
1347 501 1472 539 facere
1484 500 1571 550 jure
1590 506 1734 550 posset,

285 564 529 615 Lampidem,
545 564 674 614 quoin
695 570 776 600 tota
796 563 953 601 Graecia
967 576 1046 600 non
1066 568 1126 600 est
1145 562 1400 600 navicularius
1420 560 1651 612 opulentior,
1671 559 1737 610 qui

283 631 322 663 et
346 626 480 663 urbem
505 631 544 663 et
561 629 772 662 mercatum
798 623 853 662 eis
883 624 1072 669 instruxit,
1104 623 1277 661 nondum
1298 623 1334 660 in
1353 622 1456 660 hunc
1482 634 1604 672 usque
1634 620 1736 658 diem

283 686 405 724 civem
425 685 596 732 fecerint,
616 684 685 722 sed
700 685 762 722 vix
780 685 1058 722 immunitatem
1079 684 1221 729 tributi,
1237 683 1342 734 quod
1358 681 1736 733 inquilinipendunt,

286 745 579 786 concesserint?
610 746 708 784 Cum
731 746 984 795 Megarenses
1001 745 1239 790 exsecrandi,
1260 752 1339 782 tam
1360 743 1531 781 studiose
1552 755 1661 780 suam
1677 741 1736 779 di-

285 808 470 858 gnitatem
489 812 738 858 exaggerent,
759 812 802 843 ut
821 818 909 843 cum
928 805 1056 844 missis
1074 805 1210 856 legatis
1234 805 1418 856 juberent
1439 802 1738 848 Lacedaemonii,

284 877 328 907 ut
351 869 590 907 Hermonem
617 868 929 918 gubernatorem,
948 866 1013 917 qui
1034 879 1120 904 cum
1141 866 1339 918 Lysandro
1358 865 1529 918 triremes
1549 865 1738 902 ducentas

283 936 454 981 ceperat,
472 935 677 981 postquam
696 940 767 966 nos
783 927 833 965 ad
854 927 1151 978 AEgospotamos
1167 926 1365 964 adversam
1384 924 1577 962 fortunam
1592 923 1739 975 experti

283 1004 433 1037 sumus,
460 990 582 1028 civem
603 989 787 1036 facerent,
802 987 1095 1039 responderint:
1127 987 1167 1024 Si
1190 987 1296 1038 prius
1319 985 1506 1024 vidissent
1524 986 1629 1036 ipsos
1649 997 1739 1022 eum

284 1051 519 1103 Spartiatam
548 1050 703 1096 fecisse,
732 1057 814 1087 tum
834 1056 873 1087 et
898 1062 940 1087 se
967 1049 1076 1086 illum
1102 1048 1379 1098 Megarensem
1409 1046 1603 1084 facturos?
1637 1047 1738 1085 Cum

284 1113 406 1150 Oritae
420 1118 595 1163 quartam
609 1111 769 1148 Euboeae
778 1117 926 1161 partem
940 1110 1166 1155 incolentes,
1181 1110 1296 1147 istum
1311 1109 1436 1160 ipsum
1451 1107 1738 1155 Charidemum,

283 1173 393 1225 cujus
420 1179 540 1211 mater
557 1172 650 1210 civis
670 1171 747 1209 illic
766 1178 838 1217 est,
865 1177 974 1222 pater
999 1184 1102 1217 vero,
1124 1183 1201 1208 non
1222 1170 1348 1208 dicam
1364 1170 1462 1220 quis,
1482 1174 1550 1207 aut
1568 1168 1741 1215 unde,—

282 1247 356 1272 nec
375 1234 477 1272 enim
496 1246 656 1271 necesse
676 1232 802 1270 habeo
822 1232 1013 1282 inquirere
1041 1232 1080 1269 in
1100 1244 1188 1269 eum
1208 1230 1426 1268 accuratius
1451 1242 1566 1280 quam
1592 1242 1652 1267 res
1674 1242 1740 1267 co-

283 1295 406 1346 git-‚
426 1294 593 1332 mediam
610 1300 741 1331 tamen
759 1293 794 1330 ei
812 1300 962 1344 partem
982 1293 1133 1344 generis
1153 1292 1336 1338 conferat,
1356 1291 1560 1329 medietate
1578 1290 1616 1330 in
1636 1290 1740 1328 hunc

282 1370 406 1407 usque
427 1357 528 1394 diem
546 1355 718 1394 nondum
739 1354 846 1392 illum
872 1354 1020 1404 dignati
1040 1354 1130 1399 sint,
1158 1353 1226 1390 sed
1245 1352 1322 1389 illic
1348 1352 1387 1388 in
1406 1352 1507 1388 tribu
1533 1351 1740 1388 nothorum

283 1425 502 1465 censeatur,
529 1416 855 1467 quemadmodum
883 1415 973 1452 olim
999 1415 1061 1453 hic
1082 1415 1120 1452 in
1141 1415 1388 1465 Cynosarges
1407 1412 1515 1450 nothi
1534 1413 1740 1450 convenie-

281 1479 407 1517 bant?
437 1479 518 1516 Vos
536 1491 641 1524 vero,
662 1477 933 1521 Athenienses,
951 1475 1016 1525 qui
1034 1476 1149 1513 totius
1171 1475 1296 1526 illijus
1311 1474 1474 1511 civitatis
1490 1473 1739 1523 impertiistis,

283 1545 323 1577 et
355 1539 451 1577 alios
480 1539 646 1577 honores
675 1537 877 1583 habuistis,
907 1536 1025 1574 etiam
1059 1535 1133 1574 hoc
1162 1536 1196 1573 ei
1230 1533 1448 1585 adjicietis?
1477 1534 1739 1576 Quamobrem

279 1598 466 1637 tandem?
497 1599 604 1642 Quas
619 1611 737 1636 naves
757 1599 865 1635 vobis
895 1596 1010 1647 cepit,
1030 1603 1188 1648 propter
1208 1609 1305 1647 quas
1329 1595 1376 1642 ei,
1405 1595 1452 1632 ab
1476 1595 1536 1632 his
1562 1594 1627 1645 qui
1652 1594 1739 1632 illas

281 1661 509 1706 amiserunt,
526 1659 676 1697 insidiae
699 1657 928 1697 struuntur?
957 1659 1085 1700 Quam
1105 1659 1236 1695 urbem
1257 1670 1280 1695 a
1298 1670 1339 1695 se
1359 1662 1512 1707 captam
1531 1656 1640 1694 vobis
1660 1662 1738 1693 tra-

281 1721 406 1760 didit?
436 1723 479 1759 In
500 1735 586 1773 quae
612 1720 832 1758 discrimina
851 1720 985 1771 capitis
1005 1726 1158 1771 propter
1177 1732 1245 1757 vos
1274 1733 1314 1758 se
1342 1718 1534 1770 conjecit?
1563 1718 1738 1762 Quorum

281 1781 497 1820 inimicitias
509 1794 735 1821 communes
750 1781 950 1819 vobiscum
967 1780 1159 1832 suscepit?
1180 1780 1305 1818 Nemo
1319 1788 1378 1818 est
1388 1779 1451 1830 qui
1461 1779 1585 1831 possit
1597 1779 1738 1817 dicere.

337 1846 401 1881 56.
433 1844 511 1881 Sed
547 1843 612 1881 ubi
650 1843 698 1880 de
732 1842 899 1893 legibus,
936 1855 1032 1892 quas
1070 1842 1316 1887 adduximus,
1349 1854 1475 1892 pauca
1511 1840 1738 1886 disseruero,

282 1918 445 1956 quorum
463 1918 530 1942 vos
549 1904 787 1949 recordatos,
807 1903 1000 1941 cautiores
1020 1903 1099 1940 sore
1119 1911 1228 1953 puto,
1249 1902 1280 1940 si
1299 1902 1360 1939 isti
1381 1913 1448 1939 vos
1476 1901 1658 1939 seducere
1679 1907 1737 1938 at-

282 1979 359 2017 que
387 1966 426 2002 in
455 1965 629 2002 fraudem
655 1964 796 2001 illicere
815 1963 1045 2007 studuerint,
1075 1963 1319 2000 descendam.
1362 1962 1491 1999 Prima
1520 1962 1581 1999 lex
1607 1967 1736 2012 aperte

276 2027 403 2079 jubet,
417 2026 448 2065 si
464 2025 544 2076 quis
561 2025 724 2075 aliquem
744 2024 941 2069 occiderit,
959 2031 1136 2062 senatum
1150 2023 1324 2075 judicare
1341 2036 1350 2060 :
1379 2023 1464 2069 iste,
1486 2023 1516 2060 si
1531 2022 1616 2072 quis
1636 2023 1738 2060 occi-

281 2088 395 2133 derit,
412 2087 541 2124 statim
559 2085 712 2136 scripsit
726 2085 918 2122 abducere
934 2085 1062 2122 licere.
1100 2085 1187 2121 Hoc
1201 2084 1408 2129 custodite,
1426 2090 1464 2121 et
1480 2083 1740 2130 memineritis,

281 2147 375 2185 nihil
392 2159 505 2198 posse
519 2145 667 2197 judicio
688 2145 768 2182 fieri
793 2145 1025 2182 contrarium
1058 2145 1194 2195 magis,
1225 2158 1339 2195 quam
1361 2145 1441 2182 sine
1471 2144 1615 2195 judicio
1648 2157 1736 2195 pro-

284 2208 546 2258 scriptionem.
577 2207 667 2244 Non
684 2206 775 2244 sinit
793 2213 930 2256 postea
949 2206 1126 2244 secunda
1150 2206 1226 2252 lex,
1249 2207 1363 2244 etiam
1380 2206 1604 2243 damnatum
1620 2206 1738 2244 caedis

282 2268 559 2313 excarnificari,
580 2274 646 2305 aut
669 2267 847 2304 mulctari
873 2267 1060 2317 pecunia:
1092 2272 1132 2303 at
1153 2266 1241 2313 iste,
1263 2267 1354 2304 dum
1383 2280 1469 2303 eum
1490 2266 1630 2304 abduci
1649 2280 1737 2317 per-

283 2330 413 2374 mittit,
430 2330 515 2366 haee
535 2329 662 2366 omnia
677 2328 867 2366 concessit
882 2341 891 2371 3
922 2328 1062 2366 namin
1079 2340 1208 2365 eorum
1223 2329 1288 2378 qui
1301 2328 1467 2378 aliquem
1487 2327 1737 2378 comprehen-

283 2391 409 2428 derint
436 2403 550 2427 manu
578 2390 747 2426 futurum
776 2395 846 2434 est,
874 2388 922 2426 de
950 2401 995 2426 eo
1025 2395 1193 2426 statuere
1219 2388 1399 2438 quicquid
1434 2388 1579 2425 libitum
1609 2388 1737 2428 fuerit.

284 2451 494 2488 Abducere
515 2452 627 2500 jubet
646 2451 706 2488 lex
725 2450 775 2487 ad
794 2451 978 2495 sexviros,
999 2450 1129 2500 idque,
1151 2450 1182 2487 si
1201 2450 1283 2500 quis
1304 2449 1535 2487 homicidam
1556 2450 1592 2487 in
1619 2450 1737 2488 inter·

281 2512 373 2550 secti
390 2512 511 2562 patria
536 2511 849 2562 deprehenderit:
880 2512 951 2548 iste
973 2511 1045 2561 ipsi
1065 2511 1281 2549 accusatori
1302 2510 1368 2548 dat
1388 2511 1607 2549 abducendi
1627 2517 1736 2562 pote-

282 2579 422 2611 statem
442 2572 481 2609 in
498 2585 589 2609 suas
605 2572 723 2617 aedes,
741 2573 888 2610 etiamsi
905 2573 942 2610 in
958 2573 1084 2610 aliena
1103 2579 1204 2610 terra
1220 2572 1529 2622 deprehenderit.
1562 2572 1660 2610 Sunt
1679 2572 1737 2610 in-

276 2633 390 2684 juriae
403 2633 582 2684 quaedam
604 2640 759 2683 propter
779 2647 874 2683 quas
895 2634 1061 2684 aliquem
1081 2633 1285 2670 occidendi
1305 2633 1496 2670 licentiam
1524 2633 1586 2670 lex
1606 2633 1741 2672 dedit:

282 2693 354 2731 iste
383 2706 458 2731 non
494 2693 649 2743 adjecit,
678 2693 825 2730 etiamsi
855 2701 1010 2744 propter
1037 2693 1122 2730 illas
1155 2693 1290 2742 aliquis
1318 2693 1516 2738 occiderit,
1550 2693 1621 2731 sed
1647 2705 1735 2731 eum

283 2754 499 2805 proscribit,
515 2766 630 2803 quem
645 2753 749 2804 leges
768 2753 989 2792 indemnem
1009 2760 1048 2791 et
1067 2753 1255 2791 insontem
1276 2754 1483 2792 dimittunt.
1514 2754 1556 2791 Si
1576 2755 1638 2791 cui
1657 2753 1735 2791 tale

281 2815 374 2865 quid
392 2828 464 2852 usu
482 2814 672 2865 venit,jus
694 2814 854 2865 primum
873 2815 1068 2866 postulare
1087 2815 1147 2852 lex
1163 2815 1296 2866 jubet:
1326 2816 1396 2852 iste
1418 2821 1566 2859 contra,
1585 2814 1733 2851 nullum

277 2875 466 2924 Judicium
486 2889 559 2914 nec
577 2876 660 2926 ipsc
680 2875 910 2926 designavit,
939 2888 1062 2925 neque
1086 2888 1109 2912 a
1132 2876 1270 2926 quibus
1291 2889 1428 2927 poenas
1455 2875 1585 2925 exigit,
1613 2875 1734 2925 petiit,

282 2936 351 2974 sed
370 2937 497 2976 statim
517 2936 681 2988 scripsit,
708 2949 796 2976 eum
816 2935 1008 2976 abducere
1028 2936 1154 2983 licere,
1175 2949 1290 2988 quem
1309 2937 1340 2975 si
1359 2936 1444 2988 quis
1471 2935 1692 2983 asseruerit,
1711 2948 1734 2974 e
