1923 3149
299 212 376 249 390
676 209 898 246 CONTRA
928 206 1375 246 ARISTOCRATEM.

298 312 398 350 ferri.
441 311 631 348 Praeterea
655 311 743 348 mihi
774 311 928 361 quidem
949 323 1132 362 perquam
1163 323 1247 348 esse
1278 308 1479 360 impudens
1507 308 1573 346 illa
1597 307 1747 345 videtur

300 372 434 417 oratio,
455 371 558 421 prius
577 371 691 408 etiam
711 371 793 408 aliis
812 371 903 409 talia
923 372 1078 409 decreta
1097 384 1182 408 esse
1202 371 1316 408 faeta.
1365 371 1450 408 Nee
1471 370 1585 414 enim,
1603 369 1633 406 si
1654 369 1745 417 quid

300 445 470 481 uuquam
491 445 564 468 nou
581 432 791 469 secundum
814 433 920 482 leges
941 433 1084 469 factum
1103 439 1176 477 cst,
1196 431 1310 481 idque
1329 438 1371 467 tu
1389 443 1429 468 es
1448 430 1630 473 imitatus,
1658 442 1744 478 pro-

299 502 431 543 pterca
447 501 483 531 te
506 494 649 531 absolvi
667 494 790 539 decet,
810 494 877 531 sed
897 501 1042 539 contra,
1068 500 1176 530 tauto
1195 491 1366 530 damnari
1385 491 1507 541 magis
1533 498 1746 540 propterea.

302 554 412 591 Sicut
439 554 594 598 enim‚si
610 555 694 604 quis
715 554 863 591 illorum
880 554 1084 591 damnatus
1105 554 1252 599 fuisset,
1267 560 1308 590 tu
1323 553 1398 590 ista
1416 564 1493 589 non
1514 550 1747 601 scripsisses,

298 615 353 652 ita
374 616 404 653 si
425 623 463 653 tu
483 629 586 653 nunc
605 616 860 659 damnaberis,
883 616 978 652 alius
999 629 1074 652 non
1095 615 1249 653 scribet.

353 678 419 713 27.
450 677 537 713 Hoc
561 676 758 713 decretum
783 676 897 726 igitur
917 689 958 713 se
979 690 1055 713 non
1077 677 1275 714 manifeste
1295 681 1428 713 contra
1450 686 1583 712 omnes
1608 671 1748 710 fecisse

299 736 423 787 leges,
452 749 524 773 nec
545 736 666 785 ipsum
689 748 804 786 posse
834 749 973 785 negare
993 738 1264 775 Aristocratem
1289 738 1472 775 arbitror:
1501 735 1571 773 sed
1597 733 1748 779 accidit,

298 805 344 834 ut
368 797 561 846 quendam
581 796 806 833 violatarum
826 797 954 846 legum
975 811 1078 835 reum
1107 798 1276 843 viderim,
1296 799 1359 847 qui
1381 810 1467 834 cum
1497 797 1647 846 legibus
1679 795 1748 832 da-

300 864 510 901 mnaretur,
528 871 568 895 se
583 857 838 895 conducibilia
857 858 964 896 vobis
982 859 1180 909 scripsisse
1201 859 1327 897 dicere
1342 859 1569 902 institueret,
1583 864 1622 894 et
1633 857 1748 894 vehe-

300 925 448 956 menter
467 918 730 962 contenderet,
754 918 871 956 stulta
889 919 1042 969 quidem
1073 932 1242 969 prorsus,
1271 921 1417 970 opinor,
1445 919 1503 956 vel
1536 918 1751 968 impudenti

300 979 428 1030 potius
449 979 633 1017 oratione.
663 979 832 1017 Tametsi
846 980 945 1017 enim
962 994 1006 1017 ea
1025 994 1110 1030 quae
1123 980 1359 1018 decrevisset
1373 981 1410 1017 in
1431 979 1562 1017 ceteris
1578 980 1625 1016 ab
1645 979 1749 1016 omni

300 1049 406 1090 parte
434 1039 542 1077 utilia
561 1046 706 1085 essent,
736 1047 774 1077 et
793 1054 815 1078 a
836 1041 942 1079 vobis
967 1047 1110 1086 tamen,
1129 1041 1193 1092 qui
1220 1054 1286 1078 vos
1305 1054 1352 1079 ex
1370 1040 1593 1092 praescripto
1619 1040 1749 1090 legum

300 1101 619 1151 pronunciaturos
631 1101 802 1151 jurastis,
817 1114 862 1139 ea
881 1101 1097 1139 confirmari
1118 1102 1342 1152 postularet,
1364 1115 1450 1152 quae
1464 1115 1536 1139 nec
1555 1101 1635 1151 ipse
1647 1103 1750 1152 juste

301 1161 443 1211 scripta
473 1174 558 1199 esse
589 1167 723 1212 posset
751 1162 969 1207 ostendere,
1003 1176 1072 1213 pro
1102 1163 1299 1201 inutilibus
1324 1163 1504 1200 habenda
1532 1163 1686 1207 fuerint,
1717 1162 1750 1199 si

300 1222 415 1260 modo
429 1221 676 1273 jurisjurandi
695 1222 828 1273 religio
850 1224 1003 1261 maximi
1023 1224 1199 1261 omnibus
1219 1224 1397 1262 facienda
1415 1231 1486 1262 est.
1525 1223 1655 1261 Habet
1672 1223 1750 1261 for-

298 1290 400 1321 tasse
421 1290 550 1321 tamen
571 1284 635 1321 illa
654 1284 888 1334 impudentia
908 1285 1081 1322 nonnihil
1101 1286 1374 1323 excusationis.
1424 1285 1488 1322 Isti
1520 1292 1646 1322 autem
1676 1298 1749 1322 nec

300 1359 347 1383 ea
373 1359 490 1383 causa
510 1345 735 1395 relinquitur
754 1346 856 1396 apud
879 1359 958 1384 vos.
1003 1347 1103 1384 Cum
1130 1348 1228 1385 enim
1249 1347 1445 1385 decretum
1471 1347 1552 1397 ejus
1582 1359 1750 1384 summo-

301 1419 390 1456 pere
411 1406 559 1456 legibus
579 1406 815 1452 adversetur,
835 1407 1081 1457 perniciosius
1101 1408 1212 1445 etiam
1237 1414 1308 1453 est,
1329 1420 1443 1457 quarn
1464 1406 1642 1457 iniquius.
1680 1407 1751 1444 At-

302 1479 376 1516 que
398 1467 562 1517 idipsum
594 1480 745 1517 quoque
774 1467 1047 1506 demonstrabo
1068 1469 1188 1506 vobis.
1236 1469 1289 1505 Ut
1310 1476 1439 1505 autem
1467 1468 1505 1505 id
1534 1468 1638 1518 quod
1663 1468 1752 1505 volo

300 1528 427 1564 verbis
453 1528 694 1577 paucissimis
714 1529 930 1574 ostendam,
950 1536 1081 1566 notum
1103 1530 1212 1566 vobis
1241 1530 1418 1566 omnibus
1448 1529 1664 1579 exemplum
1694 1543 1752 1567 re-

300 1589 483 1627 censebo.
531 1588 642 1625 Scitis
663 1601 682 1625 e
704 1589 901 1639 republica
929 1598 1061 1627 nostra
1088 1603 1183 1634 esse,
1211 1597 1253 1628 ut
1273 1603 1399 1640 neque
1420 1589 1608 1635 Thebani,
1628 1603 1753 1640 neque

303 1649 586 1687 Lacedaemonii
613 1650 687 1687 sint
706 1656 909 1699 potentes:
941 1651 1009 1688 sed
1030 1657 1072 1688 ut
1099 1651 1154 1688 illi
1183 1651 1421 1697 Phocenses,
1447 1650 1487 1687 hi
1513 1651 1608 1688 alios
1637 1663 1752 1700 quos*

302 1711 406 1761 piam
438 1710 676 1748 adversarios
709 1710 889 1748 habeant.
927 1711 1028 1749 Nam
1057 1712 1123 1749 tali
1155 1725 1278 1749 rerum
1316 1718 1434 1756 statu,
1465 1725 1532 1749 vos
1564 1724 1753 1749 summam

302 1771 512 1821 potentiam
530 1771 667 1819 securi,
687 1778 726 1808 et
744 1779 854 1809 extra
886 1785 999 1810 omne
1026 1773 1138 1823 positi
1172 1772 1381 1823 periculum
1398 1779 1543 1810 -tenere
1574 1772 1752 1823 potestis.

303 1832 389 1869 Hoc
412 1832 534 1882 ipsum
558 1832 672 1882 igitur
699 1833 889 1870 consimili
909 1834 1057 1872 ratione
1080 1834 1225 1871 civib'us
1254 1833 1405 1878 nostris,
1429 1834 1494 1884 qui
1519 1834 1558 1870 in
1588 1833 1752 1872 Cherso-

303 1905 397 1929 neso
427 1883 650 1937 consedere,
677 1893 863 1943 prodesse
895 1894 1050 1943 putetiS‚
1088 1901 1130 1931 ut
1162 1907 1210 1931 ne
1249 1895 1334 1944 quis
1364 1894 1562 1932 Thracum
1589 1907 1751 1945 magnas

303 1966 395 2003 opes
424 1953 576 1991 habeat.
629 1953 730 1990 Nam
768 1953 919 1990 illorum
946 1954 1132 1991 tumultus
1165 1954 1262 1991 inter
1287 1954 1407 2004 ipsos,
1441 1961 1662 2004 mutuaeque
1688 1967 1752 1991 su-

305 2013 494 2064 spiciones
516 2021 555 2051 et
575 2013 803 2059 simultates,
826 2028 974 2052 summa
1002 2023 1092 2052 sunt
1111 2015 1278 2052 omnium
1305 2014 1598 2066 firmissimaque
1633 2015 1754 2053 Cher-

305 2075 433 2111 sonesi
458 2073 650 2124 praesidia.
690 2074 900 2112 Decretum
920 2088 1008 2112 vero
1028 2075 1146 2120 istud,
1176 2088 1253 2126 quo
1272 2082 1315 2112 ut
1334 2075 1595 2126 Cersobleptae
1615 2076 1759 2114 summi*

306 2134 414 2172 ducis
443 2134 634 2172 securitati
653 2135 879 2180 consulitur,
902 2135 955 2173 sic
974 2143 1185 2173 ceterorum
1213 2149 1347 2186 regum
1366 2136 1557 2186 praefectis
1577 2143 1700 2175 metus
1716 2144 1758 2175 et

305 2203 438 2240 terror,
464 2209 511 2233 ne
531 2196 568 2232 iu
591 2196 733 2232 crimen
756 2195 911 2245 aliquod
939 2196 1107 2238 veniant,
1129 2197 1323 2242 incutitur,
1343 2197 1414 2234 hos
1433 2197 1615 2243 infirmos,
1634 2210 1754 2234 unum

305 2255 412 2293 illum
444 2262 640 2306 potentem
678 2256 782 2293 facit.
832 2256 891 2293 Ne
922 2269 1013 2294 vero
1045 2257 1228 2294 miremini
1266 2257 1421 2294 decreta
1449 2264 1576 2294 vestra
1605 2263 1753 2294 tantum

306 2317 446 2354 habere
468 2317 648 2367 ponderis
669 2325 706 2354 et
727 2317 922 2362 momenti,
948 2331 1027 2355 rem
1048 2318 1202 2364 factam,
1223 2324 1261 2355 et
1288 2324 1417 2355 notam
1436 2318 1543 2355 vobis
1564 2317 1756 2362 omnibus,

307 2378 343 2413 in
368 2377 586 2414 memoriam
608 2378 792 2427 redigam.
832 2379 962 2419 Quum
985 2378 1232 2429 Miltocythes
1252 2391 1274 2416 a
1293 2379 1416 2428 Cotye
1436 2378 1655 2423 defecisset,
1673 2379 1755 2416 bel-

306 2437 461 2487 lumque
477 2437 541 2474 diu
559 2438 783 2483 traheretur,
800 2445 839 2476 et
853 2439 1064 2489 Ergophilo
1080 2452 1281 2477 successor
1296 2439 1410 2476 datus
1427 2438 1614 2476 Autocles
1629 2439 1756 2478 classe

307 2499 547 2548 profecturus
569 2505 684 2543 esset,
706 2500 850 2537 factum
871 2500 1067 2550 quoddam
1090 2499 1192 2551 apud
1215 2513 1283 2538 vos
1311 2499 1530 2550 hujusmodi
1558 2500 1755 2538 decretum

309 2559 395 2603 fuit,
415 2571 491 2608 quo
521 2559 767 2609 Miltocytlres
787 2561 1006 2610 perterritus
1027 2561 1132 2605 abiit,
1152 2560 1255 2610 quod
1282 2573 1348 2597 vos
1380 2573 1402 2597 a
1422 2573 1462 2597 se
1483 2560 1668 2598 alienatos
1689 2574 1754 2598 ex?

309 2620 512 2665 istimabnt,
528 2619 647 2669 Cotys
658 2627 783 2657 autem
798 2628 836 2658 et
849 2621 945 2659 sacri
962 2622 1114 2666 montis,
1130 2629 1165 2658 et
1183 2621 1371 2658 thesauris
1387 2629 1445 2659 est
1460 2621 1618 2671 potitus.
1639 2622 1756 2672 Atqui

310 2681 462 2725 deiude,
478 2679 742 2725 Athenienses,
767 2681 954 2719 Autocles
972 2683 1237 2727 accusabatur,
1255 2683 1364 2732 quasi
1385 2681 1650 2731 Miltocythem
1669 2695 1755 2732 per-

308 2741 493 2778 didisset:
520 2741 675 2790 jamque
691 2748 840 2790 tempus
861 2741 1069 2779 accusandi
1091 2750 1284 2779 auctorem
1306 2742 1449 2780 decreti
1470 2742 1570 2778 illius
1590 2742 1755 2779 exierat:

308 2808 347 2838 et
363 2810 491 2839 nostra
507 2803 638 2840 civitas
660 2802 773 2838 rebus
794 2802 941 2839 infectis
962 2809 1000 2839 ct
1016 2803 1172 2852 perditis
1194 2803 1378 2840 desistere
1397 2804 1616 2853 cogebatur.
1658 2804 1755 2841 Oin-

312 2861 401 2897 niuo
422 2862 533 2912 igitur
555 2864 704 2906 scitote,
726 2875 827 2898 nuuc
843 2862 969 2905 etiam,
986 2863 1056 2899 uisi
1071 2863 1267 2900 decretum
1285 2863 1356 2900 hoe
1373 2863 1573 2907 solveritis,
1588 2871 1626 2900 et
1645 2877 1754 2913 reges

310 2923 429 2971 ipsos,
462 2932 500 2961 et
527 2937 657 2962 eorum
685 2923 803 2961 duces
839 2922 1057 2962 mirabiliter
1083 2923 1216 2963 animis
1246 2923 1511 2975 trepidaturos.
1561 2923 1756 2963 Putabunt
