1923 3149
514 169 738 207 CONTRA
774 169 1222 210 ARISTOCRATEM.
1525 178 1601 214 399

160 268 396 319 reipublicae‚
415 276 453 308 ct
471 284 546 321 quo
566 272 691 309 minus
709 272 928 323 Amphipoli
946 272 1176 322 potiremini,
1197 287 1314 312 unum
1335 277 1501 315 omniurn
1522 292 1602 318 ma-

162 330 261 367 xime
286 332 497 377 obstitisse,
527 339 566 370 ct
589 346 636 370 ex
659 333 789 378 literis,
821 340 860 370 et
883 333 1052 377 decreto,
1083 340 1121 370 et
1145 337 1364 374 testimonio
1391 340 1602 382 audivistis.

161 391 218 427 Ac
238 392 422 443 principia
437 393 591 443 quidem
611 394 821 431 facinorum
838 393 1056 432 Charidemi
1076 394 1166 432 talia
1180 404 1281 434 sunt.
1317 398 1404 436 Jam
1421 400 1494 438 alia
1509 415 1603 441 con-

159 452 409 502 templamini.
445 454 566 492 Parvo
587 455 711 505 spatio
731 456 911 505 temporis
933 455 1145 506 interjecto,
1163 456 1341 507 belloque
1359 460 1506 511 Cotyco
1519 465 1601 514 jam

159 513 359 562 gliscente,
378 515 490 553 mittit
507 516 635 554 literas
655 516 704 553 ad
727 529 808 561 vos,
837 516 913 553 imo
933 528 1010 553 non
1032 516 1081 553 ad
1101 529 1182 561 vos,
1203 518 1272 555 sed
1292 520 1340 555 ad
1362 521 1601 572 Cephisodo-

158 580 239 611 tum
259 576 409 625 potius;
439 590 561 626 usque
583 577 680 614 adeo
709 590 733 614 a
751 589 835 614 sese
857 577 986 613 urbem
1013 590 1061 614 ne
1082 577 1207 628 decipi
1225 579 1377 628 quidem
1396 595 1511 632 posse
1530 599 1600 636 pu-

159 637 278 682 tabat,
299 650 454 674 suarum
476 637 800 675 machinationum
827 637 1018 675 conscius.
1052 639 1095 675 In
1116 639 1160 676 iis
1182 639 1300 677 literis
1321 654 1361 678 se
1381 644 1601 694 reipublicae

158 704 300 733 nostrae
321 697 605 735 Chersonesum
625 697 722 735 velle
745 698 942 735 restituere
961 698 1228 748 pollicebatur,
1244 713 1330 738 cum
1350 702 1542 742 diversum
1563 707 1601 745 in
1652 736 1655 739 .

155 758 282 795 animo
300 759 470 796 haberet.
500 759 571 796 Est
583 766 710 797 autem
728 759 832 797 vobis
852 761 1180 809 cognoscendum,
1199 775 1288 811 quac
1308 763 1408 801 illius
1428 766 1601 816 epistolae

155 818 352 856 mittendae
378 819 599 856 occasiones
620 820 772 864 fuerint,
793 820 904 869 idque
934 821 1079 870 paucis,
1102 829 1140 858 et
1155 823 1475 862 considerandum
1492 828 1600 877 inge-

154 881 256 917 nium
280 880 457 927 hominis,
474 886 517 918 ut
531 881 659 918 sciatis
678 881 870 931 quomodo
890 881 921 918 is
942 883 989 919 ab
1003 882 1108 919 initio
1121 883 1318 921 vobiscum
1332 886 1465 934 egerit.
1500 889 1598 926 Cum

153 942 255 978 enim
274 942 452 979 dimissus
467 949 571 980 esset
586 955 609 979 a
620 942 832 985 Timotheo,
845 949 925 980 tum
941 943 1160 994 Amphipoli
1175 945 1391 991 discedens,
1409 947 1445 984 in
1465 948 1597 988 Asiam

153 1010 429 1054 transgressus,
446 1006 494 1042 ob
507 1005 740 1042 Artabazum
755 1005 802 1042 ab
818 1004 1108 1055 Autophradate
1128 1007 1462 1057 comprehensum,
1482 1016 1520 1047 et
1533 1024 1598 1048 ex-

151 1066 311 1102 ercitum
333 1071 372 1102 ct
391 1065 635 1116 semetipsum
657 1066 806 1115 generis
827 1066 1011 1103 Artabazi
1028 1066 1142 1104 locat.
1173 1067 1344 1118 Fidcque
1363 1069 1455 1106 data
1475 1078 1514 1108 et
1532 1084 1598 1110 ac-

152 1134 278 1176 cepta,
303 1127 480 1176 neglecto
513 1134 552 1164 et
579 1127 719 1164 violato
742 1127 1006 1177 jurejurando,
1026 1140 1145 1177 quum
1174 1129 1439 1178 provinciales,
1458 1133 1520 1181 qui
1549 1135 1597 1171 ab

152 1187 276 1224 amico
296 1187 386 1224 nihil
415 1188 652 1231 metuebant,
674 1187 800 1224 nullas
820 1187 1000 1225 excubias
1021 1195 1191 1238 agerent,
1211 1196 1287 1227 tres
1312 1203 1443 1228 eorum
1472 1194 1596 1238 urbes,

151 1249 324 1298 Scepsim,
342 1249 529 1292 Cebrcna,
548 1249 708 1285 etIlium
724 1256 900 1298 occupat.
935 1249 1007 1286 His
1024 1250 1178 1287 urbibus
1199 1251 1357 1300 potitus,
1377 1252 1597 1302 imprudens

149 1309 185 1344 in
206 1322 289 1345 eam
313 1309 581 1346 necessitatem
610 1309 754 1353 incidit,
775 1322 890 1358 quam
911 1323 987 1346 non
1007 1310 1121 1347 modo
1142 1311 1171 1347 is
1186 1312 1249 1360 qui
1271 1325 1311 1348 se
1330 1312 1595 1363 imperatorem

148 1370 357 1420 profitetur,
379 1370 446 1407 sed
468 1383 537 1406 nec
557 1383 576 1407 e
597 1369 740 1419 populo
759 1370 959 1419 quisquam
975 1370 1151 1420 ignorare
1172 1378 1286 1421 atque
1307 1373 1508 1412 admittere
1529 1376 1597 1413 de-

148 1430 310 1468 buisset.
350 1432 479 1474 Quum
505 1431 603 1467 enim
623 1430 770 1467 nullum
791 1431 1019 1468 maritimum
1048 1432 1175 1469 locum
1205 1440 1365 1479 teneret,
1385 1442 1453 1472 aut
1479 1436 1595 1474 aliurn

147 1491 250 1528 unde
268 1498 523 1529 commeatum
550 1497 774 1541 supportare
794 1492 975 1529 militibus
996 1500 1143 1542 posset,
1161 1506 1232 1530 nec
1259 1494 1296 1529 in
1327 1494 1418 1544 ipsis
1444 1497 1595 1546 oppidis

146 1552 380 1589 frumentum
409 1551 581 1598 haberet,
605 1551 706 1588 intra
732 1552 872 1589 moenia
894 1553 1076 1599 substitit,
1102 1566 1224 1604 neque
1253 1554 1411 1604 direptis
1438 1557 1595 1595 urbibus

146 1614 251 1658 abiit,
277 1621 478 1663 postquam
498 1613 652 1650 omuino
671 1613 855 1659 scelerate
880 1626 992 1664 agere
1021 1614 1257 1652 decreverat.
1301 1615 1353 1652 Ut
1371 1629 1461 1654 vero
1481 1617 1595 1656 Arta-

144 1675 262 1711 bazus
295 1674 472 1711 dimissus
503 1675 551 1711 ab
581 1673 886 1724 Autophradate‚
912 1675 1080 1712 collectis
1108 1675 1228 1726 copiis
1260 1676 1405 1720 aderat,
1429 1677 1460 1714 is
1487 1691 1508 1716 e
1528 1692 1593 1717 su-

144 1735 290 1784 periore
311 1735 478 1786 Phrygia
498 1741 537 1772 et
556 1735 678 1786 Lydia
694 1742 731 1772 et
753 1734 1031 1786 Paphlagonia,
1045 1736 1261 1787 conjunctis
1277 1750 1409 1775 secum
1428 1740 1595 1789 regioni-

145 1796 217 1832 bus
234 1796 387 1833 abunde
405 1803 662 1834 commeatum
682 1795 863 1841 habebat,
876 1797 1106 1834 Charidemo
1127 1810 1215 1835 vero
1230 1797 1323 1834 nihil
1338 1805 1477 1848 praeter
1491 1801 1593 1838 obsi-

142 1856 296 1893 dionem
312 1864 523 1907 supererat.
547 1858 644 1895 Cum
662 1863 786 1895 autem
802 1857 1122 1896 animadverteret
1137 1859 1172 1895 in
1189 1859 1340 1909 quantis
1353 1866 1456 1898 esset
1467 1861 1592 1908 malis,

141 1924 180 1954 et
198 1917 432 1967 cogitatione
451 1925 633 1969 suscepta
650 1918 891 1968 intelligeret,
911 1932 951 1956 se
971 1919 1008 1956 in
1028 1919 1195 1956 hostium
1217 1933 1352 1956 manus
1373 1928 1589 1967 venturum,

143 1978 174 2014 si
189 1980 294 2016 nulla
309 1992 347 2016 re
367 1979 454 2024 alia,
466 1979 567 2016 fame
585 1979 719 2017 saltem
733 1980 933 2017 subactum
949 1993 958 2023 ;
989 1979 1198 2030 prospexit,
1213 1980 1291 2017 sive
1305 1981 1522 2019 admonitus
1541 1985 1589 2022 ab

142 2039 231 2082 alio,
250 2039 340 2076 -sive
365 2040 525 2076 consilio
546 2052 568 2076 a
587 2040 792 2089 semetipso
824 2040 958 2089 petito,
982 2053 1068 2078 eam
1094 2054 1200 2090 spem
1226 2041 1360 2079 salutis
1381 2042 1502 2079 solam
1533 2057 1592 2080 re-

142 2108 243 2137 stare
257 2101 341 2146 sibi,
353 2114 439 2150 quae
460 2113 592 2138 omnes
609 2113 836 2138 conservare
856 2101 1008 2139 soleret.
1038 2102 1098 2139 Ea
1111 2115 1199 2139 vero
1214 2116 1300 2152 qnae
1315 2103 1405 2140 est?
1435 2104 1590 2150 Nostra,

143 2161 414 2206 Athenienses,
447 2163 526 2200 sive
554 2162 719 2199 dicenda
743 2170 803 2200 est
821 2162 1053 2208 humanitas,
1079 2164 1158 2201 sive
1187 2164 1291 2214 qnod
1321 2178 1459 2203 nomen
1484 2167 1589 2205 aliud

142 2229 321 2261 meretur.
367 2224 482 2265 Quod
503 2225 567 2261 ubi
589 2230 787 2269 statuerat,
818 2224 925 2261 vobis
945 2226 1061 2263 mittit
1084 2226 1299 2276 epistolam,
1319 2240 1433 2277 quam
1457 2229 1589 2267 audire

140 2295 264 2333 operae
283 2284 445 2334 pretinm
464 2284 594 2329 fuerit,
614 2291 657 2322 ut
677 2292 871 2323 ostentata
890 2299 958 2336 spe
979 2286 1212 2324 Chersonesi
1239 2290 1527 2338 recuperandae,
1550 2299 1590 2328 et

139 2345 230 2393 qnia
257 2345 306 2382 de
327 2346 593 2397 Cephisodoti,
619 2346 684 2397 qui
708 2347 842 2397 Cotyis
864 2354 903 2385 et
929 2347 1132 2398 Iphicratis
1160 2350 1368 2398 putabatur
1398 2350 1587 2398 inimicus,

139 2405 300 2442 consilio
321 2419 433 2456 agere
453 2407 669 2453 videbatur,
689 2408 906 2446 triremibus
935 2421 957 2446 a
982 2409 1089 2446 vobis
1110 2409 1377 2460 suppeditatis,
1407 2411 1504 2449 citra
1521 2426 1588 2463 pe-

138 2465 298 2503 riculum
319 2480 366 2503 ex
382 2467 476 2505 Asia
495 2467 709 2518 aufugeret.
1253 2508 1257 2513 .

192 2530 255 2566 39.
287 2530 437 2568 Interea
448 2532 541 2581 qui-d
554 2532 609 2578 fit,
626 2532 728 2569 unde
741 2545 801 2570 res
815 2532 900 2582 ipsa
912 2533 1040 2584 palam
1061 2533 1297 2584 deprehensa
1312 2534 1398 2572 est?
1428 2535 1587 2574 Memno

136 2595 175 2626 et
196 2589 365 2635 Mentor,
385 2591 557 2629 homines
584 2592 877 2638 adolescentuli,
896 2593 1196 2644 inexspectatam
1224 2595 1328 2631 nacti
1347 2595 1583 2640 felicitatem,

137 2649 357 2687 affinitatem
389 2652 585 2697 Artabazi,
613 2653 741 2703 cupidi
774 2653 903 2691 statim
932 2654 1135 2692 exercendi
1163 2655 1320 2705 imperii,
1350 2662 1389 2693 et
1410 2656 1584 2706 potiundi

136 2709 356 2756 honoribus,
376 2724 452 2748 non
473 2713 632 2761 gerendi
649 2713 739 2750 belli
763 2720 802 2751 et
819 2713 1042 2760 dimicandi,
1066 2716 1259 2753 Artabazo
1278 2716 1434 2760 instant,
1462 2724 1504 2753 ut
1526 2717 1585 2753 ul-

137 2769 239 2807 tione
260 2771 478 2808 Charidemi
498 2773 652 2818 omissa,
677 2774 855 2824 belloque
875 2777 1104 2826 composito,
1126 2790 1194 2826 per
1220 2776 1392 2812 inducias
1415 2790 1500 2813 eum
1526 2778 1583 2814 di-

137 2831 324 2875 mitteret;
355 2832 555 2879 docentes,
580 2833 728 2871 etiamsi
757 2835 838 2885 ipse
870 2836 1002 2882 nollet,
1033 2849 1101 2874 vos
1133 2850 1216 2874 eum
1248 2843 1582 2886 transportaturos,

136 2905 209 2931 nec
228 2893 351 2942 ipsum
370 2893 408 2931 id
426 2906 540 2943 posse
553 2893 765 2944 prohibere.
798 2895 851 2933 Ut
866 2904 993 2934 autem
1013 2896 1266 2935 Charidemus
1282 2903 1419 2947 proeter
1431 2910 1582 2936 omnem
