1923 3149
522 348 774 399 ORATIO
813 348 902 398 DE
940 347 1313 398 HALONESO.

244 462 278 502 l.
310 464 490 502 MINIME
512 466 825 503 committendum
854 471 925 511 cst,
946 465 1214 510 Athenienses,
1235 471 1277 501 ut
1304 469 1459 514 propter
1488 476 1535 501 ea
1562 464 1635 502 cri-

185 526 301 571 mina,
321 539 406 575 quae
428 526 627 577 Philippus
649 527 693 565 iis
714 528 845 578 objicit
865 527 928 577 qui
948 539 1016 577 pro
1031 526 1119 578 jure
1138 532 1265 563 vestro
1281 525 1383 576 apud
1398 537 1467 562 vos
1487 524 1634 571 dicunt,

184 596 207 622 a
225 587 424 624 suadendo
439 589 543 625 vobis
562 601 609 626 ca
627 601 713 638 quae
732 602 753 626 e
774 601 814 626 re
830 595 955 625 vestra
975 594 1078 632 sunt,
1099 585 1385 637 prohibeamur:
1416 598 1494 623 non
1509 586 1634 623 feren-

184 646 274 684 dum
295 649 394 686 enim
413 648 540 696 fucrit,
558 648 683 687 missis
705 650 751 687 ab
776 649 841 687 illo
859 649 1031 699 epistolis
1051 649 1167 686 libere
1187 661 1257 698 pro
1278 647 1464 685 concione
1483 646 1637 684 dicendi

181 707 404 746 facultatem
426 711 534 747 nobis
556 709 663 762 eripi.
723 710 809 761 Ego
829 724 933 755 vero,
952 710 1223 755 Athenienses,
1240 708 1405 760 primum
1425 708 1534 751 eade
1553 708 1637 758 qui-

183 768 255 806 bus
276 770 429 821 scripsit
448 771 666 823 Philippus,
686 773 818 810 ordine
834 785 1077 823 percurram;
1108 778 1208 822 post,
1231 771 1370 822 quibus
1387 770 1435 808 de
1449 770 1564 808 rebus
1582 769 1638 807 le-

182 829 260 879 gati
279 832 397 869 verba
417 831 607 879 fecerunt,
628 840 667 871 et
687 834 760 884 ipsi
780 833 963 871 dicemus.

235 892 272 927 2.
289 890 490 943 Philippus
504 894 726 944 auspicatur
739 895 787 932 ab
805 894 1015 940 Haloneso,
1030 906 1206 944 eamque,
1219 905 1339 942 quum
1355 905 1425 930 sua
1440 891 1501 938 sit,
1516 905 1557 930 se
1570 904 1637 930 vo-

180 952 239 990 bis
255 952 349 991 dicit
362 954 504 992 donare
519 970 528 998 ;
549 962 589 992 at
603 968 670 992 vos
679 955 768 1005 jure
787 967 872 991 eam
888 962 1060 1005 repetere
1075 961 1208 1004 negat,
1223 953 1323 1003 'quae
1339 966 1411 991 nec
1425 960 1550 991 vestra
1566 953 1640 992 fuit

182 1026 300 1064 quum
312 1013 392 1065 ipse
407 1021 500 1052 tunc
514 1014 628 1065 cepit,
642 1028 768 1065 neque
782 1028 885 1052 nunc
899 1022 960 1052 est
973 1028 1092 1065 quum
1112 1020 1230 1052 tenet.
1280 1014 1345 1051 Ad
1360 1026 1431 1052 nos
1451 1014 1565 1053 etiam
1591 1027 1639 1053 ea

179 1076 294 1112 verba
306 1076 397 1114 fecit
408 1089 524 1126 quum
542 1076 644 1127 apud
664 1077 787 1127 ipsum
805 1076 998 1127 legatione
1018 1076 1282 1127 fungeremur,
1300 1089 1341 1115 se
1361 1089 1499 1127 nempe
1519 1089 1637 1114 occu-

178 1147 292 1186 passe
307 1136 472 1174 insulam
485 1137 584 1175 hanc
598 1137 811 1175 latronibus
827 1145 1011 1189 ereptam,
1029 1150 1074 1175 ac
1087 1137 1247 1189 proinde
1261 1151 1368 1175 suam
1383 1150 1469 1175 esse
1482 1138 1636 1176 debere.

178 1196 319 1248 Neque
330 1211 421 1236 vero
436 1198 591 1236 difficile
606 1205 666 1236 est
676 1198 776 1237 hanc
789 1199 861 1250 ipsi
873 1199 1060 1237 rationem
1073 1206 1301 1250 extorquere
1320 1212 1406 1249 quae
1425 1199 1475 1236 sit
1493 1199 1637 1249 iniqua.

179 1257 326 1297 Omnes
347 1259 448 1297 enim
467 1259 637 1298 latrones
656 1259 781 1299 aliena
800 1260 887 1298 loca
906 1266 1112 1311 occupant,
1133 1273 1257 1311 eaque
1280 1260 1456 1297 muniunt
1480 1267 1523 1298 ut
1545 1260 1636 1298 inde

179 1318 274 1358 alios
299 1320 496 1358 infestent.
537 1321 654 1363 Quod
675 1322 705 1360 si
724 1322 808 1372 quis
827 1322 998 1360 latrones
1019 1322 1124 1360 ultus
1143 1321 1260 1360 fuerit
1277 1328 1315 1359 et
1337 1322 1537 1372 superarit,
1556 1335 1637 1360 non

177 1394 269 1419 sane
283 1382 485 1433 probanda
496 1383 602 1421 dicat
618 1383 649 1421 si
671 1384 913 1422 contenderit
929 1398 975 1422 ea
993 1397 1079 1435 quae
1094 1384 1147 1422 illi
1170 1397 1238 1435 per
1252 1383 1430 1435 injuriam
1454 1385 1640 1422 tenebant

177 1442 260 1481 aliis
276 1450 419 1495 erepta,
435 1457 505 1482 sua
516 1445 609 1483 fieri.
639 1445 740 1483 Nam
755 1446 786 1483 si
798 1446 883 1484 haec
903 1445 1140 1492 concedetis,
1154 1445 1246 1496 quid
1261 1445 1451 1496 prohibet,
1473 1445 1504 1482 si
1519 1459 1634 1496 quem

176 1503 238 1542 vel
253 1504 393 1543 Atticae
414 1505 555 1553 locum,
569 1506 630 1545 vel
651 1506 794 1554 Lemni,
814 1508 874 1545 vel
896 1506 1024 1552 Imbri,
1047 1507 1107 1545 vel
1124 1506 1245 1558 Scyri,
1264 1506 1466 1558 praedones
1487 1507 1634 1545 invase-

176 1564 262 1611 rint,
282 1571 322 1603 et
341 1566 455 1617 aliqui
475 1568 632 1606 eosdem
649 1569 761 1607 armis
783 1569 1012 1620 expulerint,
1038 1569 1131 1620 quin
1152 1569 1281 1608 statim
1301 1568 1333 1605 is
1353 1582 1506 1620 quoque
1526 1569 1635 1606 locus

175 1626 215 1663 in
239 1639 315 1676 quo
343 1627 544 1678 praedones
571 1630 737 1677 fuerant,
762 1631 935 1680 quamvis
960 1637 1087 1668 vester
1108 1630 1273 1680 [noster]
1303 1631 1368 1675 sit,
1389 1630 1542 1668 illorum
1567 1631 1636 1668 fiat

177 1687 244 1737 qui
263 1689 514 1739 represserint
540 1691 735 1729 latrones?
765 1691 964 1743 Philippus
992 1699 1119 1730 autem
1144 1705 1222 1729 non
1251 1692 1401 1743 ignorat
1428 1704 1469 1728 se
1496 1692 1640 1743 injusta

174 1747 316 1796 dicere,
336 1751 404 1788 sed
424 1765 542 1803 quum
562 1752 600 1790 id
620 1753 757 1791 melius
783 1767 898 1804 quain
917 1754 1078 1804 quilibet
1107 1754 1218 1800 norit,
1238 1754 1366 1791 fucum
1390 1753 1498 1792 vobis
1518 1768 1634 1805 posse

172 1808 253 1847 fieri
271 1820 401 1862 sperat
427 1826 495 1863 per
521 1827 587 1852 eos
614 1815 680 1865 qui
706 1828 777 1853 sua
803 1814 921 1865 ipsius
945 1815 1008 1853 hic
1035 1815 1337 1853 administraturi
1365 1822 1456 1852 sunt
1483 1822 1526 1853 ut
1552 1816 1633 1867 ipse

172 1872 267 1919 vult,
287 1874 430 1924 quique
445 1875 484 1912 id
504 1882 543 1913 et
562 1883 652 1914 ante
673 1877 934 1927 promiserunt
950 1884 989 1915 et
1009 1890 1112 1914 nunc
1132 1877 1248 1915 etiam
1267 1883 1400 1927 agunt.
1457 1877 1481 1914 J
1486 1891 1547 1916 am
1566 1892 1634 1916 ne-

173 1945 247 1983 que
264 1933 339 1973 hoc
358 1935 484 1986 ipsum
504 1938 688 1987 praeterit,
709 1951 776 1989 per
804 1944 1008 1988 utrumque
1028 1950 1182 1985 nomen,
1208 1944 1295 1976 utro
1321 1937 1531 1977 malueritis
1558 1939 1631 1989 uti,

173 2007 242 2033 vos
262 1995 428 2034 insulam
446 1997 661 2045 habituros,
689 1999 769 2036 sive
791 1998 1003 2050 accipiatis,
1029 2000 1108 2038 sive
1128 2000 1334 2051 recipiatis.
1393 2000 1496 2044 Quid
1514 2000 1632 2051 igitur

172 2068 260 2094 eum
279 2064 408 2096 movet
422 2065 465 2096 ut
480 2073 528 2097 ne
543 2060 650 2098 vobis
670 2060 849 2098 restituat
862 2063 969 2108 justo
985 2073 1078 2098 usus
1094 2060 1300 2108 vocabulo,
1320 2060 1387 2098 sed
1401 2060 1520 2099 donet
1537 2075 1631 2100 usus

171 2117 343 2169 injusto?
373 2120 464 2158 Non
485 2121 618 2172 utique
632 2122 708 2160 hoc
728 2129 771 2160 ut
790 2122 827 2159 in
848 2136 916 2161 vos
931 2123 1162 2160 beneficium
1177 2123 1388 2161 contulisse
1408 2123 1633 2173 profiteatur

172 2179 390 2230 (ridiculum
420 2182 522 2219 enim
551 2183 654 2220 istud
683 2183 800 2222 fuerit
825 2184 1088 2234 beneficium),
1115 2185 1184 2223 sed
1206 2190 1250 2222 ut
1277 2184 1428 2222 Graecis
1453 2185 1630 2224 omnibus

170 2243 361 2288 ostendat,
384 2245 481 2281 bene
499 2258 629 2282 secum
649 2246 712 2296 agi
734 2245 994 2284 Athenienses
1014 2246 1244 2293 existimare,
1279 2245 1310 2283 si
1329 2245 1518 2284 maritima
1543 2246 1631 2286 loca

169 2314 193 2340 a
214 2303 433 2344 Macedone
447 2307 651 2357 accipiant.
714 2307 801 2345 Hoc
823 2321 913 2345 vero
933 2308 1056 2355 vobis,
1073 2308 1345 2354 Athenienses,
1366 2320 1442 2346 non
1471 2315 1532 2347 est
1561 2310 1630 2347 ad-

170 2364 415 2405 mittendum.
471 2369 602 2410 Quum
624 2375 754 2407 autem
775 2369 868 2407 dicit
888 2383 928 2407 se
951 2370 998 2407 de
1018 2369 1077 2407 his
1098 2369 1196 2408 velle
1210 2369 1354 2421 judicio
1374 2370 1551 2421 experiri,
1571 2372 1628 2409 ni-

169 2424 224 2462 hil
252 2427 356 2466 ali'ud
380 2430 454 2468 nisi
472 2444 541 2468 vos
564 2431 733 2475 deridet;
765 2432 928 2482 primum
954 2445 1074 2482 quum
1099 2432 1270 2482 postulat
1300 2439 1344 2470 ut
1371 2432 1626 2472 Athenienses

169 2487 236 2525 viri
256 2502 343 2528 cum
369 2504 415 2529 eo
433 2493 498 2543 qui
519 2492 627 2531 Pella
645 2500 706 2531 est
733 2494 917 2531 oriundus
949 2494 996 2532 de
1017 2494 1152 2532 insulis
1179 2494 1282 2546 apud
1305 2495 1478 2543 judicem
1505 2497 1625 2533 ambi-

169 2556 277 2600 gant,
296 2558 421 2589 utrum
441 2560 578 2592 vestrae
598 2568 647 2592 an
666 2555 766 2593 illius
787 2556 875 2594 sint.
933 2556 1115 2603 ²Deinde,
1137 2558 1168 2595 si
1188 2564 1315 2595 vestra
1333 2557 1417 2595 haec
1436 2558 1622 2608 potentia,

168 2623 256 2662 quae
276 2611 437 2652 Graecos
455 2615 493 2652 in
512 2615 727 2655 libertatem
747 2618 927 2667 asseruit,
948 2619 1138 2656 maritima
1154 2619 1264 2657 vobis
1284 2608 1372 2656 loca
1392 2632 1468 2665 non
1484 2620 1626 2668 poterit

167 2674 279 2719 tueri,
293 2673 446 2725 judices
464 2689 553 2714 vero
571 2679 710 2728 quibus
732 2691 811 2715 rem
832 2691 902 2716 sua
918 2680 1146 2718 auctoritate
1160 2679 1422 2726 decidendamv
1439 2679 1624 2730 permise-

167 2735 261 2782 ritis,
281 2734 321 2772 hi
341 2737 448 2774 vobis
469 2750 533 2775 eas
561 2740 856 2786 conservabunt,
886 2741 917 2778 si
945 2747 1076 2779 tamen
1105 2755 1128 2780 a
1154 2741 1332 2792 Philippo
1353 2740 1618 2791 largitionibus

210 2847 219 2866 ¹
244 2847 343 2884 Quam
354 2848 425 2878 dum
437 2852 539 2878 vestra
548 2854 641 2884 esset,
651 2860 748 2889 neque
764 2852 882 2890 ceperit
946 2852 958 2870 ²
981 2853 1058 2882 Nam
1076 2853 1126 2882 ubi
1140 2857 1242 2882 vestra
1259 2851 1404 2892 potentia.
1428 2849 1532 2881 Iol-:M-

165 2898 264 2930 neque
277 2901 355 2921 nunc
369 2895 478 2922 teneat.
527 2893 646 2922 Wom.
