1923 3149
678 147 900 186 CONTRA
932 147 1160 186 M1D1AM.
1256 120 1260 121 ⁷
1576 154 1649 190 337

194 254 256 285 tus
281 248 509 296 exstitisset,
542 251 707 300 primum
739 249 917 301 equidem
951 249 989 287 id
1026 250 1242 289 infelicitati
1274 266 1371 291 meoe
1406 255 1654 298 tribuissem:

192 308 333 348 deinde
349 323 509 357 vererer,
523 324 570 349 ne
592 311 677 357 iste,
695 312 853 362 reliquae
874 324 954 349 suae
974 311 1063 348 vitae
1080 312 1344 352 moderatione
1364 322 1402 352 et
1417 315 1653 354 humanitate

191 377 359 417 ostensa,
379 386 425 410 ea
444 386 483 410 re
502 373 541 410 id
559 381 878 424 consequeretur,
900 378 943 410 ut
962 372 1117 422 impune
1144 373 1259 411 ferret
1290 375 1446 423 injurias
1478 378 1566 415 mihi
1599 378 1653 415 fa-

191 437 290 470 ctas.
349 433 463 471 Nunc
493 441 550 472 tot
581 436 663 484 ejus
695 441 848 472 exstant
871 434 909 471 in
943 434 1082 471 multos
1101 440 1270 472 vestrum
1291 436 1394 474 edita
1414 437 1597 485 facinora,
1617 446 1656 477 et

192 493 296 540 talia,
323 501 367 532 ut
396 495 471 533 hac
496 495 742 533 solicitudine
770 496 967 539 liberatus,
997 501 1134 533 contra
1164 495 1287 546 magis
1319 498 1485 542 timeam,
1507 514 1568 544 ne,
1589 503 1653 539 ubi

191 555 390 593 audieritis
412 556 505 593 alios
527 557 575 593 ab
595 569 640 594 eo
661 556 782 594 multa
815 562 855 594 et
888 557 1034 594 atrocia
1064 569 1152 595 esse
1182 570 1397 608 perpessos,
1417 560 1505 597 talis
1527 562 1654 612 aliqua

191 617 375 667 cogitatio
397 617 505 655 vobis
525 617 694 655 incidat:
725 618 818 667 quid
837 618 966 668 igitur,
994 631 1071 656 non
1098 619 1337 669 gravioribus
1362 633 1478 670 quam
1505 621 1567 659 alii
1596 624 1652 660 af-

190 677 314 716 sectus
335 678 494 727 injuriis,
515 679 757 730 indignaris?
814 679 956 717 Omnia
987 680 1142 731 quidem
1176 681 1290 719 istius
1317 682 1490 720 facinora
1530 696 1653 734 neque

189 751 264 789 ego
297 741 406 778 vobis
436 754 632 792 exponere
664 754 817 791 queam,
851 755 976 793 neque
1008 755 1076 780 vos
1110 743 1304 780 audienda
1335 746 1540 790 censeatis,
1562 749 1653 783 nam

189 801 344 840 tametsi
365 803 475 840 nobis
498 815 601 854 aqua
620 804 850 853 geminetur,
872 811 911 842 et
931 804 1055 849 istius,
1077 804 1126 842 ad
1145 817 1229 842 eam
1251 818 1340 855 quae
1360 806 1452 843 mihi
1468 806 1560 844 data
1580 814 1652 853 est,

189 863 367 910 addatur,
388 872 611 903 nontamen
632 867 838 904 sufficeret.
896 868 994 908 Quae
1015 879 1103 904 vero
1125 867 1290 906 maxima
1317 875 1420 913 sunt,
1441 875 1480 907 et
1498 870 1651 908 eviden-

188 925 454 971 tissima,·haec
475 926 615 964 dicam.
659 928 731 965 Vel
753 928 847 965 illud
871 929 998 979 potius
1019 928 1172 966 faciam.
1232 929 1375 980 Legam
1401 932 1524 977 vobis,
1553 936 1651 982 quos

188 986 279 1024 mihi
305 987 376 1038 ipsi
407 988 557 1025 confeci
588 1001 722 1027 omnes
756 990 1066 1028 commentarios.
1125 990 1261 1028 Dicam
1288 1003 1380 1028 vero
1412 992 1576 1042 primurn
1598 993 1652 1038 id,

185 1048 290 1097 quod
311 1049 417 1086 vobis
449 1049 580 1086 audire
611 1040 824 1100 placuerit:
855 1050 1037 1102 deinceps
1058 1051 1236 1097 alterum,
1267 1058 1306 1089 et
1337 1053 1483 1103 reliqua
1513 1054 1651 1092 eodem

186 1109 315 1154 modo,
336 1110 464 1160 quoad
485 1110 616 1148 audire
636 1111 845 1150 volueritis.
869 1109 872 1110 ⁷
901 1113 1001 1150 Sunt
1021 1119 1150 1150 autem
1172 1114 1321 1152 scelera
1336 1115 1459 1153 omnis
1487 1116 1650 1165 generis,

189 1170 337 1221 injuriae
360 1172 684 1224 contumeliaeque
707 1173 853 1219 multae,
874 1174 912 1212 in
933 1174 1140 1212 familiares
1156 1174 1356 1222 maleficia,
1377 1177 1582 1215 commissa
1613 1178 1652 1214 in

186 1231 281 1270 deos
308 1232 475 1283 piacula,
495 1247 620 1284 neque
639 1235 748 1272 locus
771 1236 873 1273 ullus
893 1242 965 1282 est,
988 1236 1024 1273 in
1043 1249 1120 1287 quo
1146 1237 1259 1274 istum
1289 1251 1367 1275 non
1395 1245 1513 1277 morte
1534 1239 1653 1290 digna

185 1294 426 1332 commisisse
448 1295 571 1333 multa
589 1296 781 1334 inventuri
803 1296 900 1334 sitis.

426 1432 827 1470 COMMENTARII
860 1433 1191 1472 FACINORUM
1225 1434 1420 1473 MIDIAE.

239 1537 260 1573 c
267 1536 302 1573 8.
333 1536 461 1577 Quam
481 1536 605 1574 multa
624 1535 753 1587 igitur,
772 1536 1042 1584 Athenienses,
1065 1544 1254 1589 perpetuo
1274 1539 1312 1576 in
1334 1539 1485 1577 obvium
1515 1552 1648 1589 quem-

184 1610 258 1648 que
290 1596 536 1643 commiserit,
569 1598 652 1636 haec
683 1605 785 1636 sunt.
842 1600 901 1638 Ac
935 1600 1011 1637 alia
1040 1600 1162 1637 multa
1193 1600 1375 1649 praeterii.
1424 1600 1516 1638 *Nec
1547 1601 1648 1637 enim

187 1658 310 1696 semel
330 1658 531 1708 quisquam
553 1654 691 1695 referre
706 1667 836 1708 queat,
858 1674 904 1698 ea
921 1674 1005 1709 quae
1027 1662 1098 1698 iste
1117 1659 1336 1710 petulanter
1355 1668 1472 1712 atque
1492 1662 1648 1700 assidue

189 1719 308 1770 longo
338 1719 458 1757 totius
486 1719 577 1756 vitae
607 1726 780 1770 tempore
807 1722 1054 1770 perpetravit.
1114 1721 1186 1758 Est
1206 1728 1246 1758 et
1263 1734 1392 1772 operae
1411 1724 1574 1773 pretium
1596 1725 1651 1761 vi-

185 1781 290 1826 dere,
306 1787 473 1830 quantos
487 1780 568 1830 jam
584 1779 732 1817 animos
747 1780 781 1817 ei
800 1781 935 1818 fecerit
947 1780 1083 1819 horum
1104 1782 1317 1820 facinorum
1333 1783 1501 1821 omnium
1523 1785 1648 1837 impu-

183 1843 297 1881 nitas.
355 1842 438 1880 Nec
465 1843 567 1880 enim
587 1843 748 1893 putavit,
768 1849 812 1880 ut
841 1842 930 1880 mihi
949 1844 1114 1889 videtur,
1134 1844 1297 1890 illustre,
1326 1853 1393 1883 aut
1418 1846 1648 1895 animosum,

182 1897 252 1943 aut
270 1911 392 1944 morte
413 1905 575 1956 dignum
593 1917 696 1951 esse,
714 1905 898 1956 quicquid
918 1919 1017 1944 unus
1034 1907 1173 1957 aliquis
1195 1921 1281 1945 cum
1296 1922 1372 1947 uno
1389 1910 1523 1960 egerit.
1555 1911 1646 1957 Sed,

183 1967 254 2006 nisi
284 1974 407 2006 totam
430 1967 648 2018 tribumque
678 1974 717 2005 et
749 1975 924 2006 senatum
958 1975 998 2006 et
1029 1976 1186 2019 gentem
1216 1970 1364 2021 probris
1385 1971 1589 2019 affecisset,
1609 1980 1649 2010 et

182 2029 326 2067 multos
346 2036 516 2067 vestrum
537 2030 652 2067 simul
672 2030 920 2080 exagitasset,
940 2031 1058 2069 vitam
1079 2031 1150 2069 sibi
1171 2034 1350 2070 acerbam
1378 2033 1459 2073 fore
1487 2036 1648 2085 putavit.

185 2092 248 2129 Ac
267 2097 395 2129 cetera
410 2090 579 2141 quidem,
598 2103 685 2128 cum
714 2090 866 2129 infinita
891 2091 1056 2130 dicenda
1088 2093 1280 2140 haberem,
1307 2101 1430 2132 taceo.
1488 2096 1567 2133 Sed
1600 2096 1648 2135 de

184 2152 378 2204 equitibus
399 2152 463 2202 qui
478 2152 679 2203 Arguraeae
704 2152 960 2203 expeditionis
987 2154 1273 2192 commilitones
1295 2156 1329 2193 ei
1353 2155 1522 2201 fuerunt,
1542 2157 1647 2195 scitis

182 2215 316 2266 utique
336 2220 480 2259 omnes,
500 2214 632 2264 quales
653 2215 859 2252 conciones
880 2215 985 2266 apud
1006 2229 1073 2254 vos
1101 2216 1292 2263 habuerit,
1315 2216 1502 2255 Chalcide
1522 2231 1646 2256 rever-

183 2288 262 2323 sus,
281 2288 399 2327 quum
415 2282 615 2313 accusaret
642 2289 687 2314 ac
704 2276 861 2321 diceret,
882 2276 989 2314 illum
1009 2278 1220 2316 exercitum
1241 2292 1327 2316 cum
1347 2279 1556 2330 ignominia
1574 2281 1646 2324 rei-

180 2339 274 2390 Pub.
295 2338 480 2376 exivisse:
511 2344 552 2376 et
569 2338 712 2388 quibus
729 2338 914 2384 conviciis
932 2346 1088 2390 propter
1114 2353 1179 2377 eos
1213 2341 1430 2387 Cratinum,
1451 2341 1515 2392 qui
1544 2355 1645 2380 nunc

168 2400 293 2446 eisut
318 2400 446 2446 audio,
466 2399 781 2451 patrocinabitur,
802 2408 1007 2451 propterea
1025 2401 1139 2439 fuerit
1163 2401 1385 2447 insectatus,
1406 2403 1645 2442 meministis.

183 2461 283 2499 Eum
295 2461 411 2512 igitur
429 2461 493 2511 qui
515 2467 592 2498 tam
607 2461 815 2499 multorum
831 2461 972 2499 civium
984 2461 1105 2509 ,simul
1120 2470 1249 2501 tantas
1268 2463 1487 2502 inimicitias
1497 2472 1543 2502 ‘et
1556 2465 1646 2502 odia

182 2522 380 2573 suscipere
400 2521 450 2559 de
469 2522 685 2560 nihilotnon
705 2522 869 2568 dubitat,
891 2529 1038 2573 quanta
1067 2522 1311 2574 improbitate
1337 2527 1377 2562 et'
1409 2526 1647 2564 confidentia

180 2584 265 2622 haec
285 2595 407 2634 agere
419 2567 667 2634 putantium?
715 2582 845 2635 'Atqui
876 2593 976 2630 uter,
997 2582 1134 2631 Midia,
1155 2586 1338 2624 dedecori
1367 2593 1457 2624 sunt
1484 2587 1642 2634 civitati,

181 2646 246 2698 qui
265 2646 348 2684 acie
368 2645 558 2702 instructa
580 2652 622 2683 et
642 2647 773 2704 armis,
801 2647 942 2697 quibus
964 2647 1168 2698 oportebat
1186 2658 1267 2694 eos,
1296 2649 1361 2699 qui
1381 2648 1559 2685 hostibus
1581 2661 1645 2686 oc-

181 2708 331 2748 cursuri
349 2714 493 2753 essent,
512 2707 649 2753 ornati,
670 2708 981 2754 transfretarunt,
1001 2714 1040 2745 et
1058 2718 1099 2745 se
1113 2721 1199 2746 cum
1215 2709 1327 2746 sociis
1347 2709 1643 2759 conjunxerunt,

181 2783 232 2809 an
250 2783 341 2809 vero
357 2777 414 2814 tu,
432 2768 497 2820 qui
511 2768 556 2807 in
575 2769 771 2807 'sortitione
790 2776 880 2807 vota
893 2770 1078 2814 faciebas,
1101 2779 1148 2807 ne
1168 2770 1235 2807 tibi
1253 2767 1498 2807 militandum
1513 2769 1642 2816 ess³et;

182 2845 228 2870 ac
244 2832 401 2870 thorace
426 2843 624 2881 nunquam
649 2829 797 2875 induto,
818 2831 923 2869 mulo
943 2837 1078 2869 vectus
1104 2843 1149 2868 ex
1184 2831 1340 2880 Arguta
1359 2830 1536 2877 Euboeae,
1553 2841 1644 2871 >eum

187 2884 300 2933 raexiis
320 2901 360 2933 et
374 2893 536 2946 cymbiis
564 2899 604 2931 et
621 2892 743 2939 cadis,
764 2892 830 2943 qui
855 2893 1052 2944 publicani
1083 2893 1364 2944 pignerabant?
1422 2894 1521 2933 Haec
1544 2897 1644 2944 enim

858 2956 883 2990 2
901 2968 926 2992 x
