1923 3149
572 266 1042 309 ARGUMENTUM

206 365 681 415 OLYNTHIACAE
721 364 1074 414 SECUNDAE
1111 361 1434 427 (TER'FIAE)

797 467 848 491 EX

604 535 1035 578 TOURELLIO.

135 635 317 670 SUPER
323 635 346 669 I
346 635 377 670 0
384 635 419 670 R
424 634 651 670 ISorationis
658 634 688 668 is
687 633 817 680 fuerat
826 640 974 675 eventus,
987 640 1028 668 ut
1035 631 1290 671 Demosthenis,
1301 629 1396 664 valde
1410 628 1484 662 licet
1496 628 1556 662 ad-

90 698 244 725 versante
252 690 418 730 Demade,
427 690 591 724 sententia
602 689 734 724 vicerit.
754 688 781 722 I
779 696 880 734 taque
890 690 936 722 ad
947 688 1134 734 Olynthios
1144 686 1384 732 defendendos,
1398 683 1556 729 (quibus,

90 757 195 792 quum
219 752 316 780 tanta
333 758 388 780 eos
407 752 579 792 premeret
597 745 791 785 necessitas,
813 756 889 790 quoe
911 745 959 778 ad
978 744 1175 777 universam
1191 743 1272 776 item
1293 740 1467 774 Graeciam
1483 751 1558 784 spe-

89 800 214 844 ctabat,
231 813 252 834 a
263 800 395 835 nemine
408 800 476 835 alio
488 799 737 846 auxiliumfuit
745 802 763 844 )
777 800 924 844 triyinta
941 799 1114 839 triremes,
1129 797 1344 842 militumque
1357 797 1424 829 duo
1435 793 1556 833 millia,

92 854 240 890 Charete
257 856 352 898 duce,
379 856 544 890 miserant
567 854 806 890 Athenienses.
873 854 963 887 Hoec
987 853 1067 887 vcro
1089 852 1238 886 subsidia
1264 862 1370 896 neque
1396 848 1560 893 Philippi

87 921 318 957 progressum
333 910 511 956 impedire,
527 921 589 945 nec
606 922 682 944 eum
697 922 718 944 a
734 908 887 944 consiliis
908 908 1006 942 initis
1016 914 1181 954 poterant
1196 907 1378 941 divertere.
1435 903 1560 949 Itaque

93 966 130 1000 in
154 966 350 1000 Chalcidem
371 965 563 1012 profectus,
577 964 735 1010 plurima
751 965 799 998 ibi
816 964 889 999 loca
906 970 1061 1009 occupat,
1087 962 1230 996 Zeiram
1257 960 1432 996 castellum
1457 971 1563 1005 expu-

91 1026 241 1067 gnatum
258 1020 378 1062 diruit,
393 1020 610 1065 omnibusque
620 1031 689 1066 per
705 1026 811 1054 totam
826 1019 928 1053 istam
946 1019 1121 1063 reqionem
1140 1029 1304 1063 magnum
1322 1015 1376 1050 sui
1393 1022 1564 1049 terrorem

94 1074 221 1120 injicit.
248 1074 410 1120 Olynthii
422 1074 544 1120 igitur,
560 1074 686 1119 quippe
699 1074 758 1119 qui
770 1074 918 1107 maxime
928 1079 1138 1118 peterentur,
1152 1070 1339 1117 quibusque
1352 1069 1564 1113 yravissimae

95 1129 138 1162 ab
151 1140 190 1162 eo
205 1127 416 1162 calamitates
432 1129 663 1169 imminerent,
679 1128 839 1162 Athenas
856 1128 982 1161 iterum
998 1127 1151 1167 mittunt,
1168 1126 1228 1171 qui
1244 1137 1330 1159 nova
1344 1124 1442 1158 illinc
1457 1123 1565 1158 subsi-

96 1183 156 1217 dia
172 1182 366 1228 implorent.
418 1182 665 1217 Demosthenes
680 1194 796 1217 eorum
806 1182 983 1227 postulato
999 1188 1135 1215 strenue
1147 1180 1407 1227 patrocinatur,
1426 1179 1568 1212 evincit-

97 1249 161 1282 que
177 1237 298 1272 debere
311 1236 549 1280 Athenienses,
563 1248 640 1271 cum
654 1237 792 1283 gloriae,
802 1244 874 1271 tum
886 1236 1047 1271 utilitatis
1057 1247 1170 1276 causa,
1186 1242 1303 1269 ratum
1315 1233 1567 1279 probatumque

96 1292 136 1326 id
149 1291 282 1325 habere.
333 1290 380 1325 In
394 1303 432 1325 eo
449 1291 597 1325 maxime
613 1291 766 1326 haerebat
788 1303 856 1333 τες,
872 1292 964 1337 quod
977 1291 1027 1325 ad
1039 1297 1195 1336 sumptus
1209 1288 1473 1335 suppeditandos
1484 1300 1568 1334 per-

99 1345 252 1380 tinebat:
277 1357 385 1391 quare
403 1344 540 1380 Orator
555 1345 768 1380 vehementer
786 1346 912 1379 invehit
929 1346 967 1378 in
983 1345 1215 1391 perniciosum
1237 1344 1342 1378 istum
1357 1354 1486 1377 morem
1503 1343 1569 1376 mi-

100 1401 215 1435 litaris
234 1400 386 1447 pecunioe
403 1401 439 1435 in
460 1401 561 1436 ludos
575 1401 729 1447 publicos
750 1402 973 1436 insumendoe.
1030 1401 1094 1435 Ad
1113 1406 1243 1435 textum
1267 1406 1357 1433 recte
1374 1398 1570 1444 intelligen-

100 1456 181 1490 dum
197 1467 330 1490 neccsse
348 1461 408 1496 est,
422 1463 460 1490 ut
476 1467 533 1490 res
548 1455 652 1490 altius
668 1462 856 1501 repetatur.
899 1455 1023 1501 Igitur
1039 1455 1215 1489 sciendum
1231 1460 1292 1493 est,
1312 1454 1426 1488 eodem
1441 1454 1569 1487 ardore

102 1510 342 1551 Athenienses,
355 1522 422 1555 quo
440 1510 573 1544 Groecis
586 1510 748 1545 naturale
765 1517 842 1544 erat
855 1510 1048 1556 spectacula
1066 1510 1175 1544 omnis
1184 1509 1326 1555 generis
1337 1514 1511 1554 appetere,
1525 1509 1573 1541 ad

103 1564 280 1598 theatrum
295 1564 520 1610 confluxissae
544 1576 604 1598 nec
620 1576 704 1598 raro
721 1566 768 1599 ad
782 1565 910 1611 plagas
929 1566 1031 1599 ctiam
1047 1571 1078 1599 et
1101 1564 1242 1598 verbera
1268 1563 1448 1605 devenisse,
1472 1565 1571 1597 modo

102 1624 143 1652 ut
159 1618 269 1652 locum
285 1619 434 1653 alterius
450 1625 669 1664 occuparent,
686 1621 784 1652 modo
807 1626 845 1653 ut
868 1626 1048 1653 tuerentur
1067 1631 1178 1653 suum.
1221 1618 1475 1664 BIagistratus,
1492 1619 1572 1652 huic

104 1673 194 1707 malo
210 1674 399 1707 remedium
416 1673 577 1707 adhibere
592 1685 697 1719 quum
716 1675 903 1715 studerent,
920 1681 960 1708 ut
979 1674 1114 1708 venalia
1131 1674 1167 1707 in
1178 1681 1359 1719 posterum
1374 1681 1482 1708 essent
1499 1673 1573 1709 loca

104 1727 252 1769 ediscere,
271 1733 377 1772 utque
394 1728 479 1761 duos
496 1727 640 1772 quisque
657 1728 768 1762 obolos
789 1728 916 1762 theatri
941 1729 1128 1763 architecto
1143 1729 1323 1773 penderet,
1343 1729 1391 1762 ad
1401 1736 1574 1774 praestan·

105 1783 186 1816 dam
202 1781 234 1815 ei
247 1782 430 1826 pecuniam
446 1793 549 1827 quam
572 1783 610 1816 in
635 1789 847 1817 antecessum
863 1789 1090 1829 erogaverat:
1116 1784 1272 1817 custodes
1291 1783 1393 1818 etiam
1408 1791 1521 1829 portae
1539 1792 1576 1819 ut

101 1843 316 1882 ponerentur
331 1835 510 1879 curabant,
537 1837 588 1871 ita
604 1843 643 1871 ut
661 1837 782 1883 plures
798 1849 867 1871 non
890 1838 1065 1872 intrarent
1091 1849 1193 1883 quam
1220 1849 1305 1883 quos
1319 1838 1434 1882 facile
1452 1850 1575 1884 capere

101 1896 216 1936 posset
231 1890 536 1936 amphitheatrum.
569 1891 641 1930 Qui
651 1891 762 1937 primi
779 1892 946 1933 venerint,
963 1891 1006 1925 iis
1022 1903 1224 1937 quocunque
1240 1891 1364 1926 vellent
1378 1892 1510 1928 licitum
1527 1901 1577 1928 est

104 1944 291 1978 considere.
342 1945 466 1990 Itaque
483 1945 556 1979 sola
579 1945 733 1990 ipsorum
751 1946 934 1992 diligentia
956 1958 1022 1992 quo
1047 1947 1203 1980 sederent
1225 1947 1344 1981 ordine
1359 1949 1552 1993 praefinivit
1564 1962 1577 1988 ;

106 2000 231 2046 quique
247 2011 314 2034 uno
331 1999 384 2034 die
402 1999 534 2046 repulsi
551 2000 717 2046 fuerant,
739 2013 773 2035 se
787 2009 925 2047 postero
949 2002 1005 2036 die
1029 2002 1206 2047 spectandi
1223 2015 1282 2048 spe
1304 2003 1578 2039 consolabantur.

111 2054 227 2094 Quum
240 2066 333 2095 vero,
356 2066 398 2087 ecc
414 2067 452 2088 eo
472 2056 565 2100 quod
578 2055 710 2090 venalia
727 2064 836 2090 essent
858 2056 943 2097 loca,
955 2057 1185 2103 pauperiores
1202 2058 1290 2092 cives
1311 2058 1468 2103 oppressi
1488 2060 1579 2094 vide-

109 2116 246 2150 rentur,
273 2120 405 2142 omnem
421 2109 465 2142 iis
483 2109 629 2154 quei-elce
646 2116 708 2145 aut
729 2111 868 2145 invidiae
891 2123 1029 2146 causam
1050 2112 1242 2157 praeripere
1256 2112 1457 2147 studebant:
1481 2115 1582 2159 atqui

109 2162 149 2196 id
162 2175 238 2197 eam
253 2163 376 2196 oerarz'i
391 2163 516 2197 damno
522 2163 665 2209 factum
687 2171 748 2205 est,
764 2166 857 2211 quod
873 2177 949 2200 cum
967 2179 1144 2201 commune
1165 2173 1253 2201 esset
1272 2168 1433 2209 omnium,
1450 2175 1489 2203 ut
1504 2181 1581 2203 eum

110 2229 190 2252 cum
203 2217 416 2263 pauperibus
440 2224 513 2251 tum
536 2218 698 2253 divitibus
721 2227 894 2264 sumptum
917 2221 1151 2267 suppeditaret
1166 2223 1387 2256 constitutum
1407 2229 1469 2258 est.
1522 2224 1584 2258 In-

111 2284 197 2307 sana
214 2272 284 2306 hoec
293 2273 520 2319 prodigentia
539 2273 619 2308 aliis
641 2274 849 2319 corruptelis
869 2275 961 2309 viam
978 2276 1158 2321 patefecit,
1179 2288 1374 2322 moremque
1389 2277 1584 2313 introduxit

111 2327 221 2362 variis
239 2327 393 2373 publicos
416 2328 547 2362 reditus
560 2329 784 2373 prcetextibus
807 2330 1007 2376 dissipandi.
1062 2331 1203 2365 Exinde
1228 2331 1347 2374 evenit,
1367 2338 1407 2366 ut
1431 2333 1583 2367 Atheni-

114 2393 219 2424 enses,
242 2381 470 2427 voluptatibus
491 2382 610 2425 dediti,
637 2384 685 2418 ad
705 2384 842 2418 militiae
863 2383 995 2418 labores
1011 2384 1239 2430 perferendos
1259 2398 1407 2431 prorsus
1425 2387 1584 2421 remolle-

115 2443 247 2471 scerent
259 2450 272 2477 ,-
289 2437 457 2483 etiamque
474 2438 669 2484 pere-arinis
690 2438 865 2482 militibus,
887 2451 930 2473 επ
951 2440 1073 2485 quibus
1094 2453 1211 2474 eorum
1231 2441 1402 2475 exercitus
1418 2442 1586 2488 conflatus

117 2497 206 2532 erat,
227 2491 397 2537 stipendia
415 2493 571 2537 praebere
589 2505 721 2539 parum
740 2501 916 2528 curarent.
965 2494 1135 2535 Eubulus,
1148 2495 1314 2541 princeps
1330 2495 1405 2541 ejus
1409 2495 1584 2540 factionis

118 2555 196 2590 quae
211 2544 436 2580 Demostheni
453 2547 711 2590 adversabatur,
730 2560 797 2593 quo
811 2548 932 2594 populi
945 2555 1101 2594 captaret
1113 2549 1387 2591 benevolentiam,
1404 2550 1506 2583 istam
1523 2550 1586 2583 clu-

119 2611 219 2633 orum
233 2599 406 2635 obolorum
419 2602 459 2635 de
473 2601 612 2647 publico
629 2602 830 2637 solutionem
837 2611 1041 2650 perpetuam
1053 2616 1123 2638 esse
1139 2604 1257 2643 voluit,
1271 2604 1444 2650 legemque
1460 2605 1587 2648 sanxit,

118 2665 198 2700 quoe
214 2654 395 2699 capitalem
412 2657 443 2689 ei
460 2668 596 2702 poenam
611 2657 852 2701 minitabat-ar,
872 2659 932 2704 qui
955 2666 1077 2693 auctor
1094 2666 1178 2693 esset
1192 2666 1231 2693 ut
1249 2658 1336 2693 illud
1350 2672 1370 2692 a
1384 2659 1512 2704 populo
1531 2660 1587 2693 be-

119 2709 280 2754 neficium
293 2709 545 2746 detraheretur.
572 2713 820 2747 Demosthenes
835 2714 913 2747 huic
929 2714 997 2758 lessi
1012 2714 1219 2760 abrogandae
1236 2715 1352 2753 instat,
1376 2714 1500 2759 quippe
1511 2726 1586 2760 quoe

118 2763 319 2808 qravamini
339 2763 386 2798 sit
406 2765 542 2810 optimis
563 2766 698 2810 civibus,
720 2780 800 2814 quos
819 2775 964 2814 propter
983 2781 1056 2803 eam
1079 2780 1213 2803 necesse
1234 2775 1295 2809 est,
1312 2774 1374 2802 aut
1387 2767 1493 2813 fideli
1508 2781 1588 2802 con-

119 2817 198 2852 silio
211 2819 323 2852 dando
339 2819 392 2853 sui
407 2821 532 2866 capitis
549 2822 742 2867 periculum
757 2822 868 2866 adire,
885 2830 947 2859 aut
967 2823 1089 2859 timida
1108 2823 1290 2858 reticentia
1300 2823 1425 2868 patrioe
1439 2835 1512 2857 suoe
1525 2835 1589 2870 pe-

123 2872 247 2909 riturae
262 2874 414 2920 turpiter
429 2876 551 2911 deesse.
579 2877 682 2917 Quod
694 2886 848 2925 superest
861 2879 1039 2922 orationis,
1057 2879 1281 2925 explicatione
1298 2877 1392 2912 haud
1406 2878 1551 2923 indiget.
