1923 3149
759 149 826 185 DE
856 147 1092 185 CORONA.
1566 150 1637 186 185

196 246 251 281 sis,
273 246 367 276 muris
384 248 552 278 reficiendis
567 253 686 280 curator
702 251 814 286 factus,
834 251 890 280 tria
906 251 934 280 in
949 250 980 279 id
1004 260 1082 288 opus
1107 250 1218 279 talenta
1241 252 1279 280 de
1295 262 1350 280 suo
1371 251 1494 290 insuper
1514 256 1637 291 erogata

193 299 308 337 populo
321 299 454 336 donavit,
467 306 498 330 ct
513 301 649 330 theatrali
664 301 801 340 pecuniae
814 302 975 340 praefectus
991 300 1121 330 omnium
1137 301 1267 330 tribuum
1285 302 1444 331 theatrales
1456 302 1634 332 collationes

194 353 313 378 centum
335 350 422 379 minis
439 350 521 380 auxit
537 351 566 380 in
583 351 742 387 sacrificia,
757 352 876 390 placere
897 350 1014 380 senatui
1040 352 1214 390 populoque
1234 352 1409 381 Atheniensi
1431 353 1552 382 laudare
1571 354 1633 382 De-

191 400 376 429 mosthenem
398 403 609 432 Demosthenis
633 403 652 431 f.
672 403 876 432 Paeaniensem
902 401 1024 431 virtutis
1048 412 1120 441 ergo
1144 402 1433 441 benevolentiaeque,
1454 414 1542 441 quam
1566 414 1633 443 per-

192 454 284 488 petuo
299 451 387 480 habet
404 462 475 491 erga
492 453 637 491 populum
661 453 895 490 Atheniensem,
910 462 1038 491 eumque
1054 463 1144 481 aurea
1160 462 1271 481 corona
1288 452 1413 487 donare,
1431 457 1461 482 et
1474 452 1632 491 praedicari

191 510 331 530 coronam
350 502 378 530 in
403 503 519 532 theatro
536 502 694 541 Dionysiis
719 502 864 541 tragoedis
888 502 996 532 novis:
1023 502 1252 541 praedicationis
1275 507 1373 532 autem
1395 512 1497 532 curam
1522 503 1630 533 habere

191 553 386 581 certaminum
403 554 590 591 praefectum.

190 634 286 678 Quae
306 636 417 685 igitur
435 636 593 686 largitus
614 649 711 683 sum,
730 637 814 674 haec
835 642 936 682 sunt,
968 648 1127 686 quorum
1152 641 1193 672 tu
1220 634 1312 672 nihil
1336 636 1513 673 incusas:
1544 648 1629 685 quae

188 701 314 733 autem
327 696 440 747 jubet
458 697 548 734 mihi
566 705 720 736 senatus
741 711 809 749 pro
828 697 887 736 his
905 696 1075 748 rependi,
1105 709 1151 734 ea
1170 703 1261 734 sunt
1279 709 1366 747 quae
1381 696 1526 746 judicio
1544 709 1630 746 per-

184 757 365 806 sequeris.
409 758 594 808 Accipere
618 758 732 809 igitur
760 758 944 796 beneficia
976 757 1186 808 legitimum
1217 770 1303 795 esse
1334 756 1529 801 concedis,
1559 769 1628 806 pro

182 817 315 855 iisdem
331 819 490 869 gratiam
504 819 642 857 referre
658 820 697 857 id
709 819 818 870 quasi
833 819 981 870 legibus
997 819 1228 856 contrarium
1246 818 1442 856 insectaris
1457 817 1471 853 ἲ
1501 817 1627 854 Homo

182 878 352 929 undique
372 880 598 930 profligatus
626 886 664 918 et
682 880 753 918 diis
774 880 917 918 invisus
946 886 986 917 et
1013 892 1145 917 revera
1172 879 1311 917 lividus
1327 879 1451 929 qualis
1472 878 1543 916 erit
1561 890 1630 928 per

180 939 272 976 deos
292 940 552 978 immortales?
581 955 658 978 non
678 940 924 992 hujusmodi?

235 1001 297 1038 36.
327 1001 445 1052 Atqui
466 1002 570 1052 quod
594 1004 730 1040 attinet
755 1003 805 1040 ad
824 1002 1134 1053 praedicationem
1152 1001 1191 1038 in
1210 1001 1376 1039 Theatro
1395 999 1625 1046 faciendam,

179 1062 315 1100 millies
335 1064 487 1113 quidem
506 1064 644 1101 millies
672 1065 810 1101 factam
832 1065 947 1102 fuisse
967 1064 1228 1115 praetermitto,
1248 1076 1383 1113 meque
1409 1063 1533 1113 ipsum
1554 1076 1626 1099 sae-

178 1136 387 1173 penumero
408 1125 571 1162 antehac
586 1124 726 1161 ibidem
740 1137 824 1162 esse
845 1131 1080 1162 coronatum.
1111 1124 1189 1161 Sed
1203 1137 1270 1174 per
1282 1124 1375 1161 deos
1389 1123 1623 1161 immortales

176 1184 278 1221 itane
300 1184 461 1222 stolidus
480 1198 520 1222 es
540 1191 656 1235 atque
674 1198 819 1231 vecors,
839 1184 1032 1230 AEschine,
1051 1190 1094 1221 ut
1111 1190 1240 1221 tecum
1259 1185 1339 1234 ipse
1360 1184 1526 1234 cogitare
1546 1198 1622 1222 non

175 1245 357 1295 potueris,
374 1245 454 1282 viro
480 1246 544 1295 qui
564 1252 767 1283 coronatur
787 1245 949 1283 eandem
977 1244 1136 1294 gloriam
1163 1243 1294 1281 afferre
1321 1257 1516 1290 coronam,
1540 1246 1623 1282 ubi-

177 1318 328 1356 cunque
347 1306 501 1344 demum
521 1307 759 1357 praedicetur,
781 1306 850 1344 sed
877 1319 1008 1343 eorum
1027 1305 1092 1355 qui
1112 1317 1291 1342 coronam
1317 1304 1462 1342 donant
1480 1305 1623 1342 utilita-

175 1368 222 1405 tis
243 1369 364 1418 gratia
390 1368 429 1405 in
450 1368 616 1406 Theatro
641 1368 720 1405 fieri
739 1366 1005 1419 praeconium?
1035 1366 1181 1403 Omnes
1210 1365 1308 1403 enim
1338 1372 1526 1416 quotquot
1553 1379 1621 1402 au-

174 1427 323 1466 dierunt
344 1429 393 1467 ad
411 1430 508 1467 bene
527 1430 749 1468 merendum
766 1430 813 1467 de
833 1428 1029 1480 republica
1048 1427 1272 1472 excitantur,
1295 1440 1437 1477 eosque
1451 1427 1515 1477 qui
1536 1441 1622 1477 gra-

172 1491 245 1528 tias
267 1491 479 1529 retribuunt
498 1491 704 1542 majoribus
723 1491 899 1528 laudibus
919 1489 1082 1528 efferunt
1106 1502 1219 1539 quam
1242 1502 1330 1526 eum
1351 1489 1416 1539 qui
1440 1502 1621 1527 coronam

174 1553 443 1603 consequitur:
473 1553 654 1603 quocirca
683 1553 784 1592 hanc
814 1553 941 1604 legem
970 1552 1103 1591 civitas
1123 1552 1221 1589 tulit.
1268 1551 1346 1588 Sed
1372 1551 1497 1602 ipsam
1530 1552 1619 1588 mihi

173 1614 298 1664 legem
319 1627 414 1664 cape
432 1620 470 1652 et
489 1614 620 1652 recita.

827 1734 949 1772 LEX.

210 1829 415 1868 Quoscunque
426 1839 537 1860 corona
547 1829 660 1858 donant
674 1827 774 1867 aliqua
790 1839 830 1858 ex
845 1826 1032 1867 municipiis,
1049 1836 1225 1856 coronarum
1243 1825 1479 1865 praedicationes
1495 1825 1566 1854 fiant
1583 1825 1612 1854 in

168 1877 245 1917 ipsis
261 1879 386 1918 singulae
401 1879 587 1919 municipiis,
610 1878 670 1908 nisi
695 1889 770 1918 quos
792 1879 924 1918 populus
941 1877 1137 1907 Atheniensis
1160 1880 1211 1905 aut
1233 1880 1354 1905 senatus
1379 1875 1554 1905 coronabit:
1575 1877 1613 1905 de

168 1929 216 1959 his
231 1935 330 1959 antem
348 1930 439 1959 liceat
454 1930 483 1960 in
499 1930 617 1959 theatro
634 1928 791 1968 Dionysiis
808 1928 985 1969 praedicare.

223 2015 284 2050 37.
307 2013 445 2059 Audis,
463 2012 661 2059 AEschine,
676 2013 800 2063 legem
816 2012 984 2050 dilucide
996 2011 1232 2060 loquentem,
1247 2023 1272 2046 n
1284 2009 1295 2045 i
1306 2009 1346 2047 si
1377 2022 1401 2059 q
1414 2023 1439 2046 u
1452 2022 1474 2047 o
1488 2022 1505 2045 s
1535 2023 1559 2059 p
1573 2022 1613 2046 o-

168 2072 320 2123 pulus
353 2080 442 2110 aut
472 2080 687 2110 senatus
718 2073 930 2110 coronis
969 2071 1214 2109 donavit:
1245 2070 1300 2107 de
1332 2069 1407 2106 his
1441 2077 1611 2108 autem

165 2134 190 2171 fi
205 2146 228 2170 a
241 2140 258 2171 t
292 2147 317 2184 p
330 2147 347 2170 r
359 2147 391 2170 ae
404 2146 425 2170 c
440 2146 462 2170 o
477 2134 563 2170 niu
578 2147 627 2170 m.
672 2133 776 2177 Quid
792 2134 918 2184 igitur,
934 2134 1057 2177 miser,
1080 2130 1354 2169 calumniaris?
1383 2131 1476 2180 quid
1496 2133 1613 2169 verba

165 2195 309 2246 fingis?
338 2195 430 2245 quin
462 2203 498 2233 te
528 2196 575 2233 ob
605 2196 689 2233 haec
722 2196 888 2233 elleboro
918 2207 1075 2246 purgas,
1103 2206 1173 2231 nec
1202 2199 1238 2229 te
1266 2192 1387 2242 pudet
1423 2193 1611 2230 actionem

164 2257 272 2295 alteri
297 2257 495 2295 intendere
519 2257 673 2303 invidia,
702 2270 778 2294 non
808 2257 961 2295 crimine
993 2256 1118 2305 aliquo
1147 2262 1393 2300 commotum,
1426 2254 1610 2306 legesque

163 2318 258 2356 alias
277 2325 525 2364 commutare,
547 2319 630 2356 aliis
650 2326 797 2369 partem
816 2316 1028 2362 detrahere,
1049 2328 1141 2365 quas
1162 2314 1331 2364 integras
1357 2327 1509 2364 aequum
1530 2322 1612 2353 erat

163 2381 328 2427 recitari,
345 2382 553 2432 praesertim
573 2381 630 2428 iis,
645 2382 709 2431 qui
739 2394 779 2418 se
803 2383 977 2428 jurarunt
1007 2375 1219 2414 secundum
1247 2375 1352 2426 leges
1379 2376 1608 2413 sententiam

163 2441 336 2479 laturos?
368 2442 521 2480 Deinde
539 2449 582 2480 tu
611 2456 698 2480 cum
717 2442 809 2480 talia
827 2441 945 2479 facias
970 2437 1063 2488 quid
1082 2436 1160 2474 viro
1179 2436 1356 2487 populari
1383 2435 1510 2474 inesse
1542 2438 1608 2475 de-

163 2504 255 2540 beat
277 2515 467 2549 recenses,
485 2504 642 2553 perinde
661 2517 706 2542 ac
726 2504 756 2540 si
777 2509 943 2540 statuam
963 2513 1010 2536 ex
1029 2498 1248 2550 syngrapha
1265 2497 1482 2535 faciendam
1503 2498 1606 2536 loca-

162 2564 275 2609 veris,
301 2576 462 2613 eamque
488 2571 623 2614 postea
651 2563 842 2614 acceperis
871 2575 947 2599 non
973 2562 1026 2598 ita
1054 2560 1282 2605 confectam,
1312 2565 1355 2596 ut
1388 2559 1608 2609 syngrapha

161 2624 386 2675 postularet,
414 2631 480 2661 aut
503 2625 612 2674 quasi
641 2625 765 2662 verbis
792 2623 1009 2674 populares,
1032 2635 1108 2659 non
1126 2620 1239 2658 factis
1267 2627 1306 2657 et
1333 2619 1515 2657 institutis
1535 2633 1604 2669 pu-

158 2685 267 2723 blicis
287 2685 576 2735 dignoscantur.
606 2685 657 2722 Et
675 2684 892 2723 vociferaris
924 2683 1117 2732 fandaque
1137 2687 1176 2719 et
1193 2680 1363 2725 infanda,
1383 2686 1561 2728 tanquam
1584 2693 1604 2717 e

160 2746 342 2796 plaustro,
363 2746 571 2791 blaterans,
590 2759 676 2795 quae
694 2747 732 2783 in
759 2752 796 2783 te
820 2757 1018 2796 genusque
1050 2751 1159 2780 tuum
1192 2741 1436 2785 conveniunt,
1468 2753 1544 2776 non
1566 2740 1603 2777 in

160 2820 234 2844 me.
263 2808 313 2844 Et
326 2814 467 2853 tamen,
484 2806 750 2852 Athenienses,
767 2806 821 2844 sic
836 2819 876 2844 se
888 2819 947 2843 res
963 2805 1093 2843 habet.
1133 2804 1219 2840 Hoc
1235 2815 1306 2852 ego
1321 2800 1532 2838 convicium
1555 2802 1601 2838 ab

161 2868 401 2906 accusatione
426 2866 573 2905 differre
593 2867 764 2915 arbitror,
793 2867 897 2917 quod
917 2865 1111 2904 accusatio
1140 2863 1297 2902 crimina
1323 2861 1600 2911 complectitur,

827 2928 850 2963 2
882 2940 903 2963 B
