1923 3149
673 130 902 168 CONTRA
935 129 1158 167 MJDIAM.
1576 130 1651 167 347

188 231 235 269 ab
261 231 348 278 isto,
369 232 544 271 stabitis:
576 246 663 271 nam
684 240 722 270 et
736 233 906 284 jurastiS,
930 231 1202 277 Athenienses,
1230 244 1298 269 vos
1325 229 1478 282 legibus
1503 231 1653 270 obtem-

186 300 412 343 peratur0s;
443 301 481 332 et
501 294 651 345 legibus
672 301 875 346 acceptum
896 294 995 331 ferre
1015 292 1164 330 debetis
1186 304 1256 342 par
1274 299 1313 330 et
1326 305 1479 343 aequum
1489 294 1555 344 jus
1574 306 1652 344 quo

184 354 368 399 fruimini,
396 362 435 394 et
452 357 635 408 quicquid
655 358 843 395 bonorum
874 355 1037 400 habetis,
1058 353 1097 391 id
1116 353 1307 392 beneficio
1333 354 1463 405 legum
1484 355 1649 401 habetis,

185 428 262 453 non
295 416 441 464 Midiae,
475 425 543 456 aut
569 419 653 468 ejus
691 418 911 457 liberorum.
953 416 1141 454 Orator
1173 415 1290 454 etiam
1323 415 1436 453 iste
1465 423 1555 462 est,
1590 429 1652 455 me

183 476 331 524 dicens,
359 479 515 517 forsitan
546 478 715 530 inquiet:
746 480 819 528 e'go
839 491 943 523 vero,
970 477 1001 515 si
1028 477 1059 514 is
1080 483 1208 514 orator
1234 482 1306 522 est,
1326 477 1390 526 qui
1410 477 1448 513 id
1468 478 1649 524 consulit,

182 539 287 587 quod
321 540 428 577 vobis
461 541 703 591 profuturum
733 546 857 592 putat,
893 540 1010 591 idque
1040 552 1087 576 ea
1114 538 1319 583 modestia,
1352 544 1396 576 ut
1423 551 1545 589 neque
1580 553 1649 579 vos

182 601 387 647 obtundat,
408 615 534 652 neque
567 609 696 652 cogat,
731 614 807 639 non
838 614 929 639 sane
958 600 1135 651 fugerim,
1158 613 1285 651 neque
1319 600 1541 650 negaverim
1574 601 1649 640 hoc

179 674 332 699 nomen.
384 662 451 700 Sin
476 669 604 701 orator
633 670 705 711 est,
727 664 859 715 quales
879 676 964 702 esse
994 663 1305 701 concionantium
1324 661 1532 701 nonnullos
1560 675 1648 714 ego,

179 729 295 773 atque
321 736 390 761 vos
415 724 489 775 ipsi
515 725 668 770 videtis,
699 726 958 777 impudentes,
985 732 1025 763 et
1044 725 1182 763 vestris
1205 725 1343 776 opibus
1370 724 1645 775 locupletatos,

177 784 208 821 is
229 797 302 836 ego
321 798 397 823 non
427 786 578 826 fuerim.
618 789 708 826 Non
739 788 838 826 enim
856 789 1064 840 quicquam
1085 800 1109 825 a
1132 787 1241 825 vobis
1261 787 1407 838 accepi,
1427 787 1496 825 sed
1519 800 1646 826 meam

175 858 253 882 rem
291 846 531 894 familiarem,
568 850 724 888 omnino
750 849 886 901 paucis
914 849 1098 900 exceptis,
1135 861 1291 886 omnem
1318 849 1428 886 vobis
1461 848 1646 899 impendi.

178 906 260 945 Etsi
282 916 412 946 autem
433 910 585 948 illorum
610 925 764 962 quoque
794 912 964 949 omnium
996 923 1122 949 essem
1151 910 1470 961 improbissimus,
1492 910 1645 961 legibus

175 980 198 1004 a
231 981 290 1007 me
310 982 428 1020 poena
447 972 638 1010 sumenda
657 981 774 1017 esset,
798 985 877 1010 non
909 972 948 1009 in
980 971 1163 1010 obeundo
1193 984 1353 1010 munere
1373 971 1530 1022 publico
1549 972 1644 1011 mihi

172 1030 451 1070 insultandum.
484 1033 692 1071 Oratorum
726 1041 917 1084 praeterea
948 1046 1062 1071 nemo
1089 1033 1182 1070 mihi
1211 1032 1458 1084 suffragatur.
1502 1033 1642 1086 Neque

172 1091 211 1129 id
231 1093 323 1131 vitio
351 1094 530 1146 cuiquam
551 1102 681 1134 verto:
711 1096 802 1147 quia
821 1109 894 1135 nec
924 1096 1008 1147 ipse
1027 1108 1198 1147 unquam
1219 1095 1430 1147 quicquam
1449 1096 1553 1148 apud
1575 1107 1642 1137 vos

170 1153 209 1191 in
238 1168 371 1193 eorum
403 1158 565 1207 gratiam
587 1158 680 1196 dixi.
729 1158 808 1196 Sed
834 1158 1059 1210 simpliciter
1086 1171 1156 1209 pro
1177 1171 1238 1196 me
1270 1164 1352 1196 tum
1385 1159 1529 1206 dicere,
1557 1166 1640 1197 tum

170 1228 284 1265 agere
305 1216 472 1263 decrevi,
493 1218 678 1270 quicquid
698 1232 719 1256 e
748 1219 944 1270 republica
963 1220 1043 1257 fore
1063 1219 1257 1256 ducerem.
1297 1219 1397 1256 Cum
1415 1220 1490 1257 isto
1510 1226 1639 1257 autem

168 1277 298 1314 statim
327 1278 505 1316 videbitis
526 1287 698 1317 oratores
719 1293 854 1318 omnes
875 1280 1008 1318 ordine
1028 1281 1066 1317 in
1087 1281 1289 1330 procinctu
1308 1287 1423 1318 stare.
1470 1281 1532 1319 An
1548 1294 1640 1321 vero

168 1351 258 1376 eum
273 1339 388 1378 decet
402 1354 544 1378 nomen
558 1341 632 1379 hoc
649 1343 777 1392 probri
792 1342 879 1379 loco
899 1342 992 1378 mihi
1007 1342 1186 1393 objicere,
1206 1341 1390 1392 cumipse
1407 1343 1443 1379 in
1459 1342 1533 1380 illis
1549 1343 1638 1382 viris

166 1413 319 1451 proram
339 1408 376 1439 et
395 1402 554 1454 puppim
575 1403 712 1441 salutis
729 1417 810 1441 suae
825 1402 1019 1441 collocet?

221 1464 286 1501 53.
318 1463 510 1502 Fortassis
538 1471 668 1502 autem
692 1466 807 1503 etiam
834 1464 927 1503 talia
954 1465 1071 1510 dicet,
1090 1477 1152 1502 me
1171 1477 1276 1503 nunc
1295 1467 1424 1504 omnia
1450 1466 1638 1506 meditata

166 1529 205 1561 et
223 1531 442 1574 praeparata
470 1524 619 1563 afferre.
663 1525 748 1577 Ego
766 1539 871 1573 vero,
902 1525 1176 1572 Athenienses,
1204 1515 1434 1564 meditatuin
1461 1540 1545 1567 esse
1574 1542 1636 1568 me

165 1584 325 1633 affirmo,
338 1593 377 1624 ct
391 1586 497 1625 haud
512 1589 742 1638 negaverim,
760 1601 954 1626 summum
968 1589 1007 1626 in
1023 1587 1235 1640 cogitando
1251 1589 1420 1626 studium
1434 1590 1609 1640 posuisse
1622 1605 1649 1640 z,

164 1659 310 1684 vaecors
338 1648 439 1685 enim
473 1661 615 1693 essem,
639 1650 779 1700 sipost
799 1656 928 1688 tantas
947 1649 1119 1701 injurias,
1139 1662 1237 1700 quas
1266 1649 1335 1689 tuli
1355 1656 1395 1687 et
1413 1651 1508 1696 serO,
1539 1652 1633 1702 quid

164 1708 267 1758 apud
290 1722 356 1747 vos
387 1710 432 1747 iis
454 1709 502 1748 de
529 1712 643 1748 rebus
675 1710 847 1749 dicturus
879 1724 1018 1755 essem,
1040 1710 1149 1762 pensi
1171 1710 1263 1748 nihil
1296 1711 1544 1751 habuissem:
1574 1714 1631 1764 ip-

162 1782 246 1807 sam
261 1777 390 1809 tamen
409 1772 622 1810 orationem
646 1773 788 1811 Midias
810 1773 901 1811 mibi
917 1773 1100 1817 dictavit;
1134 1786 1224 1811 nam
1241 1773 1306 1824 qui
1328 1787 1405 1821 res,
1422 1774 1472 1813 de
1491 1775 1631 1826 quibus

160 1832 280 1870 verba
305 1834 417 1882 fiunt,
439 1834 716 1885 suppeditavit,
743 1835 775 1872 ei
794 1839 884 1884 jure
914 1836 1060 1887 optimo
1093 1834 1133 1873 id
1162 1836 1365 1883 tribuetur,
1395 1849 1473 1874 non
1501 1837 1536 1875 ei
1564 1838 1630 1888 qui

160 1894 369 1933 meditatus
387 1901 460 1941 est,
482 1895 709 1946 soliciteque
729 1896 931 1943 laboravit,
948 1903 992 1934 ut
1010 1908 1170 1935 causam
1191 1909 1301 1934 suam
1317 1896 1354 1934 in
1376 1910 1416 1934 re
1435 1900 1629 1949 praesenti,

158 1955 213 1994 ita
234 1963 278 1994 ut
309 1970 468 2008 aequum
506 1965 578 2003 est,
610 1965 856 2009 proponeret.
905 1958 993 2009 Ego
1016 1970 1106 1996 vero
1138 1971 1199 1995 me
1230 1957 1305 1995 hoc
1326 1957 1455 1996 facere
1489 1959 1627 2006 solere,

158 2017 276 2056 etiam
307 2018 391 2069 ipse
421 2018 622 2064 confiteor,
646 2019 927 2057 Athenienses.
976 2018 1140 2056 Midiam
1171 2025 1300 2056 autem
1329 2019 1424 2056 nihil
1453 2032 1626 2071 unquam

156 2079 196 2116 in
216 2080 320 2117 omni
338 2079 417 2116 vita
430 2079 526 2130 justi
542 2091 628 2116 esse
649 2079 880 2117 meditatum
894 2085 1078 2130 apparet:
1101 2079 1163 2117 cui
1182 2079 1214 2116 si
1233 2078 1294 2116 vel
1309 2079 1510 2129 paululum
1531 2082 1626 2122 talia

156 2140 328 2191 cogitare
341 2140 379 2178 in
399 2147 567 2178 mentem
579 2139 765 2187 venisset,
786 2152 866 2178 non
887 2141 942 2178 ita
962 2146 1044 2177 toto
1063 2140 1165 2178 coelo
1187 2152 1210 2177 a
1229 2153 1270 2177 re
1285 2139 1518 2180 aberrasset.
1548 2143 1622 2182 Ar-

153 2201 274 2241 bitror
292 2215 406 2255 porro
422 2215 510 2241 eum
529 2215 608 2239 non
628 2201 897 2239 dubitaturum
917 2214 1005 2240 esse
1025 2201 1211 2253 populum
1231 2201 1343 2239 etiam
1367 2215 1562 2250 accusare,
1583 2214 1623 2244 et

153 2264 393 2303 concionem.
430 2264 484 2302 Et
502 2277 548 2302 ea
566 2277 653 2314 quae
676 2270 758 2301 tum
779 2263 908 2302 dicere
927 2263 1111 2310 audebat,
1132 2276 1250 2314 quum
1271 2262 1322 2301 de
1352 2277 1398 2302 eo
1426 2277 1621 2315 quererer,

152 2340 256 2365 nunc
272 2340 427 2378 quoque
443 2326 650 2374 dicturum,
667 2325 807 2378 quibus
826 2325 1047 2364 exeundum
1066 2325 1215 2372 suisset,
1235 2337 1302 2364 eos
1319 2327 1566 2378 remansisse,
1579 2335 1621 2368 et

151 2389 218 2441 qui
235 2390 419 2441 praesidia
438 2389 692 2436 deseruerint,
719 2402 786 2427 eos
807 2388 1028 2427 interfuisse
1056 2388 1259 2433 concioni;
1288 2401 1335 2428 ac
1354 2389 1548 2437 ludiones,
1579 2398 1618 2430 et

151 2451 390 2502 peregrinos,
421 2458 460 2489 et
480 2452 562 2503 ejus
589 2451 740 2502 generis
760 2450 935 2489 homines
955 2450 1086 2496 fuisse,
1118 2463 1141 2488 a
1167 2450 1307 2501 quibus
1327 2450 1441 2489 suerit
1469 2452 1616 2491 conde-

150 2519 329 2551 mnatus:
355 2526 445 2551 nam
461 2519 581 2561 tanta,
594 2514 764 2565 judices,
781 2513 854 2551 fuit
873 2513 957 2565 ejus
977 2511 1216 2552 confidentia
1239 2519 1281 2551 et
1299 2513 1556 2565 impudentia,
1571 2521 1614 2552 ut

147 2581 290 2614 norunt
317 2588 337 2612 e
355 2575 466 2613 vobis
485 2576 549 2626 qui
568 2576 854 2619 interfuerunt;
890 2581 934 2613 ut
953 2573 1235 2621 maledicendo,
1255 2582 1293 2613 et
1321 2574 1550 2619 minitando,
1574 2583 1613 2613 et

147 2637 314 2675 subinde
325 2637 364 2674 in
379 2637 678 2676 tumultuantem
694 2637 893 2677 concionis
913 2637 1043 2676 locum
1062 2637 1268 2682 intuendo,
1289 2649 1329 2674 se
1349 2643 1530 2674 terrorem
1549 2636 1610 2674 in-

145 2713 352 2738 cussurum
373 2705 529 2750 putaret
553 2700 658 2738 omni
680 2700 838 2751 populo.
869 2700 1128 2743 Quamobrem
1147 2698 1254 2738 haud
1272 2699 1447 2750 profecto
1472 2697 1610 2748 injuria

144 2762 317 2800 ridiculae
327 2762 410 2813 jam
424 2765 506 2811 ejus
521 2762 702 2814 lacrymae
717 2763 966 2801 videbuntur.

195 2826 263 2863 54.
293 2824 399 2866 Quid
417 2826 490 2871 ais,
518 2837 542 2862 ο
561 2824 751 2862 nefarium
770 2825 917 2876 caput?
959 2826 1073 2862 Tune
1093 2825 1141 2861 ab
1160 2822 1266 2860 hisce
1286 2822 1476 2874 postules,
1498 2830 1541 2862 ut
1560 2825 1607 2864 li-

141 2886 324 2924 berorum
341 2892 509 2933 tuorum,
535 2892 601 2924 aut
626 2886 680 2924 tui
695 2886 958 2931 misereantur,
977 2885 1100 2923 tuisve
1128 2884 1339 2922 rationibus
1358 2884 1555 2934 studeant,
1580 2900 1605 2925 a

141 2954 179 2985 te
199 2947 352 2999 publice
371 2948 596 3001 contempti,
617 2955 656 2988 et
674 2947 840 2987 ludibrio
858 2946 1006 2988 habiti?
1027 2946 1136 2986 Tune
1157 2945 1262 2986 solus
1283 2946 1503 2988 mortalium
1520 2962 1600 2988 om-
