1923 3149
279 156 353 191 258
599 156 672 194 DE
704 157 853 195 MALE
884 157 1054 196 GESTA
1088 135 1412 198 LEGATIONE.

812 345 1213 385 TESTIMONIUM.

337 439 401 475 64.
432 439 516 490 Ego
544 439 658 490 igitur
683 440 914 491 integritatis
936 455 1031 480 meae
1057 441 1296 480 conscientia
1319 442 1454 486 fretus,
1487 448 1526 479 et
1552 440 1738 479 rationem

284 498 534 547 reddendam,
562 508 600 539 et
618 515 704 552 quae
725 502 873 552 legibus
888 504 1085 554 jubentur,
1114 502 1337 554 praestanda
1367 503 1496 540 omnia
1523 502 1737 540 ducebam:

283 559 356 598 iste
375 568 522 599 contra.
563 563 693 606 Quare
714 563 779 614 qui
796 563 876 600 fieri
896 572 1032 615 potest,
1054 571 1098 602 ut
1116 565 1155 602 in
1174 565 1310 603 eodem
1331 564 1488 614 negotio
1508 576 1582 614 ego
1609 571 1648 601 et
1667 563 1738 600 iste

284 620 487 660 fecerimus
517 623 679 660 eadem?
710 630 776 661 aut
794 625 858 674 qui
883 627 1064 664 convenit
1092 626 1153 663 isti
1182 639 1283 663 nunc
1310 626 1411 676 apud
1436 638 1504 662 vos
1532 637 1580 662 ea
1601 624 1740 669 dicere,

284 694 448 731 quorum
474 696 533 720 me
564 690 679 720 antea
706 696 904 734 nunquam
934 686 1194 724 insimulavit?
1229 686 1484 736 Nequaquam
1513 693 1629 723 certe.
1661 683 1741 721 Sed

285 749 414 781 tamen
435 743 549 788 dicet,
570 757 640 782 nec
661 744 878 783 mehercule
899 746 1047 797 injuria.
1082 746 1197 784 Scitis
1219 747 1319 784 enim
1339 747 1471 797 utique
1491 746 1578 791 hoc,
1598 757 1643 782 ex
1664 757 1740 796 quo

284 805 364 841 nati
398 812 487 841 sunt
514 804 700 852 homines,
728 812 767 843 et
792 807 940 857 judicia
977 816 1217 853 exercentur,
1249 808 1439 847 neminem
1463 820 1648 858 unquam,
1677 806 1742 856 qui

285 864 426 902 crimen
453 865 646 912 fateretur,
675 879 759 904 esse
788 868 1107 913 condemnatum;
1140 870 1208 908 sed
1233 869 1396 908 frontem
1424 870 1642 920 perfricant,
1673 882 1741 906 ne·

286 933 392 975 gant,
416 926 669 978 mentiuntur,
690 940 827 966 causas
849 930 1202 976 comminiscuntur,
1222 931 1349 968 omnia
1368 931 1517 968 faciunt
1541 943 1588 967 ne
1606 943 1742 980 poenas

285 985 408 1024 luant.
457 988 631 1029 Quarum
662 1001 788 1025 rerum
808 989 915 1027 nulla
933 1003 999 1027 vos
1027 996 1180 1041 oportet
1206 991 1320 1028 hodie
1348 991 1485 1041 decipi,
1516 990 1585 1028 sed
1605 1003 1652 1027 ex
1675 990 1742 1027 've-

286 1053 430 1097 strapte
450 1049 690 1086 conscientia
709 1049 757 1087 de
777 1062 898 1087 causa
921 1051 1111 1102 judicare,
1137 1065 1214 1090 non
1237 1052 1329 1089 meis
1357 1059 1424 1090 aut
1446 1051 1556 1089 istius
1584 1051 1742 1089 credere

287 1109 526 1147 sermonibus
547 1117 614 1147 aut
633 1111 810 1158 testibus,
830 1125 926 1162 quos
947 1113 1018 1151 iste
1039 1121 1193 1164 paratos
1219 1113 1378 1151 habebit
1397 1114 1445 1151 ad
1466 1113 1617 1164 quidvis
1636 1112 1744 1151 testi-

283 1168 493 1215 ficandum,
517 1170 697 1222 Philippo
716 1172 919 1222 praebitore
939 1180 1076 1211 utens:
1105 1173 1282 1211 videbitis
1310 1182 1452 1220 autem,
1474 1187 1589 1224 quam
1609 1186 1678 1224 pro
1698 1186 1743 1210 eo

283 1230 362 1268 sint
381 1230 557 1282 expedite
578 1231 715 1269 dicturi
735 1233 1008 1271 testimonium.
1039 1235 1174 1286 Neque
1194 1235 1290 1272 illud
1309 1236 1422 1273 etiam
1439 1248 1508 1272 vos
1527 1240 1691 1279 moveat,
1712 1234 1743 1271 si

283 1304 357 1329 vox
372 1291 474 1329 illius
496 1292 603 1329 clara
621 1299 659 1330 et
672 1306 814 1344 magna
829 1301 900 1339 est,
917 1307 1003 1331 mea
1018 1308 1108 1331 vero
1123 1296 1284 1331 tenuior.
1314 1295 1451 1343 Neque
1471 1295 1569 1331 enim
1590 1294 1638 1332 de
1658 1307 1743 1332 ora-

285 1353 446 1399 toribus,
462 1359 529 1390 aut
546 1353 798 1398 orationibus,
816 1354 848 1391 si
867 1355 1208 1405 sapitis‚judicium
1225 1355 1338 1392 hodie
1353 1355 1498 1393 facietis
1513 1368 1522 1392 ε
1553 1356 1621 1393 sed
1633 1356 1744 1406 igno-

285 1415 439 1452 miniam
469 1422 625 1466 propter
655 1429 715 1453 res
744 1416 934 1466 flagitiose
965 1425 1004 1454 et
1033 1417 1219 1454 scelerate
1248 1416 1428 1467 perditas,
1457 1425 1675 1468 susceptam
1705 1418 1745 1455 in

286 1482 464 1513 auctores
486 1476 766 1526 retorquebitis,
781 1478 961 1526 negotiis,
974 1491 1061 1527 quae
1076 1490 1210 1515 omnes
1227 1478 1361 1523 nostis,
1377 1478 1614 1515 examinatis.
1644 1479 1743 1520 Quae

282 1536 399 1585 igitur
429 1536 494 1573 illa
519 1536 635 1574 sunt?
666 1537 764 1580 Quae
793 1551 862 1575 vos
889 1538 1005 1582 scitis,
1037 1552 1163 1588 neque
1193 1551 1288 1589 opus
1309 1545 1381 1584 est,
1411 1552 1458 1576 ea
1487 1552 1554 1577 vos
1582 1552 1602 1577 e
1633 1539 1743 1578 nobis

281 1596 427 1634 audire.
472 1596 574 1634 Nam
596 1598 627 1635 si
652 1610 713 1642 ea,
748 1611 835 1648 quae
859 1599 966 1637 vobis
987 1599 1181 1650 pollicitus
1202 1606 1275 1646 est,
1301 1601 1428 1637 omnia
1445 1613 1578 1651 pacem
1610 1608 1746 1639 secuta

284 1665 389 1703 sunt,
412 1665 596 1709 tantaque
615 1659 771 1709 ignavia
799 1666 838 1698 et
857 1660 1061 1699 timiditate
1090 1675 1158 1699 vos
1178 1675 1261 1700 esse
1289 1662 1447 1700 refertos
1472 1662 1657 1708 fatemini,
1686 1670 1743 1708 ut,

283 1721 388 1767 (cum
407 1720 446 1757 in
466 1732 559 1770 agro
587 1727 721 1758 nostro
739 1721 835 1758 nulli
855 1721 985 1760 hostes
1011 1731 1265 1768 versarentur,
1294 1737 1380 1761 cum
1409 1737 1532 1774 neque
1558 1724 1649 1761 mari
1674 1738 1743 1776 op-

285 1793 558 1831 pugnaremur,
577 1795 702 1832 neque
723 1783 803 1820 ulla
822 1783 896 1821 alia
916 1784 1115 1823 calamitas
1138 1785 1360 1836 reipublicae
1379 1786 1593 1831 accidisset,
1617 1786 1685 1823 sed
1707 1792 1747 1824 et

287 1854 442 1880 annona
462 1842 567 1892 parvi
587 1850 788 1890 erneretur,
807 1851 846 1881 et
865 1845 981 1882 nihilo
1007 1846 1117 1897 pejus
1137 1859 1251 1897 quam
1268 1859 1374 1883 nunc
1392 1846 1590 1883 vobiscum
1611 1858 1744 1896 agere-

286 1911 360 1949 tur,
391 1904 460 1941 etsi
478 1905 745 1954 praescissetis,
765 1912 879 1956 atque
898 1919 945 1944 ex
964 1907 1044 1944 istis
1064 1908 1168 1958 prius
1193 1907 1410 1953 audissetis,
1438 1916 1476 1946 et
1495 1907 1620 1945 socios
1648 1908 1746 1958 peri-

287 1971 405 2012 turos,
427 1972 465 2002 et
494 1964 702 2003 Thebanos
721 1974 898 2017 potentes
925 1968 1018 2014 fore,
1039 1976 1078 2006 et
1101 1970 1303 2007 Thraciam
1332 1969 1550 2019 Philippum
1577 1982 1746 2020 occupa-

286 2031 429 2071 turum,
447 2031 486 2062 et
504 2025 542 2062 in
563 2026 710 2064 Euboea
728 2028 891 2065 castella
910 2035 1148 2068 exstructum
1168 2030 1212 2067 iri
1232 2029 1281 2067 ad
1300 2043 1369 2067 vos
1389 2030 1685 2080 oppugnandos,
1709 2037 1748 2068 et

288 2086 417 2123 omnia
433 2099 518 2136 quae
533 2086 636 2124 facta
656 2094 748 2125 sunt
765 2087 895 2126 futura
915 2090 1019 2137 esse)
1040 2097 1167 2128 tamen
1189 2090 1331 2141 cupide
1346 2091 1481 2128 facturi
1507 2104 1642 2142 pacem
1661 2091 1745 2130 fue-

286 2146 381 2193 ritis,
398 2146 584 2184 absolvite
601 2148 838 2195 AEschinem,
853 2163 926 2188 nec
945 2163 1030 2188 cum
1047 2157 1103 2188 tot
1116 2151 1270 2202 flagitiis
1289 2152 1492 2202 perjurium
1509 2152 1744 2203 conjungite.

289 2207 426 2259 Neque
445 2208 545 2246 enim
566 2209 674 2246 vobis
699 2209 875 2258 injuriam
893 2211 998 2259 facit,
1018 2212 1086 2250 sed
1106 2226 1178 2264 ego
1204 2213 1365 2259 insanio,
1386 2220 1425 2251 et
1442 2227 1526 2251 sum
1545 2213 1746 2261 attonitus,

288 2270 352 2319 qui
381 2282 469 2307 eum
497 2283 598 2307 nunc
624 2283 817 2310 accusem.
869 2272 937 2311 Sin
962 2274 1092 2312 omnia
1110 2273 1247 2312 horum
1267 2274 1471 2320 contraria,
1501 2281 1539 2313 et
1558 2275 1680 2313 multa
1708 2285 1747 2313 et

287 2330 457 2381 benigna
475 2331 607 2378 locuti,
628 2331 848 2384 Philippum
866 2336 964 2372 bene
984 2335 1082 2373 velle
1101 2335 1334 2386 reipublicae,
1355 2335 1577 2374 Phocenses
1593 2349 1746 2374 conser-

286 2397 479 2437 vaturum,
497 2391 767 2430 Thebanorum
783 2395 1025 2434 insolentiam
1046 2409 1320 2448 repressurum‚
1340 2397 1432 2447 quin
1448 2397 1549 2435 ultra
1560 2397 1645 2436 haec
1665 2410 1747 2435 ma-

281 2455 369 2500 jora
384 2452 420 2490 in
442 2465 509 2490 vos
540 2466 656 2503 quam
683 2468 768 2505 quae
787 2469 876 2494 cum
907 2457 1124 2508 Amphipoli
1144 2457 1377 2495 conferenda
1395 2458 1483 2504 sint,
1503 2458 1747 2505 collaturum,

289 2513 321 2550 si
350 2526 486 2564 pacem
515 2514 769 2564 impetrasset,
792 2517 996 2563 Euboeam,
1019 2518 1191 2569 Oropum
1211 2518 1474 2557 redditurum:
1508 2520 1540 2557 si
1565 2519 1663 2563 haec,
1687 2520 1747 2557 in-

290 2586 420 2623 quam,
440 2566 558 2612 locuti
577 2581 616 2612 et
637 2576 808 2626 polliciti,
828 2579 957 2616 omnia
975 2579 1207 2626 fefellerunt,
1228 2579 1259 2617 si
1279 2579 1410 2617 fucum
1431 2580 1537 2618 vobis
1557 2580 1746 2630 fecerunt,

291 2634 322 2671 si
342 2634 449 2672 vobis
470 2641 618 2673 tantum
638 2649 715 2674 non
731 2638 897 2676 Atticam
911 2641 1145 2691 eripuerunt,
1161 2641 1429 2687 condemnate,
1443 2654 1568 2692 neque
1589 2641 1637 2678 ad
1653 2641 1746 2678 alias

287 2694 409 2732 factas
435 2697 543 2734 vobis
577 2698 1024 2750 contumelias,—neque
1057 2701 1158 2738 enim
1188 2714 1260 2752 ego
1287 2702 1368 2740 scio
1396 2714 1470 2753 quo
1499 2701 1564 2739 illa
1592 2701 1746 2740 nomine

289 2756 364 2794 alio
394 2756 624 2807 appellanda
655 2758 796 2806 sint—‚
827 2768 981 2812 propter
1013 2763 1170 2800 istorum
1198 2763 1449 2814 corruptelaS,
1475 2776 1543 2801 vos
1576 2762 1676 2801 diras
1707 2770 1748 2801 et

289 2818 497 2869 perjurium
518 2819 672 2857 domum
692 2828 895 2871 reportate.

344 2879 408 2916 65.
437 2880 525 2917 Jam
547 2880 641 2918 illud
657 2882 769 2920 etiam
786 2883 1122 2931 considerandum,
1144 2886 1413 2932 Athenienses,
1428 2898 1570 2936 quanm
1604 2898 1676 2936 ego
1695 2885 1743 2924 de
