1923 3149
557 318 1141 377 DEMOSTHENIS

507 443 1090 495 PHILIPPICA
1157 442 1194 491 Ι.

174 564 212 604 1.
242 565 288 604 Sr
319 563 367 603 de
396 577 497 604 nova
521 565 650 617 aliqua
676 578 717 604 re
747 565 876 603 dicere
905 563 1147 616 propositum
1165 566 1282 608 esset,
1303 557 1577 608 Athenienses,

121 627 320 665 continens
344 641 409 674 me,
430 627 523 664 dum
542 626 697 678 plurimi
726 640 857 664 eorum
880 626 1018 677 quibus
1039 638 1123 663 mos
1141 630 1203 662 est
1223 622 1452 662 sententiam
1471 634 1582 659 suam

121 691 377 739 aperuissent,
403 689 435 726 si
460 688 553 740 quid
573 688 664 726 mihi
686 689 733 726 ab
752 688 825 726 illis
845 688 992 726 dictum
1007 686 1232 738 placuisset,
1257 684 1503 735 quievissem,
1523 682 1584 719 sin

120 750 261 796 minus,
280 757 360 788 tum
378 757 416 788 et
434 750 516 801 ipse
538 763 626 801 quae
645 749 769 787 senti0
785 756 944 787 conatus
961 761 1086 786 essem
1102 747 1196 785 fari:
1226 745 1409 797 quoniam
1423 757 1515 782 vero
1530 744 1585 781 ita

120 812 274 857 accidit,
295 818 338 849 ut
356 812 496 862 quibus
517 812 569 849 illi
590 811 639 848 de
666 812 780 849 rebus
794 811 876 862 jam
906 817 995 848 ante
1016 821 1282 861 saepenumero
1309 807 1502 852 dixerunt,
1522 805 1586 842 hae

121 886 224 911 nunc
244 873 283 911 in
298 874 613 912 deliberationem
629 881 828 920 vocentur,
843 873 1005 910 arbitror
1019 885 1094 918 me,
1107 869 1282 923 quamvis
1297 868 1444 921 primus
1462 867 1513 906 ad
1528 866 1587 904 di-

120 935 288 972 cendum
309 935 551 980 surrexerim,
564 934 653 985 jure
670 942 799 973 tamen
819 933 972 972 veniam
988 940 1192 971 nacturum
1213 943 1315 969 esse.
1347 930 1388 969 Si
1405 929 1506 967 enim
1521 941 1589 966 su-

121 995 260 1046 periori
279 1002 450 1047 tempore
469 1003 683 1047 opportune
702 995 767 1034 isti
785 994 1085 1043 consuluissent,
1105 993 1200 1032 nihil
1218 1006 1286 1032 vos
1306 1004 1411 1030 nunc
1430 1002 1588 1029 necesse

120 1063 225 1094 esset
243 1057 469 1095 deliberare.

176 1119 214 1155 2.
245 1117 414 1155 Primum
430 1118 557 1168 igitur,
578 1117 851 1165 Athenienses,
871 1130 950 1156 non
964 1123 1025 1156 est
1044 1117 1092 1156 de
1109 1115 1363 1168 praesentibus
1390 1115 1521 1160 rebuS‚
1541 1125 1591 1151 ne

122 1178 155 1217 si
178 1179 426 1218 vehementer
451 1180 599 1217 afflictae
627 1192 712 1218 esse
743 1179 959 1227 videantur,
987 1178 1277 1230 desperandum
1306 1176 1429 1215 vobis.
1486 1175 1591 1212 Nam

120 1241 226 1292 quod
245 1241 283 1278 in
303 1242 357 1279 eis
377 1254 423 1279 ex
443 1241 636 1293 praeterito
656 1248 827 1292 tempore
848 1248 906 1279 est
937 1241 1166 1292 pessimum,
1187 1239 1226 1277 id
1246 1240 1374 1290 ipsum
1394 1244 1454 1276 est
1474 1237 1524 1275 ad
1543 1248 1592 1275 ea.

123 1316 211 1352 quae
249 1310 398 1340 restant
435 1303 638 1354 optimum.
697 1303 802 1346 Quid
832 1303 948 1354 igitur
976 1302 1051 1340 hoc
1082 1303 1168 1340 est?
1224 1300 1368 1338 Vestra
1395 1298 1588 1345 nimirum,

122 1364 395 1411 Athenienses,
417 1365 563 1402 factum
584 1377 669 1403 esse
691 1364 870 1403 socordia
889 1371 929 1402 et
949 1364 1063 1402 officii
1088 1363 1284 1414 neglectu,
1305 1368 1348 1400 ut
1367 1374 1427 1399 res
1445 1366 1593 1399 nostrae

122 1426 201 1464 sint
218 1426 412 1470 adversae;
443 1439 530 1464 nam
551 1426 596 1472 si,
617 1426 724 1464 vobis
744 1426 870 1463 omnia
889 1439 976 1476 quae
995 1425 1125 1463 decuit
1146 1424 1369 1475 agentibus,
1391 1435 1453 1461 res
1480 1422 1533 1460 ita
1550 1434 1592 1460 se

121 1490 322 1537 haberent,
337 1503 384 1527 ne
405 1503 493 1541 spes
509 1489 664 1540 quidem
681 1489 828 1540 reliqua
848 1496 965 1534 esset,
988 1489 1068 1526 fore
1085 1501 1149 1526 eas
1170 1486 1377 1537 aliquando
1397 1485 1592 1524 meliores.

125 1552 280 1589 Deinde
299 1551 564 1602 cogitandum,
593 1551 632 1588 id
652 1551 757 1601 quod
780 1551 919 1602 partim
940 1563 988 1588 ex
1014 1550 1097 1587 aliis
1118 1549 1277 1595 auditis,
1294 1548 1434 1599 partim
1454 1547 1526 1598 ipsi
1545 1559 1594 1585 ex

126 1614 310 1650 memoria
328 1618 456 1650 vestra
476 1612 595 1658 scitis,
618 1618 765 1663 quanta
794 1612 1002 1662 aliquando
1022 1610 1196 1662 potentia
1220 1609 1391 1660 praeditis
1410 1608 1592 1646 Lacedae-

127 1674 278 1719 moniis,
297 1673 414 1724 idque
440 1686 517 1710 non
548 1673 604 1710 ita
633 1673 738 1719 olim,
758 1686 873 1723 quam
897 1672 1098 1723 praeclare,
1119 1678 1234 1722 atque
1254 1677 1298 1708 ut
1316 1683 1384 1707 vos
1415 1669 1595 1717 decebat,

125 1734 222 1772 nihil
244 1734 356 1786 hujus
382 1734 602 1785 reipublicae
629 1734 807 1784 dignitati
827 1734 991 1771 alienum
1013 1732 1236 1778 admisistis,
1254 1744 1387 1769 verum
1411 1744 1481 1782 pro
1500 1745 1595 1769 com-

127 1797 225 1834 muni
245 1795 472 1833 Graecorum
488 1795 575 1847 jure
595 1794 740 1833 bellum
755 1802 890 1833 contra
903 1795 989 1833 illos
1010 1793 1263 1832 sustinuistis.
1308 1793 1502 1837 Quorsum
1521 1792 1595 1844 igi-

126 1865 190 1895 tur
201 1857 286 1894 haec
299 1855 413 1895 dico?
445 1857 498 1894 Ut
512 1856 731 1908 perspicere
745 1856 914 1907 possitis,
935 1855 1207 1901 Athenienses,
1223 1861 1339 1905 atque
1353 1848 1595 1892 animadver-

126 1925 220 1965 tere,
240 1931 366 1969 neque
384 1918 694 1970 praecaventibus
719 1918 828 1956 vobis
856 1917 1063 1969 quicquam
1086 1930 1172 1956 esse
1192 1915 1446 1962 formidabile,
1465 1929 1595 1968 neque

129 1980 163 2018 si
182 1980 425 2031 negligentes
447 1979 543 2026 sitis,
563 1979 641 2017 tale
660 1979 753 2030 quid
774 1979 888 2031 quale
907 1993 975 2017 vos
995 1979 1124 2026 vultis,
1144 1984 1373 2017 eventurum
1399 1990 1497 2023 esse,
1525 1991 1594 2016 ex-

129 2042 266 2093 emplis
291 2047 456 2088 utentes,
481 2041 656 2092 potentia
681 2054 766 2092 quae
786 2048 867 2079 tum
886 2040 961 2078 fuit
979 2040 1376 2085 Lacedaemoniorum,
1395 2052 1512 2090 quam
1531 2053 1594 2078 re-

128 2105 203 2142 bus
222 2103 358 2142 vestris
386 2104 533 2141 animos
566 2104 799 2155 applicando
833 2104 1059 2156 superastiS,
1089 2110 1129 2142 et
1152 2104 1268 2156 hujus
1295 2115 1383 2153 quae
1408 2116 1511 2141 nunc
1537 2110 1597 2142 est

130 2165 346 2211 insolentia,
361 2172 517 2216 propter
532 2177 648 2216 quam
667 2172 894 2213 aestuamus,
916 2179 964 2204 eo
980 2166 1086 2217 quod
1105 2165 1197 2204 nihil
1225 2177 1357 2203 eorum
1376 2177 1462 2215 quae
1483 2177 1600 2217 opor-

131 2230 207 2267 tuit
225 2229 454 2267 curavimus.
1581 2223 1584 2227 ’

187 2292 223 2328 3.
254 2289 371 2334 Quod
397 2289 429 2328 si
450 2288 535 2340 quis
554 2295 735 2336 vestrum,
756 2288 1026 2335 Athenienses,
1047 2288 1241 2328 difficilem
1268 2304 1352 2330 esse
1370 2295 1599 2342 oppugnata

132 2349 353 2402 Philippum
374 2351 589 2397 arbitretur,
610 2351 862 2389 considerans
883 2365 972 2390 cum
991 2351 1277 2391 multitudinem
1296 2353 1493 2404 copiarum
1509 2365 1598 2403 quae

133 2426 237 2451 nunc
256 2412 311 2451 illi
330 2419 569 2465 competunt,
590 2419 671 2451 tum
691 2413 821 2451 omnia
839 2413 1019 2464 praesidia
1037 2413 1121 2451 urbi
1135 2420 1280 2453 nostrae
1292 2414 1464 2466 periisse,
1489 2420 1596 2451 recte

133 2487 228 2523 sane
247 2475 466 2518 existimat3
496 2474 600 2513 idem
619 2481 750 2512 tamen
768 2475 843 2513 hoe
864 2475 1021 2526 cogitet,
1039 2475 1160 2514 fuisse
1181 2476 1389 2527 aliquando
1404 2476 1443 2514 in
1463 2482 1599 2513 nostra

132 2541 326 2587 potestate
346 2536 535 2588 Pydnam,
555 2535 786 2583 Potidaeam,
807 2536 1047 2583 Methonam,
1068 2543 1108 2575 et
1129 2550 1284 2576 omnem
1302 2538 1407 2576 illam
1426 2537 1599 2588 undique

134 2597 378 2648 adjacentem
392 2597 589 2648 regionem
604 2610 613 2641 ;
635 2597 820 2648 plurimas
836 2599 964 2645 etiam,
986 2612 1072 2650 quae
1084 2612 1173 2637 cum
1189 2600 1252 2639 illo
1270 2614 1372 2638 nunc
1390 2606 1492 2646 sunt,
1502 2613 1598 2650 gen-

136 2665 196 2696 tes
218 2656 295 2696 suis
314 2657 467 2708 legibus
485 2671 530 2696 ac
544 2659 684 2697 liberas
704 2659 859 2707 vixisse,
878 2660 1065 2711 vobisque
1085 2660 1281 2708 maluisse,
1295 2674 1409 2712 quam
1422 2661 1488 2707 illi,
1503 2660 1600 2698 ami-

134 2720 227 2758 citia
245 2719 442 2772 conjungi.
498 2720 540 2757 Si
558 2720 671 2771 igitur
687 2721 889 2773 Philippus
906 2722 943 2759 in
960 2722 1034 2760 hac
1050 2729 1132 2760 tum
1150 2723 1332 2774 opinione
1353 2722 1501 2768 fuisset,
1527 2721 1602 2760 sibi

137 2781 289 2819 difficile
321 2794 408 2819 esse
438 2780 583 2819 bellum
613 2795 744 2833 gerere
773 2796 861 2820 cum
883 2783 1198 2831 Atheniensibus,
1227 2784 1292 2834 qui
1318 2790 1377 2821 tot
1405 2796 1514 2821 arces
1550 2782 1602 2822 ad

137 2843 324 2881 ditionem
343 2856 453 2881 suam
468 2844 770 2894 oppugnandam
788 2845 991 2891 haberent,
1014 2845 1130 2885 sociis
1146 2846 1344 2891 destituto,
1361 2845 1454 2884 nihil
1468 2859 1602 2884 eorum

134 2917 224 2957 quae
239 2917 344 2945 nunc
361 2903 467 2955 fecit,
492 2905 654 2957 egisset;
684 2917 811 2959 neque
829 2913 977 2945 tantam
998 2906 1211 2960 potentiam
1232 2914 1336 2948 esset
1351 2914 1602 2949 consecutus.

888 2981 910 3007 c
