1923 3149
433 221 504 258 DE
535 220 881 260 RHODIORUM
910 220 1232 260 LIBERTATE.
1494 219 1565 256 139

115 322 346 361 defendisse.
403 325 501 366 Quae
526 338 613 363 cum
639 325 925 376 conspicientur
943 325 990 361 ab
1010 323 1200 368 omnibus,
1222 323 1402 369 efficietis,
1418 329 1461 361 ut
1479 335 1560 361 om-

115 397 183 422 nes
198 385 335 435 plebeii
356 386 392 423 in
407 386 624 425 civitatibus
645 387 845 424 amicitiam
866 392 1030 423 vestram
1059 385 1333 422 incolumitatis
1367 398 1445 422 suae
1477 392 1560 422 tan-

113 460 227 497 quam
248 455 431 486 tesseram
452 450 721 500 cssejudicent
737 462 744 486 :
776 461 899 499 neque
912 461 1002 485 vero
1015 448 1121 485 vobis
1137 447 1256 484 ullum
1276 447 1399 497 majus
1417 448 1562 484 bonum

113 507 239 546 offerri
259 517 389 559 queat,
412 524 524 561 quam
559 512 589 548 si
619 523 750 548 omnes
782 510 881 548 ultro
898 509 1165 548 benevolentia
1183 521 1250 546 vos
1271 508 1384 545 nullis
1402 509 1562 559 suspici-

114 571 249 608 onibus
270 573 436 610 obnoxia
456 580 747 623 prosequantur.

169 635 205 670 3.
236 634 356 672 Miror
371 641 512 681 autem,
528 648 615 672 cum
635 635 791 673 eosdem
809 634 921 672 video
938 634 1101 672 suadere
1118 632 1274 679 civitati,
1291 641 1332 669 ut
1346 644 1413 682 pro
1432 631 1561 669 desen-

115 694 221 732 sione
245 696 510 746 AEgyptiorum
544 696 747 734 Persarum
779 697 859 748 regi
886 697 1121 741 adversetur,
1139 695 1175 732 in
1197 706 1316 732 causa
1337 693 1481 730 Rhodii
1500 706 1568 743 po—

115 757 194 808 puli
230 757 395 795 eundem
425 758 530 795 illum
561 759 753 798 hominem
784 759 1001 797 formidare.
1060 759 1159 795 Cum
1189 757 1259 795 hos
1289 769 1374 795 esse
1405 755 1566 794 Graecos

113 819 237 857 sciant
251 832 408 863 omnes;
439 820 526 858 illos
547 821 619 858 sub
639 821 739 859 illius
758 821 918 872 imperio
938 821 1088 859 cadere.

165 883 203 918 4.
234 881 380 932 Opinor
399 888 525 920 autem
544 883 764 920 meminisse
783 891 950 920 vestrum
973 881 1176 932 quosdam,
1196 894 1284 919 cum
1303 880 1352 918 de
1377 879 1481 931 regio
1501 892 1567 916 ne-

114 943 218 994 gotio
234 943 520 990 deliberaretur,
532 957 592 982 me
612 958 680 995 pro
701 944 887 982 concione
902 943 1096 980 monuisse
1115 941 1292 992 primum,
1307 954 1353 979 ac
1368 941 1439 979 nisi
1460 941 1570 978 fallor

113 1004 237 1042 solum
255 1005 368 1042 etiam
395 1012 461 1042 aut
490 1006 680 1043 duntaxat
704 1019 789 1042 cum
805 1005 939 1051 altero,
958 1003 1078 1041 videri
1103 1003 1195 1040 mihi
1216 1003 1411 1054 sapienter
1428 1016 1496 1040 vos
1513 1003 1570 1040 sa-

114 1072 258 1112 cturos,
280 1067 311 1104 si
330 1080 485 1105 causam
504 1067 780 1114 instructionis,
802 1080 878 1104 non
898 1065 1114 1104 inimicitias
1135 1078 1222 1115 quae
1237 1077 1322 1102 cum
1343 1077 1388 1102 eo
1407 1065 1570 1102 interce-

116 1128 250 1165 derent
269 1129 570 1178 praetendemus,
592 1129 660 1166 sed
681 1129 712 1166 si
732 1135 771 1166 et
787 1128 968 1166 adversus
989 1133 1115 1165 certos
1133 1126 1263 1164 hostes
1283 1139 1351 1164 vos
1372 1126 1571 1178 pararetis,

116 1195 154 1226 et
173 1189 278 1227 illum
301 1190 428 1236 etiam,
450 1190 481 1228 si
508 1203 575 1227 vos
604 1190 795 1228 lacessere
826 1191 1057 1236 institueret,
1084 1188 1375 1226 ulcisceremini.
1432 1189 1571 1238 Neque

114 1264 204 1288 vero
223 1264 296 1301 ego
315 1264 402 1288 cum
427 1251 510 1288 haec
531 1251 724 1298 dixissem,
745 1253 852 1289 vobis
877 1265 954 1289 non
975 1258 1078 1289 recte
1109 1250 1235 1288 dicere
1262 1263 1346 1288 sum
1365 1250 1485 1296 visus,
1503 1251 1572 1288 sed

114 1312 222 1350 vobis
243 1312 356 1350 etiam
379 1312 512 1350 eadem
528 1312 772 1363 placuerunt.
831 1313 946 1355 Quod
966 1313 1081 1363 igitur
1097 1325 1200 1349 nunc
1227 1310 1367 1357 dicam,
1389 1311 1427 1348 id
1457 1313 1571 1350 orati-

113 1373 197 1411 onis
213 1379 304 1411 tunc
316 1373 456 1412 habitae
473 1375 629 1425 sequela
648 1376 739 1413 erit:
769 1388 841 1426 ego
862 1375 976 1421 enim,
997 1375 1029 1412 si
1050 1387 1114 1411 rex
1135 1387 1194 1411 me
1207 1373 1286 1411 illic
1307 1373 1511 1424 degentem
1531 1375 1571 1411 in

114 1435 314 1473 consilium
332 1435 542 1482 adhiberet,
561 1436 662 1474 idem
683 1437 717 1475 ei
737 1436 937 1474 suaderem
953 1435 1058 1486 quod
1078 1434 1208 1473 vobis:
1241 1434 1298 1473 Ut
1315 1447 1383 1485 pro
1398 1448 1468 1472 sua
1487 1435 1573 1474 diti·

115 1510 188 1535 one
207 1497 351 1535 bellum
369 1504 530 1549 gereret,
552 1498 583 1535 si
603 1498 688 1548 quis
710 1498 977 1536 adversaretur
997 1497 1220 1535 Graecorum
1237 1509 1246 1539 ;
1277 1509 1366 1546 quae
1378 1509 1468 1534 vero
1480 1497 1574 1535 nihil

114 1559 163 1597 ad
185 1572 273 1597 eum
301 1560 520 1605 attinerent,
545 1573 676 1598 eorum
707 1559 947 1598 dominatum
971 1559 1027 1596 uti
1055 1571 1212 1609 prorsus
1239 1571 1317 1595 non
1336 1559 1574 1599 vendicaret.

116 1622 231 1664 Quod
257 1622 288 1659 si
321 1623 476 1660 omnino
510 1622 748 1668 decrevistis,
769 1622 1039 1668 Athenienses,
1060 1620 1243 1672 quicquid
1264 1621 1350 1658 Rex
1377 1622 1575 1672 occuparit

117 1684 401 1722 antevertendis
429 1691 467 1722 et
499 1684 735 1735 decipiendis
766 1684 992 1735 oppidorum
1026 1682 1321 1733 magistratibus,
1342 1683 1570 1730 concedere,

117 1758 193 1783 non
218 1752 322 1783 recte
348 1745 568 1783 decrevistis
599 1752 643 1783 ut
670 1759 742 1796 ego
758 1745 905 1796 judico.
963 1744 1029 1782 Sin
1049 1744 1202 1782 tuendae
1217 1743 1379 1795 justitiae
1400 1758 1518 1783 causa
1536 1752 1575 1784 et

115 1807 218 1844 bella
233 1806 417 1857 gerenda,
438 1807 469 1845 si
499 1807 547 1844 sit
576 1820 686 1857 opus,
702 1814 740 1845 et
757 1807 909 1857 quidvis
939 1805 1230 1857 perpetiendum
1265 1818 1350 1843 esse
1378 1807 1574 1857 putabitis,

116 1868 277 1919 primum
306 1873 412 1905 tanto
431 1867 557 1904 minus
584 1868 658 1905 hoc
685 1881 841 1906 necesse
860 1868 967 1905 vobis
987 1867 1071 1912 erit,
1091 1873 1237 1917 quanto
1264 1868 1503 1907 constantius
1523 1870 1576 1908 ita

118 1929 289 1967 sentietis
306 1944 315 1973 ;
344 1928 482 1966 deinde
499 1928 702 1966 consilium
721 1935 760 1967 et
770 1929 959 1980 judicium
978 1934 1147 1966 vestrum
1159 1929 1395 1979 probabitur.

172 1993 209 2028 5.
238 1992 326 2029 Jam
347 1998 390 2028 ut
406 1990 548 2037 sciatis,
564 2005 690 2042 neque
709 2004 770 2028 me
785 1991 993 2041 quicquam
1012 1990 1099 2027 novi
1128 1990 1253 2028 dicere
1273 1991 1338 2041 qui
1358 1991 1574 2033 libertatem

118 2052 278 2090 Rhodiis
289 2052 435 2090 restitui
444 2052 614 2103 jubeam,
630 2065 755 2103 neque
773 2065 855 2098 vos,
877 2052 908 2089 si
927 2051 1017 2089 mihi
1038 2051 1281 2098 auscultetis,
1300 2052 1482 2100 facturos,
1495 2068 1575 2093 rem

120 2114 312 2164 quandam
332 2127 418 2164 quae
439 2120 477 2150 et
495 2113 598 2151 facta
625 2121 684 2152 est
703 2120 741 2152 et
758 2113 901 2165 profuit
926 2113 1033 2151 vobis
1065 2113 1103 2150 in
1133 2113 1356 2151 memoriam
1375 2117 1576 2155 revocabo.

121 2176 202 2213 Vos
224 2175 468 2213 Timotheum
483 2175 690 2226 aliquando
706 2189 792 2214 cum
811 2175 969 2226 imperio
988 2175 1158 2220 misistis,
1180 2175 1448 2223 Athenienses,
1464 2190 1576 2228 opem

120 2239 284 2276 laturum
308 2238 569 2283 Ariobarzani,
587 2238 635 2275 ad
657 2237 851 2276 decretum
869 2238 943 2275 hac
957 2237 1109 2285 adjecta
1123 2237 1310 2283 clausula,
1325 2244 1369 2275 ut
1386 2252 1433 2276 ne
1451 2238 1576 2278 foedus

120 2300 260 2338 factum
288 2312 376 2338 cum
394 2299 505 2350 Rege
523 2299 695 2337 violaret.
753 2299 852 2336 Cum
873 2305 1001 2335 autem
1021 2298 1084 2335 ille
1103 2297 1252 2336 videret
1278 2298 1575 2338 Ariobarzanem

120 2364 247 2415 palam
268 2363 474 2400 descivisse
496 2375 518 2399 a
541 2362 665 2413 Rege,
690 2362 845 2399 Samum
867 2367 995 2398 autem
1027 2359 1206 2410 praesidio
1237 2360 1358 2398 teneri
1388 2373 1411 2398 a
1430 2361 1577 2413 Cypro-

121 2425 301 2472 themide,
321 2439 435 2477 quem
467 2425 652 2475 Tigranes
684 2424 804 2475 Regis
836 2423 1042 2475 praefectus
1061 2421 1146 2460 urbi
1165 2422 1401 2472 praefecerat,
1420 2423 1474 2461 illi
1493 2425 1577 2475 qui-

124 2487 212 2525 dem
232 2500 342 2538 opem
361 2487 458 2525 ferre
473 2487 678 2533 recusavit,
699 2486 798 2524 hanc
813 2499 902 2524 vero
918 2485 1115 2523 obsidione
1134 2484 1253 2522 cinxit
1272 2484 1488 2536 auxilioque
1509 2500 1578 2525 suo

123 2548 320 2591 liberavit;
350 2562 422 2587 nec
443 2550 480 2586 in
499 2549 604 2587 hunc
624 2563 748 2599 usque
769 2549 871 2587 diem
896 2547 1039 2586 bellum
1065 2555 1269 2599 propterea
1287 2547 1395 2586 vobis
1427 2549 1577 2587 illatum

125 2617 183 2648 est
199 2623 208 2647 t
238 2623 350 2648 nemo
369 2610 469 2648 enim
489 2617 547 2649 est
565 2611 629 2661 qui
647 2611 730 2662 pari
748 2610 993 2648 contentione
1019 2615 1140 2648 certet
1158 2609 1376 2660 rapinarum
1403 2624 1522 2649 causa
1541 2619 1579 2649 et

125 2685 218 2723 opes
241 2671 412 2722 proprias
432 2672 690 2711 defendendi:
721 2672 790 2710 sed
815 2686 882 2724 pro
907 2671 966 2709 his
984 2685 1070 2722 quae
1087 2671 1134 2709 de
1155 2684 1225 2709 suo
1239 2671 1474 2718 auferuntur,
1495 2685 1576 2709 om-

126 2746 195 2771 nes
218 2746 366 2770 summa
385 2733 421 2769 vi
448 2741 648 2784 pugnant3
681 2734 730 2772 de
755 2735 893 2772 finibus
925 2740 1054 2772 autem
1081 2733 1343 2784 propagandis
1363 2733 1577 2783 opibusque

127 2794 329 2845 augendis,
349 2807 425 2832 non
447 2795 534 2832 item
552 2808 561 2832 t
584 2802 768 2846 appetunt
785 2795 839 2833 illi
854 2796 1008 2846 quidem
1025 2795 1159 2842 aliena,
1177 2795 1208 2832 si
1224 2808 1337 2832 nemo
1355 2794 1575 2844 prohibeat;

128 2856 186 2894 sin
201 2857 420 2901 obsistatur,
442 2869 482 2893 se
502 2857 549 2894 ab
565 2856 625 2894 his
644 2857 708 2907 qui
728 2857 919 2895 adversati
932 2864 1023 2894 sunt
1040 2857 1155 2894 laesos
1176 2868 1263 2894 esse
1283 2868 1357 2892 non
1372 2861 1522 2905 putant.

180 2921 220 2956 6.
249 2917 494 2956 Artemisiam
514 2930 627 2969 porro
657 2931 705 2956 ne
725 2918 1010 2957 adversaturam
1042 2917 1195 2968 quidem
1215 2929 1299 2953 esse
1316 2916 1408 2954 huic
1437 2918 1577 2968 agendi

132 2979 414 3025 consuetudini,
436 2978 500 3017 ubi
520 2986 651 3018 nostra
670 2980 761 3018 urbs
777 2980 855 3030 jam
878 2980 1075 3030 negotium
1101 2977 1324 3029 susceperit,
1345 2978 1479 3029 paucis
1511 2993 1578 3018 au-
