1923 3149
702 143 1129 184 ARGUMENTUM.
1567 147 1644 183 355

184 247 244 276 Sed
262 247 299 276 ad
316 247 394 276 lunae
411 257 534 277 cursum
551 257 646 278 annus
661 248 752 278 habet
768 258 940 291 ccc.r..1111
957 247 1043 277 dies:
1070 246 1149 276 unde
1164 246 1208 283 fit,
1224 250 1257 276 ut
1272 245 1384 276 mensis
1399 250 1517 276 constet
1531 246 1640 277 diebus

185 297 301 327 vicenis
314 297 442 327 novenis
456 305 485 328 et
495 298 631 328 semisse.
660 299 774 329 Decies
786 298 864 329 enim
880 297 988 338 viginti
1001 301 1071 327 sunt
1083 306 1135 327 cc.
1147 296 1203 326 Bis
1215 296 1323 336 viginti
1337 307 1391 327 xx„
1403 296 1517 327 Decies
1533 307 1640 327 novem

187 357 240 378 xc.
260 348 314 377 Bis
330 359 439 379 novem
457 359 571 380 x.vu1.
589 350 731 379 Semissis
748 349 927 380 duodenarii
943 352 990 379 est
1005 348 1102 378 senio.
1129 347 1238 386 Itaque
1256 348 1284 376 in
1303 348 1476 377 universum
1493 353 1560 378 sunt
1574 349 1640 378 dies

183 408 367 429 CCC-L.1111.
385 401 432 430 Ad
447 411 569 430 cursum
587 405 687 431 autem
705 400 780 430 solis
803 400 912 430 desunt
934 399 1000 429 dies
1014 408 1062 428 XI.
1087 407 1164 437 quos
1180 397 1384 427 Athenienses
1408 398 1500 427 tertio
1517 409 1638 437 quoque

182 459 260 479 anno
283 453 502 491 conjungentes
527 461 659 482 mensem
679 451 794 481 faciunt
811 450 1023 481 intercalarem
1045 448 1192 479 tricenum
1211 448 1302 477 trium
1324 447 1453 478 dierum.
1496 450 1639 478 Continet

182 500 277 539 igitur
303 511 396 531 annus
416 502 453 531 ad
475 502 554 531 lunae
577 512 698 532 cursum
715 511 883 532 ccc.1..1111
902 501 979 531 dies.
1013 501 1058 530 Ac
1073 499 1141 529 dies
1157 504 1286 538 quatuor
1300 498 1398 528 Attici
1425 500 1573 529 vocabant
1588 511 1640 529 co-

181 552 326 587 mitiales,
340 553 452 592 quibus
470 553 674 594 interregnum
691 552 795 582 eratin
813 552 928 588 Attica,
943 557 974 582 et
989 551 1183 592 magistratus
1198 550 1446 589 designabantur.
1473 551 1639 590 Quingenti

178 602 274 642 igitur
296 603 342 633 illi
357 613 452 633 cecau
470 603 536 633 dies
554 603 583 632 in
611 603 791 643 magistratu
810 607 905 633 erant.
945 602 1006 632 Sed
1024 602 1095 641 quia
1109 601 1197 631 multi
1213 605 1309 637 erant,
1324 604 1355 631 et
1370 601 1492 640 negotia
1508 611 1566 630 non
1581 612 1637 632 ex·

181 654 285 693 pedite
300 654 514 689 succedebant,
531 654 728 683 decuriarunt
744 664 812 683 sese
828 663 884 693 pro
901 653 1037 683 tribuum
1052 663 1189 687 numero,
1209 656 1242 682 ut
1257 651 1384 691 singulae
1401 651 1534 681 decuriae
1551 651 1638 691 quin-

181 713 336 743 quagenos
351 703 541 733 continerent
552 703 624 744 (hos
639 704 719 733 enim
738 714 926 743 unaquaeque
941 702 1041 733 tribus
1058 701 1277 743 designabat):
1293 702 1371 732 unde
1383 702 1486 737 fiebat,
1502 706 1534 731 ut
1551 702 1637 741 quin-

179 755 309 794 quageni
325 755 369 784 illi
386 755 520 785 tricenos
535 756 643 795 quinos
659 756 727 785 dies
742 756 870 795 reliquis
891 756 1087 794 imperarent.
1123 754 1169 784 Hi
1185 754 1263 784 enim
1290 764 1396 784 xxx-v
1414 753 1480 783 dies
1498 758 1568 784 sunt
1584 754 1636 782 de-

178 806 257 836 cima
267 807 337 836 anni
352 817 433 845 pars.
460 807 572 836 Decies
589 807 668 836 enim
686 818 758 836 xxx
773 811 843 837 sunt
861 817 952 844 ccc.;
967 806 1072 836 decies
1089 816 1106 834 v
1124 810 1194 835 sunt
1211 815 1241 836 L.
1257 806 1335 835 Cum
1349 809 1452 835 autem
1468 805 1527 844 ipsi
1544 804 1636 835 etiam

179 858 382 897 quinquageni
398 858 502 897 plures
518 863 633 893 essent,
650 868 739 897 quam
764 863 797 888 ut
812 858 973 888 commode
997 857 1084 887 simul
1102 856 1283 896 magistratu
1298 856 1507 896 fungerentur,
1522 856 1566 886 illi
1581 856 1636 886 de-

178 920 244 939 cem
263 910 372 939 sortito
388 920 477 938 unum
495 909 629 948 septidui
647 909 739 939 diem.
763 909 910 940 Similiter
924 913 955 940 et
967 909 1078 948 reliqui
1095 918 1182 938 suum
1195 908 1326 947 quisque
1338 908 1418 938 diem
1433 908 1635 948 imperabant,

176 961 276 990 donec
294 965 410 1000 septem
426 961 470 990 illi
488 960 554 990 dies
571 961 808 999 complerentur.
851 961 901 990 Ita
917 960 1018 995 fiebat,
1035 963 1068 989 ut
1079 964 1142 990 tres
1159 970 1175 990 e
1189 969 1314 989 numero
1326 958 1559 998 magistratuum
1575 969 1634 988 non

174 1012 371 1052 imperarent.
396 1011 618 1051 Unusquisque
631 1017 733 1042 autem
747 1011 943 1052 magistratus
959 1022 1018 1041 uno
1034 1011 1085 1041 die
1099 1011 1263 1040 vocabatur
1277 1010 1451 1050 praefectus.
1480 1011 1544 1039 Cur
1559 1020 1632 1039 vero

174 1074 234 1094 uno
248 1069 363 1093 tantum
377 1063 427 1092 die
440 1062 631 1102 imperabat?
649 1063 731 1102 Quia
743 1063 841 1093 clavis
855 1063 934 1093 arcis
946 1062 974 1092 ei
987 1062 1178 1097 credebatur,
1188 1066 1219 1091 et
1232 1061 1330 1091 omnis
1344 1061 1476 1100 pecunia
1487 1060 1632 1092 civitatis.

174 1117 223 1146 Ne
239 1116 333 1155 igitur
349 1125 474 1154 regnum
491 1115 659 1151 affectaret,
673 1115 762 1144 unius
777 1114 838 1144 diei
851 1114 1063 1154 magistratum
1079 1124 1146 1143 esse
1160 1113 1331 1143 voluerunt.
1354 1112 1517 1142 Sciendum
1533 1116 1632 1141 autem

172 1173 231 1203 est,
247 1167 476 1206 quinquagenos
486 1166 556 1196 illos
570 1170 696 1196 vocatos
710 1165 804 1195 fuisse
817 1165 977 1196 curiones:
994 1166 1092 1195 denos
1105 1164 1266 1205 proesideS,
1282 1163 1348 1194 sive
1362 1173 1523 1202 proceres:
1543 1173 1633 1192 unum

172 1218 271 1253 illum,
288 1218 476 1256 praefectum.

215 1268 433 1299 Accedendum
455 1269 518 1306 jam
542 1271 589 1297 est
610 1268 647 1297 ad
663 1268 831 1306 propositae
854 1268 943 1298 nobis
960 1266 1106 1297 orationis
1129 1271 1350 1307 argumentum.
1382 1265 1483 1296 Moris
1507 1270 1583 1301 erat,
1599 1270 1632 1296 ut

172 1324 296 1350 senatus
310 1319 543 1358 quingentorum
571 1323 699 1358 accepta
716 1329 732 1348 e
747 1318 872 1358 publico
888 1318 1030 1359 pecunia,
1046 1328 1140 1348 novas
1153 1318 1292 1348 triremes
1311 1317 1518 1347 fabricaretur.
1549 1318 1632 1357 Lege

171 1371 244 1402 item
272 1371 438 1410 jubebatur
481 1375 665 1406 senatus,
707 1370 739 1400 si
779 1369 924 1410 populi
959 1369 1238 1410 approbation
1252 1379 1308 1399 em
1348 1368 1384 1398 in
1421 1369 1630 1408 fungendo

172 1434 200 1453 m
217 1433 262 1452 un
277 1432 343 1452 ere
371 1422 594 1451 senatorio
631 1433 659 1451 m
673 1421 860 1452 eruisset
892 1432 1041 1452 corona
1068 1421 1224 1451 donari.
1261 1422 1295 1451 Is
1319 1421 1415 1460 igitur
1437 1426 1572 1457 senatus,
1594 1422 1632 1451 de

172 1485 233 1514 quo
257 1473 421 1512 loquimur,
443 1482 614 1511 quanquam
638 1476 766 1512 accepta
786 1483 825 1502 ex
843 1472 951 1502 aerario
975 1472 1118 1511 pecnnia,
1137 1472 1276 1502 triremes
1302 1483 1360 1501 non
1379 1472 1510 1501 fecerat:
1534 1476 1633 1503 tamen

171 1536 240 1555 cum
265 1524 296 1554 in
321 1523 435 1554 ceteris
458 1523 599 1553 omnibus
623 1524 701 1553 bene
720 1534 753 1553 se
774 1523 910 1563 gessisse
928 1523 1096 1560 videretur,
1117 1522 1265 1553 Androtio
1289 1528 1403 1558 orator,
1429 1524 1495 1561 ejus
1518 1523 1632 1553 ordinis

172 1581 329 1616 patronus,
352 1574 510 1604 decretum
528 1573 612 1610 fecit,
628 1579 663 1603 ut
677 1578 802 1603 senatus
818 1584 929 1603 corona
941 1573 1114 1604 donaretur.
1152 1574 1189 1604 Id
1204 1574 1362 1604 decretum
1380 1578 1412 1603 ut
1428 1577 1534 1603 contra
1549 1574 1633 1614 leges

171 1628 293 1662 sactum,
310 1626 458 1656 Euctemo
472 1630 502 1655 et
519 1625 689 1661 Diodorus,
699 1625 812 1655 inimici
829 1624 1039 1662 Androtionis,
1051 1625 1323 1665 reprehenderunt.
1348 1625 1453 1654 Status
1469 1625 1633 1664 negotialis

171 1683 231 1715 est,
243 1679 359 1718 scripto
375 1682 529 1714 constans,
540 1682 572 1708 et
587 1677 862 1708 considerationem
880 1678 971 1708 habet
984 1678 1078 1708 futuri
1092 1677 1251 1717 temporis,
1269 1688 1304 1707 an
1320 1678 1379 1707 hoc
1395 1677 1565 1708 faciendum
1580 1678 1631 1715 sit,

171 1741 208 1760 an
231 1730 288 1759 boc
304 1729 436 1759 dandum
453 1728 505 1764 sit,
527 1740 583 1759 nec
600 1740 649 1758 ne.
672 1730 714 1759 Et
732 1729 872 1768 qnoniam
897 1729 932 1758 ad
951 1734 1062 1759 statum
1081 1727 1228 1759 orationis
1254 1728 1499 1768 intelligendum,
1520 1731 1631 1770 proba-

169 1782 287 1812 tionum
309 1780 446 1819 cognitio
462 1781 608 1819 prodest:
634 1791 690 1821 age
707 1780 736 1810 in
754 1784 967 1810 accusatorum
984 1784 1162 1820 argumenta
1177 1780 1308 1819 primum
1324 1780 1525 1819 inquiramus.
1569 1782 1632 1811 Eu-

169 1836 270 1862 ctemo
283 1831 377 1871 igitur
391 1834 422 1860 et
438 1831 596 1861 Diodorus
607 1835 736 1870 quatuor
749 1831 870 1872 legibus
880 1831 1036 1861 decretum
1052 1831 1290 1870 reprehendunt,
1305 1841 1433 1870 quarum
1450 1832 1549 1871 prima
1564 1837 1611 1862 est
1628 1844 1633 1861 :

168 1883 384 1913 decretum
416 1881 505 1911 sine
548 1882 820 1912 auctoritate
851 1885 1028 1912 senatus
1063 1882 1107 1911 ad
1137 1881 1336 1922 populum
1369 1892 1414 1912 ne
1448 1883 1630 1914 ferunto.

167 1935 244 1964 Cum
261 1932 341 1963 enim
358 1933 464 1972 populi
485 1933 650 1963 multitudo
667 1943 776 1973 magna
797 1937 892 1969 esset,
909 1943 1054 1972 saepeque
1075 1932 1283 1973 deciperetur,
1299 1943 1358 1962 non
1374 1933 1631 1971 animadvertens,

168 1995 204 2014 an
221 1985 250 2014 in
267 1985 392 2014 decreto
408 1984 489 2014 fraus
507 1984 609 2024 aliqua
623 1985 745 2020 lateret,
761 1985 891 2024 primum
907 1985 939 2015 in
963 1988 1101 2015 senatum
1117 1984 1352 2024 quingentorum
1374 1985 1563 2023 mittebatur,
1579 1987 1631 2026 qui

165 2035 344 2074 indagabat,
366 2045 403 2064 an
419 2035 520 2073 aliqua
535 2045 617 2064 noxa
633 2040 684 2064 aut
698 2036 782 2065 frans
797 2036 827 2065 in
841 2047 878 2065 eo
895 2036 1016 2072 lateret,
1037 2040 1067 2066 et
1083 2035 1127 2066 sic
1142 2036 1181 2065 ad
1196 2036 1346 2075 populum
1362 2036 1528 2067 ferebatur.
1567 2039 1630 2069 De-

167 2087 284 2116 cuisset
298 2086 394 2125 igitur
409 2097 490 2121 eum,
507 2086 665 2117 decretum
683 2087 802 2116 senatui
825 2097 999 2127 proponere
1023 2086 1054 2116 in
1071 2086 1193 2125 primis.
1229 2087 1300 2116 Non
1322 2091 1422 2116 autem
1447 2089 1607 2128 proposuit
1624 2101 1629 2118 :

165 2137 239 2177 quia
264 2137 342 2167 enim
368 2147 476 2167 recens
491 2137 702 2176 magistratum
726 2137 837 2167 inierat
860 2143 996 2174 senatus,
1011 2137 1130 2168 veritus
1155 2137 1225 2174 suit,
1252 2148 1290 2167 ne
1313 2137 1466 2168 dissensio
1486 2139 1627 2170 oriretur.

166 2189 306 2228 Quisque
323 2188 402 2219 enim
419 2193 644 2218 antecessorem
670 2199 756 2218 suum
777 2199 841 2219 rem
864 2189 942 2219 male
968 2189 1105 2228 gessisse
1127 2189 1290 2219 ostendere
1312 2189 1408 2228 cupit.
1443 2189 1549 2220 Altera
1564 2190 1629 2227 lex,

166 2245 336 2271 senatus
364 2239 438 2279 qui
460 2240 654 2270 triremes
680 2241 838 2270 fecerit
863 2240 1075 2279 praemium
1099 2240 1326 2281 postulato.
1354 2240 1534 2277 Tertialex,
1558 2242 1630 2281 qui

166 2291 406 2331 pudicitiam
436 2292 668 2331 prostituit
691 2302 707 2321 a
734 2293 877 2330 repub.
903 2291 1083 2331 gerenda.
1107 2291 1336 2321 abstineto.
1366 2291 1518 2322 Androtio
1533 2292 1630 2332 igitur

165 2345 256 2375 homo
280 2345 464 2383 flagitiosus,
487 2345 642 2375 abstineat
656 2356 674 2376 a
695 2345 865 2385 republica.
891 2347 1008 2384 Quarta
1033 2344 1101 2380 lex,
1130 2356 1148 2384 q
1161 2344 1200 2374 ui
1227 2355 1258 2374 m
1271 2355 1291 2374 u
1303 2345 1314 2374 l
1324 2348 1382 2374 cta
1393 2355 1423 2374 m
1452 2355 1472 2374 n
1485 2356 1502 2375 o
1514 2346 1558 2375 nd
1571 2357 1588 2376 u
1598 2357 1628 2377 m

166 2397 320 2432 solvit,
347 2396 386 2426 in
416 2397 642 2436 republica
671 2407 718 2427 ne
748 2408 795 2427 ve
810 2407 875 2427 rse
890 2401 970 2426 tur.
1011 2396 1109 2433 Quam
1139 2400 1184 2432 tu,
1209 2395 1373 2432 Androtio‚
1396 2407 1466 2426 cum
1494 2398 1627 2428 nondum

165 2448 308 2485 solveris,
321 2449 351 2478 in
367 2449 527 2488 republica
540 2448 656 2479 versari
670 2459 728 2479 non
740 2449 846 2478 debes.
867 2449 936 2480 Jam
950 2452 981 2478 et
991 2448 1037 2478 rei
1049 2447 1242 2478 defensiones
1251 2447 1450 2487 explicemus.
1475 2449 1628 2479 Androtio

163 2499 259 2539 igitur
282 2499 387 2538 primae
407 2500 470 2539 legi
493 2500 745 2530 consuetudinem
762 2499 906 2541 opponit:
930 2500 973 2530 ait
995 2499 1088 2536 enim,
1111 2499 1283 2529 obtinuisse
1306 2498 1570 2535 consuetudinem,
1594 2504 1628 2530 ut

166 2552 290 2581 decreta
306 2550 368 2580 sine
384 2550 566 2580 auctoritate.
582 2555 705 2581 senatus
722 2552 760 2581 ad
783 2551 934 2591 populum
949 2551 1094 2581 ferantur.
1129 2551 1280 2581 Secundae
1295 2551 1358 2591 legi
1381 2550 1469 2580 aliam
1484 2551 1584 2589 legem
1600 2554 1630 2581 et

163 2601 232 2641 ipse
249 2601 368 2639 objicit,
383 2611 443 2640 qua
457 2601 603 2640 jubeatur
619 2607 753 2637 senatus,
777 2602 811 2632 si
837 2603 856 2631 b
869 2613 914 2632 en
928 2613 944 2633 e
970 2603 1006 2632 fu
1019 2613 1037 2632 n
1049 2607 1138 2632 ctus
1165 2602 1293 2632 officio
1321 2612 1339 2631 v
1353 2601 1443 2631 idea
1456 2605 1468 2630 t
1480 2610 1499 2629 u
1511 2612 1526 2631 r
1549 2612 1569 2641 p
1581 2611 1596 2630 r
1609 2611 1626 2630 ο

163 2664 181 2682 c
192 2664 210 2683 o
221 2664 238 2682 n
249 2653 339 2682 cion
350 2663 367 2682 e
396 2663 412 2682 c
422 2663 440 2682 o
449 2663 463 2683 r
472 2663 490 2682 o
499 2664 515 2682 n
525 2663 542 2682 a
571 2653 591 2682 d
602 2663 620 2683 o
630 2664 647 2683 n
656 2664 673 2684 a
682 2654 728 2685 ri.
763 2654 914 2694 Reliquas
931 2654 1006 2684 duas
1021 2654 1209 2694 exceptione
1222 2658 1391 2694 oppugnat,
1406 2662 1556 2689 asserens,
1565 2653 1628 2692 jam

162 2714 222 2734 non
240 2714 308 2734 esse
330 2704 368 2733 de
385 2703 429 2733 eis
453 2704 698 2742 disceptandum.
724 2704 857 2741 Quidam
881 2706 924 2735 ita
939 2709 1108 2736 tractarunt
1132 2705 1210 2735 hanc
1226 2703 1406 2738 orationem,
1423 2707 1456 2732 ut
1479 2703 1516 2732 ad
1533 2713 1625 2742 nego-

163 2755 268 2785 tialem
285 2756 386 2795 legum
411 2755 655 2785 contrarietatem
671 2756 831 2786 referrent.
854 2757 958 2787 Etiam
973 2756 1037 2793 hio,
1051 2756 1203 2796 inquiunt,
1219 2755 1288 2784 duae
1302 2754 1387 2792 leges
1401 2753 1482 2783 inter
1509 2763 1542 2782 se
1567 2763 1627 2792 pu-

166 2811 256 2845 gnant
273 2817 312 2836 ex
331 2805 575 2836 circumstantia:
601 2816 728 2845 quarum
746 2807 841 2837 altera
857 2807 969 2837 violata
985 2812 1043 2844 est,
1059 2812 1187 2846 propter
1208 2803 1334 2835 alterius
1356 2803 1626 2836 confirmationem.

165 2858 416 2897 Respondemus,
430 2858 461 2888 in
477 2857 624 2897 negotiali
647 2857 876 2895 constitutione,
898 2862 976 2889 cums
981 2859 1021 2889 de
1038 2856 1198 2888 contrariis
1214 2855 1335 2895 legibus
1357 2854 1471 2894 agitur,
1487 2859 1624 2885 neutram

164 2909 287 2947 violari,
302 2910 358 2941 sed
373 2910 560 2941 considerari
577 2913 674 2941 utram
692 2910 799 2941 violari
812 2915 964 2951 oporteat.
991 2911 1027 2941 In
1044 2911 1099 2940 hac
1115 2914 1216 2940 autem
1232 2918 1325 2938 causa
1337 2907 1423 2937 aliter
1438 2907 1517 2943 fieri,
1533 2917 1624 2947 quum
