1923 3149
565 216 853 255 ADVERSUS
885 214 1172 253 LEPTINEM.
1482 260 1487 264 ψ
1530 212 1609 248 ‘285

148 326 190 356 ut
211 318 325 356 uilem
349 318 473 369 legem
506 327 626 357 ratam
661 320 851 364 habeatis,
870 319 908 356 id
927 331 1083 368 quoque
1103 317 1237 368 paucis
1260 317 1524 354 demonstrare
1544 328 1610 353 co-

147 381 280 426 nabor,
301 379 331 418 si
353 393 471 418 unum
493 381 597 432 prius
628 389 773 418 nostrae
807 381 910 418 urbis
933 379 1153 429 exemplum
1177 378 1356 415 attulero.
1416 378 1608 415 Dicuntur

149 440 324 491 Triginta
342 443 485 491 tyranni
505 455 526 480 a
548 442 851 480 Lacedaemoniis
871 448 1007 479 mutuo
1030 439 1225 489 accepisse
1245 439 1445 488 pecuniam
1474 447 1608 476 contra

149 515 215 540 eos
233 503 298 553 qui
317 504 355 541 in
376 504 566 542 Piraeeum
586 510 841 542 secesserant.
901 500 1173 540 Reconciliatis
1195 506 1324 537 autem
1342 500 1440 536 inter
1459 514 1499 537 se
1519 500 1610 537 civi-

146 564 367 616 bus‚eoque
387 564 557 603 tumultu
573 565 710 616 sopito,
733 563 1014 603 Lacedaemonii
1032 561 1233 614 pecuniam
1255 560 1358 598 illam
1375 573 1442 610 per
1461 561 1610 611 legatos

148 628 396 677 repetierunt.
426 627 522 664 Orta
540 639 654 677 porro
675 638 723 663 ex
740 639 790 664 ea
810 638 850 663 re
870 624 1146 676 disputatione,
1166 635 1254 660 cum
1270 621 1309 658 hi
1327 634 1392 658 eos
1413 621 1477 671 qui
1495 621 1532 657 in
1548 635 1608 658 ur-

147 689 195 726 be
215 694 436 726 manserant
455 694 494 724 et
513 700 567 725 aes
587 687 753 724 alienum
775 687 1001 731 conflarant,
1017 685 1119 723 idem
1141 684 1255 722 etiam
1273 683 1481 721 dissolvere
1495 683 1610 734 jube-

149 756 255 793 rent:
286 748 340 785 illi
361 748 613 786 communiter
633 748 937 786 Lacedaemoniis
962 746 1278 785 satisfaciendum
1300 752 1513 792 censerent,
1532 758 1609 795 quo

146 810 185 847 id
200 810 361 861 primum
382 810 601 848 concordiae
621 810 760 861 pignus
780 817 908 847 esset:
939 810 1049 848 aiunt
1081 808 1273 859 Populum
1299 820 1378 845 non
1408 820 1610 845 recusasse

146 871 194 908 de
214 884 284 909 suo
303 872 546 909 contribuere
565 878 605 909 et
625 877 850 923 sumptuum
869 877 1018 922 partem
1039 870 1076 907 iu
1098 883 1140 908 se
1163 869 1361 913 reclinare,
1382 881 1430 905 ne
1450 868 1542 918 quid
1564 882 1609 906 ex

145 931 189 970 iis
211 946 298 983 quae
330 939 593 971 convenerant
610 933 831 971 violaretur.
888 934 950 970 An
981 945 1059 971 non
1091 931 1207 983 igitur
1243 931 1455 969 absurdum
1482 931 1610 978 fuerit,

148 993 428 1041 Athenienses,
449 1007 517 1032 vos
538 1003 634 1040 tum,
652 1008 701 1032 ne
720 994 991 1039 mentiremini,
1007 993 1182 1031 conferre
1203 993 1405 1044 pecuniam
1427 992 1462 1029 in
1480 1005 1610 1029 eorum

147 1068 258 1093 usum
279 1055 430 1106 quivos
461 1055 673 1093 affecerant
699 1055 838 1108 injuria
867 1055 1059 1093 voluisse:
1090 1068 1195 1092 nunc
1225 1067 1330 1100 vero,
1362 1067 1450 1091 cum
1484 1053 1610 1099 liceat,

146 1117 333 1167 abrogata
351 1117 452 1167 lege,
475 1117 556 1155 sine
577 1123 733 1168 sumptu
748 1118 812 1168 jus
839 1130 948 1155 suum
979 1117 1146 1154 tribuere
1179 1116 1238 1154 his
1267 1116 1330 1167 qui
1362 1117 1460 1154 bene
1487 1117 1612 1154 meriti

147 1185 251 1224 sunt,
271 1178 387 1216 malle
407 1178 566 1216 fallere?
594 1178 669 1216 hoc
691 1178 780 1215 mihi
800 1179 953 1229 quidem
987 1177 1300 1229 indignissimum
1322 1177 1488 1214 videtur.
1548 1178 1609 1215 Ac

146 1251 272 1277 mores
293 1246 435 1277 nostrae
456 1240 633 1285 civitatis,
655 1239 926 1285 Athenienses,
947 1253 1033 1277 cum
1056 1253 1103 1276 ex
1126 1239 1256 1276 multis
1275 1239 1373 1285 aliis,
1389 1246 1470 1276 tum
1484 1251 1531 1276 ex
1550 1239 1609 1276 his

145 1313 232 1350 quae
248 1300 438 1345 recensui,
457 1300 624 1352 perspici
655 1306 785 1350 potest
815 1313 901 1337 esse
934 1300 1046 1345 tales,
1067 1308 1109 1337 ut
1129 1313 1175 1338 ea
1195 1313 1217 1338 a
1236 1300 1448 1338 mendaciis
1471 1300 1608 1338 abhor-

143 1369 227 1400 reat
245 1369 285 1400 et
307 1362 479 1400 humana
499 1361 561 1407 sit,
581 1368 625 1399 ut
652 1375 729 1399 non
750 1361 788 1398 id
809 1362 933 1399 solum
955 1368 1105 1412 spectet
1125 1361 1265 1412 quibus
1286 1361 1496 1399 rationibus
1515 1375 1610 1400 aera-

143 1423 239 1461 rium
259 1424 530 1475 locupletetur,
551 1424 621 1462 sed
641 1423 735 1461 illud
771 1424 885 1461 etiam
907 1423 1000 1474 quid
1035 1423 1138 1461 factu
1159 1423 1210 1461 sit
1226 1424 1432 1460 honesturn
1451 1437 1459 1462 :
1491 1424 1610 1474 legis-

144 1486 244 1524 lator
271 1495 400 1524 autem
419 1486 508 1533 iste,
525 1499 693 1537 quonam
713 1485 795 1523 aliis
816 1486 855 1523 in
874 1487 989 1523 rebus
1013 1485 1172 1536 ingenio
1193 1485 1242 1522 sit
1261 1485 1438 1535 equidem
1460 1487 1607 1530 nescio,

144 1560 272 1598 neque
303 1548 510 1598 quicquam
540 1548 757 1598 improbum
792 1548 840 1584 de
874 1560 920 1585 eo
953 1547 1053 1593 dico,
1072 1560 1198 1597 neque
1219 1546 1424 1597 quicquum
1453 1547 1505 1584 illi
1532 1548 1608 1586 tale

143 1609 326 1648 conscius
352 1623 460 1653 sum;
491 1609 560 1647 sed
587 1609 710 1660 legem
745 1609 828 1659 ejus
870 1609 1040 1654 intuens,
1061 1609 1173 1646 video
1193 1621 1320 1646 mores
1355 1622 1440 1659 eJus
1471 1622 1492 1646 a
1526 1623 1608 1647 mo-

144 1670 249 1709 ribus
282 1671 445 1709 civitatis
488 1671 653 1708 multum
692 1670 889 1708 dissidere.
947 1670 1060 1712 Quod
1103 1671 1133 1708 si
1174 1683 1234 1708 me
1273 1670 1450 1716 audietis,
1490 1670 1604 1722 longe

144 1733 401 1784 praestabilius
420 1733 625 1778 videbitur,
645 1739 689 1770 ut
716 1732 747 1770 is
781 1732 820 1769 in
853 1731 1078 1782 abroganda
1110 1731 1196 1782 lege
1215 1738 1382 1770 vestram
1400 1733 1605 1771 auctorita-

145 1801 220 1833 tem
241 1795 368 1833 valere
388 1795 571 1846 patiatur,
587 1807 701 1845 quarn
721 1800 765 1831 ut
784 1807 868 1831 eam
890 1793 1025 1831 vestris
1046 1793 1238 1843 suffragiis
1251 1794 1443 1844 perferat:
1462 1795 1603 1832 etenim

143 1869 231 1894 cum
264 1856 335 1907 ipsi
369 1863 451 1893 tum
482 1856 702 1907 reipublicae
730 1855 1016 1894 conducibilius
1048 1856 1131 1901 erit,
1166 1862 1211 1892 ut
1239 1855 1419 1906 Leptines
1441 1869 1463 1893 a
1492 1869 1606 1907 repu-

139 1918 241 1956 blica
260 1918 481 1970 exemplum
502 1924 624 1969 petat,
653 1930 768 1967 quam
803 1925 846 1955 ut
877 1923 1048 1954 nostram
1081 1916 1274 1954 civitatem
1302 1917 1382 1967 ipse
1410 1919 1467 1955 sui
1501 1919 1605 1956 simi-

140 1980 215 2018 lem
247 1994 334 2019 esse
352 1981 459 2019 velit.
483 2001 487 2005 ·
517 1980 619 2018 Nam
640 1979 792 2018 etiamsi
812 1980 980 2030 optimus
1016 1980 1076 2023 sit,
1096 1978 1222 2029 qualis
1259 1991 1350 2016 sane
1382 1993 1460 2017 non
1492 1981 1604 2019 obsto

141 2056 218 2092 quo
245 2044 371 2081 minus
404 2042 664 2094 perhibeatur,
684 2042 769 2094 ejus
794 2050 926 2080 tamen
954 2054 1081 2079 mores
1114 2040 1278 2092 publicis
1312 2041 1493 2080 institutis
1526 2056 1603 2080 non

142 2111 255 2143 erunt
270 2104 522 2143 anteferendi.

194 2168 233 2205 6.
263 2167 406 2205 Verum
428 2180 514 2218 ego,
529 2167 696 2217 judices,
715 2166 858 2205 rectius
879 2179 947 2204 vos
978 2166 1026 2204 de
1054 2166 1128 2204 hoc
1148 2167 1305 2217 negotio
1322 2166 1603 2206 deliberaturos

137 2227 316 2275 arbitror,
337 2229 368 2266 si
389 2227 737 2273 consideraverim,
757 2241 844 2278 quae
866 2239 986 2266 causa
1004 2228 1079 2271 sit;
1110 2240 1178 2265 cur
1196 2228 1361 2266 honores
1383 2229 1448 2279 qui
1469 2229 1605 2279 aliquiss

139 2291 211 2328 bus
233 2302 256 2327 a
274 2289 396 2328 libera
416 2290 569 2329 civitate
588 2290 780 2328 habentur
798 2290 918 2341 pluris
940 2289 1047 2337 fiant,
1069 2303 1186 2340 quam
1203 2290 1269 2340 qui
1290 2303 1312 2328 a
1329 2291 1466 2328 ceteris
1481 2291 1603 2342 impe-

138 2351 216 2398 riis,
237 2356 324 2390 eam
342 2352 416 2390 hac
435 2352 521 2403 lege
543 2352 638 2390 tolli.
697 2351 799 2389 Nam
821 2351 851 2389 si
872 2351 1093 2403 accipientis
1126 2351 1401 2402 compendium
1430 2359 1484 2397 et
1499 2353 1602 2390 utili-

139 2421 239 2452 tates
257 2421 493 2465 spectentur.
512 2427 599 2452 cum
616 2414 790 2465 tyrannis
809 2423 850 2451 et
871 2413 1088 2464 oligarchiis
1105 2426 1218 2451 nemo
1235 2413 1463 2451 liberalitate
1479 2421 1601 2452 certa-

136 2474 256 2518 verit;
287 2488 376 2513 cum
396 2475 451 2514 eis
471 2475 508 2512 in
529 2482 710 2526 promptu
732 2475 782 2512 sit
801 2488 890 2512 mox
909 2475 1079 2525 quemvis
1101 2474 1337 2525 locupletare
1355 2488 1363 2512 :
1394 2475 1599 2514 liberarum

139 2550 228 2575 vero
245 2537 442 2576 civitatum
454 2538 636 2584 honores,
651 2537 766 2588 longe
782 2537 870 2588 plus
886 2544 925 2574 et
944 2536 1144 2587 dignitatis
1162 2543 1201 2574 et
1216 2537 1446 2575 constantiae
1459 2537 1600 2576 habere

138 2599 322 2637 censendi
342 2607 447 2638 sunt.
504 2600 608 2644 Quia
626 2605 666 2637 et
682 2599 781 2637 illud
806 2599 1036 2650 praeclarum
1057 2605 1129 2643 est,
1151 2597 1259 2636 nullo
1279 2611 1366 2636 cum
1396 2598 1599 2646 dedecore,

138 2668 205 2700 aut
236 2661 509 2699 assentationis
541 2661 762 2712 suspicione
793 2660 980 2712 accipere,
1010 2661 1080 2698 sed
1111 2661 1209 2698 inter
1237 2674 1318 2707 eos,
1345 2674 1433 2699 cum
1460 2662 1599 2710 quibus

137 2736 252 2774 aequo
283 2730 322 2761 et
348 2722 429 2774 pari
453 2723 541 2774 jure
572 2723 693 2768 vivas,
721 2724 770 2761 ob
797 2723 948 2760 virtutis
980 2723 1407 2773 praestantiamssmagni
1435 2722 1529 2768 fieri,
1560 2729 1600 2761 et

138 2785 353 2837 aequalibus
385 2784 484 2821 ultro
511 2784 753 2822 admirationi
779 2797 889 2828 esse;
921 2784 958 2822 id
985 2784 1089 2835 quod
1121 2785 1237 2836 longe
1268 2783 1490 2834 praeclarius
1525 2792 1597 2830 est,

138 2860 254 2897 quam
275 2860 298 2884 a.
316 2845 471 2883 domino
491 2844 641 2895 quidvis
657 2846 865 2896 accepisse.
926 2845 1026 2883 Nam
1054 2853 1097 2882 ut
1129 2846 1232 2896 apud
1258 2844 1342 2881 illos
1372 2843 1596 2893 impenden-

138 2908 230 2946 tium
260 2907 523 2959 periculorum
540 2912 665 2944 metus
697 2906 814 2944 vincit
842 2907 1046 2958 praesentis
1066 2906 1243 2945 beneficii
1259 2905 1594 2956 magnitudinem:

137 2970 191 3008 sic
212 2970 314 3022 apud
334 2982 416 3017 VOS,
440 2968 624 3019 quicquid
652 2967 790 3019 aliquis
824 2969 1050 3020 accepisset,
1073 2981 1206 3007 secure
1236 2974 1382 3014 tenere,
1401 2970 1594 3019 superiore
