1923 3149
259 120 311 157 50
746 117 950 158 ORATIO
981 119 1053 158 DE
1081 119 1234 160 PACE.

259 217 567 271 praecipitabunt,
598 217 672 257 nisi
704 219 918 259 communis
943 220 1054 259 fuerit
1084 222 1190 271 origo
1220 227 1260 259 et
1292 232 1410 259 causa
1442 220 1546 260 belli.
1602 221 1708 261 Nihil

258 279 373 317 etiam
394 292 479 325 nos,
499 279 636 318 sicum
664 280 858 319 Thebanis
878 281 1005 319 denuo
1037 289 1190 332 propter
1222 281 1392 332 Oropum
1420 289 1486 320 aut
1519 283 1708 333 privatum

261 339 560 378 emolumentum
594 341 750 392 aliquod
788 341 1066 392 belligeremus,
1098 343 1218 380 cladis
1251 348 1476 393 accepturos
1514 345 1675 382 arbitror
1693 357 1703 382 τ

258 407 350 452 puto
367 402 468 439 enim
488 415 554 440 eos
574 409 748 440 nostrum
768 401 940 440 alterutri
959 403 1140 441 auxilium
1160 403 1312 453 quidem
1332 403 1491 448 laturos,
1515 405 1546 441 si
1566 405 1651 454 quis
1669 405 1707 442 in

257 469 428 500 nostram
458 462 640 501 ditionem
675 463 844 508 invadat,
875 476 962 502 cum
990 472 1126 502 neutro
1157 470 1284 502 autem
1311 464 1359 502 ad
1393 465 1555 502 alterum
1586 477 1708 515 oppu-

257 524 456 574 gnandum
475 536 581 561 arma
598 524 898 562 consociaturos.
956 524 1056 562 Nam
1077 525 1220 562 foedera
1239 525 1393 574 quidem
1414 525 1467 562 ita
1486 533 1710 576 comparata

259 591 360 630 sunt,
389 585 714 635 quemadmodum
748 591 787 622 et
813 584 940 623 animo
959 591 1153 636 reputaret
1172 585 1322 634 aliquis,
1350 586 1477 635 reique
1497 592 1634 623 natura
1652 587 1710 624 sic

255 659 296 684 se
309 646 445 684 habet:
467 658 544 683 non
563 657 609 683 eo
629 659 748 696 usque
762 645 967 696 quisquam
982 646 1043 683 vel
1064 647 1172 683 nobis
1192 646 1253 683 vel
1270 645 1464 684 Thebanis
1477 647 1573 683 bene
1588 647 1714 697 cupit,.

200 751 211 765 ·
255 714 300 745 ut
319 706 413 744 salvi
444 706 561 744 simus
592 712 631 744 et
662 705 746 744 aliis
777 707 1022 756 imperemus,
1052 706 1121 743 sed
1150 706 1447 744 incolumitatem
1481 719 1613 744 omnes
1643 707 1701 745 sui

255 781 375 806 causa
387 766 494 805 nobis
508 773 656 817 optant,
671 773 715 804 ut
735 779 824 805 vero
845 766 1017 804 alterutri
1035 765 1145 817 potiti
1164 766 1321 804 victoria
1343 766 1435 817 ipsis
1462 767 1711 806 dominentur

259 842 387 868 nemo.

309 892 347 928 5.
377 890 480 933 Quid
497 890 611 942 igitur
624 890 800 929 existimo
819 889 1073 936 formidabile,
1093 897 1131 928 et
1151 890 1243 941 quid
1256 890 1363 928 vobis
1377 904 1461 928 esse
1478 892 1563 929 dico
1578 891 1703 942 provi-

254 951 454 990 dendum?
510 952 570 989 Ne
589 952 732 990 bellum
758 951 831 989 hoc
861 951 966 1001 quod
991 952 1158 1000 agitatur
1189 963 1432 988 communem
1461 952 1706 989 occasionem

254 1025 570 1063 communemque
590 1013 765 1049 omnibus
785 1011 1013 1050 criminandi
1033 1024 1166 1049 ansam
1179 1011 1410 1062 suppeditet.
1468 1011 1567 1048 Nam
1583 1012 1613 1050 si
1633 1012 1703 1050 Ar-

253 1074 329 1126 givi
356 1082 395 1113 et
422 1072 605 1112 Messenii
633 1079 672 1110 et
692 1072 980 1124 Megalopolitae
1006 1079 1045 1110 et
1080 1072 1311 1122 reliquorum
1331 1072 1485 1122 quidam
1511 1073 1706 1124 Pelopon-

250 1136 440 1181 nensium,
454 1135 617 1185 quicum
629 1134 687 1171 his
699 1134 956 1180 consentiunt,
971 1134 1020 1171 ob
1031 1139 1201 1171 nostram
1214 1133 1317 1171 illam
1331 1133 1379 1171 ad
1391 1133 1704 1172 Lacedaemonios

251 1197 302 1234 de
321 1196 464 1234 foedere
483 1195 716 1245 legationem
735 1202 774 1233 et
797 1195 886 1245 quia
911 1194 1151 1245 quorundam
1171 1194 1218 1231 ab
1236 1193 1294 1231 his
1329 1200 1503 1232 actorum
1535 1195 1703 1233 fautores

250 1256 317 1294 visi
337 1269 482 1302 sumus,
501 1255 630 1293 hostili
647 1268 740 1306 erga
754 1268 824 1293 nos
844 1256 970 1293 animo
990 1261 1114 1300 erunt,
1134 1255 1164 1292 si
1182 1254 1357 1292 Thebani
1381 1256 1503 1301 nobis,
1521 1262 1563 1293 ut
1583 1256 1708 1303 aiunt,

248 1317 402 1364 infensi,
413 1317 640 1356 inimiciores
660 1317 776 1356 etiam
794 1316 889 1356 fient
907 1317 1011 1368 quod
1026 1318 1073 1355 ab
1089 1317 1143 1354 eis
1160 1322 1267 1354 actos
1283 1316 1319 1353 in
1332 1317 1484 1353 exilium
1500 1323 1650 1354 tuemur
1665 1325 1705 1356 et

246 1387 395 1419 nostras
411 1379 594 1418 adversus
609 1390 674 1417 eos
693 1377 907 1416 inimicitias
926 1378 1102 1416 omnibus
1120 1377 1242 1415 modis
1262 1377 1513 1423 declaramus,
1534 1378 1565 1415 si
1580 1378 1704 1416 Thes-

248 1441 319 1479 sali
338 1440 441 1491 quod
469 1440 722 1478 Phocensium
753 1439 907 1477 exsules
931 1438 1184 1491 protegimuS‚
1218 1438 1249 1476 si
1271 1438 1471 1490 Philippus
1499 1439 1602 1489 quod
1633 1439 1705 1477 sibi

247 1502 570 1553 Amphictyonum
583 1514 805 1539 consessum
817 1501 1065 1552 denegamus,
1081 1507 1211 1537 metuo
1227 1514 1274 1536 ne
1294 1512 1426 1537 omnes
1447 1501 1602 1550 privatis
1622 1501 1704 1551 qui-

245 1576 321 1614 que
335 1563 491 1602 offensis
510 1562 644 1600 irritati
662 1575 864 1600 commune
876 1562 914 1600 in
929 1575 1000 1600 nos
1012 1560 1178 1599 inferant
1195 1560 1352 1604 bellum,
1374 1560 1703 1612 Amphictyonum

246 1625 403 1664 decreta
420 1624 718 1676 praetendentes,
740 1636 784 1661 ac
801 1623 940 1661 deinde
952 1623 1215 1674 perducantur
1227 1621 1366 1671 singuli
1385 1628 1427 1659 ut
1441 1622 1554 1660 etiam
1567 1630 1703 1661 contra

248 1699 358 1724 suam
378 1685 581 1723 utilitatem
602 1697 674 1722 nos
706 1691 944 1735 oppugnent,
974 1684 1011 1721 id
1031 1683 1136 1734 quod
1155 1681 1269 1720 etiam
1291 1682 1481 1720 Phocensi
1501 1683 1603 1720 bello
1627 1697 1702 1720 usu

245 1747 362 1786 venit.
419 1746 502 1783 Nec
531 1745 631 1783 enim
650 1744 726 1782 hoc
748 1745 896 1782 scilicet
915 1745 1113 1795 ignoratis,
1134 1757 1236 1780 nunc
1257 1742 1464 1780 Thebanos
1496 1750 1534 1781 et
1553 1744 1699 1795 Philip-

244 1822 338 1861 pum
357 1814 396 1847 et
423 1806 642 1852 Thessalos,
672 1806 846 1857 quamvis
877 1819 954 1844 non
984 1806 1120 1844 eadem
1147 1804 1288 1854 singuli
1316 1804 1557 1855 potissimum
1588 1819 1700 1856 urge-

244 1876 344 1916 rent,
364 1869 498 1907 eadem
517 1875 643 1906 tamen
660 1880 792 1905 omnes
812 1867 1032 1918 perfecisse.
1090 1867 1190 1904 Nam
1210 1865 1382 1903 Thebani
1401 1866 1631 1917 Philippum,
1651 1880 1700 1904 ne

244 1937 463 1981 penetraret
507 1935 621 1979 atque
659 1929 849 1978 angustiis
889 1929 1085 1979 potiretur,
1116 1927 1317 1978 prohibere
1357 1941 1433 1965 non
1480 1936 1699 1978 potuerunt,

244 2004 317 2030 nec
353 1992 539 2030 obsistere
566 2003 643 2040 quo
671 1990 794 2027 minus
824 1990 856 2028 is
890 1990 1057 2041 ipsorum
1089 1990 1245 2036 laboris,
1285 1997 1504 2039 postremus
1539 1991 1700 2039 quamvis

245 2053 417 2100 veniens,
459 2052 618 2103 gloriam
661 2051 957 2089 habeat—nunc
987 2051 1084 2089 enim
1111 2051 1299 2097 Thebani,
1328 2051 1432 2100 quod
1463 2051 1512 2088 ad
1542 2065 1699 2102 posses-

242 2113 390 2151 sionem
422 2119 538 2164 atque
575 2111 864 2162 acquisitionem
902 2112 1066 2162 regionis
1097 2113 1246 2160 attinet,
1279 2126 1356 2150 rem
1394 2125 1485 2150 sane
1515 2113 1699 2163 praeclare

244 2180 461 2226 gesserunt,
490 2173 547 2211 sin
577 2173 760 2211 honorem
794 2180 832 2211 et
869 2173 1028 2224 gloriam
1057 2180 1222 2224 spectes,
1243 2172 1476 2223 turpissime:
1504 2173 1576 2210 nisi
1597 2174 1698 2211 enim

243 2236 443 2288 Philippus
486 2235 603 2286 Pylas
652 2240 892 2284 occupasset,
926 2233 1019 2271 nihil
1055 2233 1219 2271 habituri
1258 2233 1377 2270 fuisse
1404 2232 1695 2271 viderentur—2

242 2310 369 2347 neque
404 2309 494 2335 vero
522 2296 606 2333 haec
637 2295 691 2333 eis
720 2294 916 2346 proposita
951 2294 1120 2340 fuerunt,
1150 2294 1217 2332 sed
1255 2294 1344 2343 quia
1381 2293 1625 2331 Orchomeno
1660 2302 1698 2332 et

243 2358 421 2397 Coronea
448 2356 561 2408 potiri
591 2356 813 2406 cupiebant,
838 2368 962 2405 neque
992 2363 1119 2392 tamen
1142 2362 1333 2406 poterant,
1353 2354 1439 2392 ideo
1459 2355 1542 2392 haec
1570 2356 1697 2394 onmia

243 2419 472 2458 tolerarunt.
530 2416 746 2467 Philippum
779 2416 921 2466 itaque,
955 2422 1045 2453 sunt
1075 2416 1140 2466 qui
1169 2416 1295 2454 dicere
1326 2416 1507 2462 audeant,
1527 2416 1695 2455 noluisse

241 2479 436 2518 Thebanis
456 2477 743 2516 Orchomenum
759 2483 798 2514 et
819 2477 1032 2514 Coroneam
1054 2477 1218 2521 tradere,
1240 2476 1308 2514 sed
1329 2483 1501 2514 coactum
1521 2477 1697 2516 dedisse:

240 2555 313 2594 ego
341 2553 430 2579 vero
457 2540 528 2577 hos
560 2538 689 2576 valere
724 2539 855 2586 jubeo,
884 2537 981 2574 illud
1014 2545 1140 2575 autem
1168 2538 1245 2575 scio
1275 2550 1351 2574 non
1386 2538 1510 2588 magis
1541 2538 1575 2575 ei
1606 2538 1694 2576 haec

241 2616 346 2642 curae
372 2601 491 2639 fuisse
523 2612 638 2650 quam
670 2606 709 2637 ut
741 2598 885 2636 aditum
917 2598 1255 2648 Thermopylarum
1285 2606 1492 2648 occuparet
1523 2599 1690 2649 bellique

241 2664 400 2715 gloriam
425 2666 737 2711 consequeretur,
755 2666 795 2696 ut
818 2673 936 2708 nempe
959 2660 1079 2695 bellum
1109 2660 1170 2696 lzoc
1203 2659 1394 2697 videretur
1426 2673 1493 2710 per
1525 2660 1691 2711 seipsum

243 2724 478 2762 debellatum
497 2729 537 2760 et
555 2727 794 2772 amputatum
815 2732 914 2766 esse,
934 2728 1049 2770 utque
1070 2733 1139 2757 suo
1159 2721 1341 2758 arbitratu
1362 2720 1502 2771 Pythia
1531 2721 1692 2758 admini-

240 2792 399 2827 straret;
421 2791 534 2833 atque
549 2782 633 2820 haec
646 2782 750 2819 fuere
764 2794 922 2831 quorum
943 2781 1006 2817 ille
1019 2781 1207 2819 desiderio
1225 2782 1464 2832 potissimum
1487 2783 1691 2820 aestuabat.

243 2847 293 2884 At
304 2845 480 2884 Thessali
492 2851 668 2882 neutrum
683 2843 818 2881 horum
834 2842 1024 2888 volebant,
1039 2850 1080 2880 ut
1093 2842 1153 2881 vel
1168 2843 1434 2881 Thebanorum
1450 2842 1508 2881 vel
1526 2842 1691 2894 Philippi
