1923 3149
267 201 346 251 434
663 199 889 238 CONTRA
921 202 1309 241 TIMOCRATEM.

266 306 382 350 atque
400 298 719 338 mirificissimum.
751 303 854 340 Nam
871 303 1134 352 iste‚judiceS,
1153 303 1398 354 vectigalium
1415 303 1715 354 redemptoribus

266 373 417 411 poenas,
438 361 651 399 secundum
671 363 814 413 priores
835 365 956 415 leges,
977 366 1006 402 si
1023 365 1227 415 pecuniam
1249 378 1324 402 non
1345 365 1550 410 solverent,
1569 365 1721 415 scripsit

267 435 351 459 esse
371 422 615 472 infligendas,
637 426 776 474 quibus
797 434 836 464 et
855 427 1021 471 vincula,
1039 434 1078 464 et
1101 427 1208 476 dupli
1233 427 1372 464 solutio
1400 419 1656 471 continentur,
1682 426 1718 462 in

269 495 336 520 eos
356 483 528 522 homines
548 486 774 532 constituta,
792 487 856 536 qui
883 488 931 524 ob
965 494 1207 525 contractum
1235 487 1271 524 in
1301 488 1494 537 emptione
1523 487 1720 530 damnum,

267 555 347 580 non
366 543 539 582 volentes
560 544 770 584 fraudaturi
795 555 903 585 erant
934 548 1207 597 rempublicam
1230 560 1238 584 z
1269 560 1334 584 eos
1354 560 1443 584 vero
1474 547 1537 596 qui
1563 553 1602 583 et
1626 558 1722 583 aera—

268 604 365 641 rium
385 604 677 656 depeculantur‚
697 615 737 644 et
755 608 866 646 deam
882 608 1092 658 sacrilegiis
1111 608 1335 658 compilant,
1351 606 1512 645 vinculis
1532 607 1721 644 liberavit.

271 664 386 708 Quod
414 666 446 704 si
475 667 569 703 istos
591 666 714 704 minus
739 668 808 705 tibi
828 669 945 706 videri
976 669 1081 707 dices
1105 669 1277 720 injurios,
1303 681 1464 706 necesse
1484 668 1568 714 erit,
1596 675 1639 705 ut
1664 669 1722 704 in-

269 726 394 764 sanire
415 734 450 764 te
470 727 615 764 fateare
630 740 637 764 :
670 727 727 764 sin
743 729 902 780 majora,
916 730 1046 780 qualia
1060 737 1152 767 sunt
1165 728 1324 768 istorum
1340 729 1523 775 facinora,
1539 736 1578 766 et
1592 735 1721 766 tamen

268 787 352 824 istis
374 787 512 837 parcis,
533 788 618 826 illos
638 801 766 839 urges,
790 790 855 840 qui
884 791 1044 841 negabis
1069 798 1106 829 te
1138 798 1262 829 totum
1291 790 1487 842 negotium
1517 790 1601 828 istis
1631 803 1720 828 ven-

270 847 416 885 didisse
431 848 447 885 ’ἓ

323 910 388 946 32.
421 909 562 960 Operae
576 910 739 961 pretium
759 924 872 962 porro
892 917 965 958 est,
980 918 1022 949 ut
1040 918 1079 949 et
1097 911 1171 949 hoc
1192 911 1334 957 dicam,
1354 918 1540 961 quantum
1562 923 1629 947 vos
1643 923 1724 948 ma-

267 970 470 1020 gnitudine
483 971 694 1009 animorum
715 979 886 1010 oratores
899 973 1099 1023 superetis.
1129 973 1209 1010 Vos
1224 972 1363 1010 etenim
1383 973 1524 1009 acerba
1536 971 1725 1021 supplicia

268 1030 306 1067 in
321 1030 472 1081 plebem
491 1032 715 1079 constituta,
731 1039 773 1070 ut
792 1033 871 1071 sive
886 1033 970 1083 quis
989 1034 1080 1071 bina
1101 1033 1295 1084 stipendia
1305 1039 1466 1078 mereat,
1482 1032 1560 1069 sive
1579 1031 1725 1069 relatus

268 1090 309 1128 in
327 1093 495 1139 aerarios,
524 1093 701 1130 concioni
726 1101 793 1131 aut
820 1094 1020 1132 consessui
1039 1094 1215 1144 judicum
1244 1093 1406 1136 intersit,
1432 1094 1511 1130 sive
1529 1092 1724 1143 quippiam

268 1152 374 1199 aliud
394 1159 486 1203 agat
508 1153 659 1204 legibus
685 1154 946 1200 interdictum,
969 1168 1045 1192 non
1073 1154 1456 1205 prohibetis—idque
1476 1167 1565 1192 cum
1594 1154 1723 1192 sciatis

269 1219 446 1251 coactum
463 1213 592 1265 inopia
606 1215 810 1261 facturum,
829 1216 861 1253 si
875 1216 959 1266 quis
980 1216 1152 1253 facturus
1170 1216 1220 1253 sit
1236 1215 1310 1253 tale
1323 1216 1587 1266 quippiam—,
1604 1227 1727 1264 neque

271 1274 368 1313 tales
388 1275 496 1326 leges
515 1276 636 1323 fertis,
655 1284 700 1314 ut
719 1277 773 1315 eis
800 1277 1024 1328 delinquere
1044 1277 1168 1323 liceat,
1188 1277 1262 1314 imo
1283 1284 1416 1314 contra
1434 1276 1580 1327 potiuS‚
1606 1282 1649 1312 ut
1677 1288 1724 1312 ne

270 1335 408 1375 liceat:
438 1337 502 1375 isti
525 1350 615 1375 vero
643 1339 682 1376 in
701 1351 746 1375 eo
767 1346 868 1384 sunt,
892 1346 932 1376 ut
950 1338 1233 1388 flagitiosissimi
1255 1338 1445 1382 homines,
1469 1335 1725 1387 gravissimis-

269 1409 344 1447 que
359 1398 557 1436 constricti
576 1399 786 1437 sceleribus
812 1400 968 1450 impune
989 1400 1143 1445 abeant,
1163 1412 1206 1436 ac
1223 1405 1364 1449 postea
1382 1411 1450 1435 vos
1473 1398 1649 1448 privatim
1668 1397 1726 1433 in-

271 1465 472 1497 sectantur
487 1460 565 1497 suis
584 1460 839 1505 orationibus,
859 1462 949 1498 dum
968 1473 1053 1497 sese
1074 1474 1140 1510 pro
1159 1460 1271 1497 bouis
1293 1466 1331 1497 et
1348 1458 1622 1510 praestantibus
1639 1457 1727 1495 viris

271 1519 482 1568 venditant,
501 1520 757 1571 improborum
773 1528 811 1558 et
830 1521 1066 1571 ingratorum
1087 1520 1326 1558 servulorum
1345 1520 1538 1556 imitantes
1559 1517 1731 1569 ingeniass

273 1581 375 1618 Nam
395 1588 434 1619 et
453 1582 520 1628 illi,
535 1582 700 1632 judices,
722 1583 920 1621 consecuti
945 1583 1177 1627 libertatern,
1208 1573 1284 1619 non
1312 1582 1361 1618 ob
1389 1581 1728 1619 manumissionem

273 1643 433 1692 gratiam
455 1643 620 1681 dominis
641 1643 799 1689 habent,
821 1644 890 1681 sed
919 1656 985 1681 eos
1006 1645 1176 1687 omnium
1199 1642 1458 1681 insensissime
1487 1642 1665 1688 oderunt,
1686 1647 1730 1679 ut

273 1703 466 1741 servitutis
486 1717 566 1742 suae
586 1705 787 1742 conscios:
818 1705 874 1742 sic
894 1704 1010 1742 etiam
1031 1705 1092 1742 isti
1112 1711 1298 1749 oratores,
1326 1716 1403 1741 non
1423 1704 1595 1741 contenti
1615 1716 1657 1742 se
1680 1716 1728 1741 ex

271 1764 600 1803 administratione
613 1766 832 1816 reipublicae
847 1770 1074 1816 paupertate
1088 1779 1273 1812 emersos,
1287 1773 1326 1803 et
1334 1765 1464 1803 factos
1478 1778 1563 1804 esse
1577 1764 1728 1812 divites,

271 1824 462 1863 insultant
478 1827 590 1864 etiam
607 1827 858 1873 multitudini,
875 1828 964 1877 quia
974 1827 1243 1877 unusquisque
1263 1839 1282 1864 e
1301 1827 1446 1877 populo
1460 1827 1640 1864 conscius
1657 1833 1727 1873 est,

272 1885 410 1936 quibus
431 1886 491 1925 isti
506 1888 640 1925 studiis
660 1888 697 1925 in
712 1895 940 1939 paupertate
961 1894 1000 1926 et
1018 1886 1279 1926 adolescentia
1293 1895 1448 1926 aetatem
1464 1880 1675 1939 exegerint.

327 1948 390 1985 33.
422 1949 477 1985 At
505 1961 594 1996 vero
614 1955 725 2000 turpe
759 1950 896 1987 fuisset
926 1950 1085 1994 scilicet,
1118 1948 1400 1986 Androtionem
1429 1962 1515 1986 esse
1544 1950 1729 1993 vinctum,

274 2014 342 2045 aut
363 2007 608 2053 Glaucetem,
629 2018 696 2046 aut
717 2010 1001 2060 Melanopum'?
1023 2009 1114 2047 Non
1135 2009 1284 2046 medius
1304 2009 1433 2055 fidius,
1452 2009 1629 2060 judices:
1661 2009 1732 2047 sed

271 2069 544 2121 rempublicam
564 2069 710 2120 injuriis
726 2077 765 2108 et
780 2070 1023 2108 contumeliis
1041 2070 1234 2115 affectam,
1252 2083 1342 2108 cum
1363 2083 1446 2116 suo,
1459 2077 1541 2107 tum
1560 2070 1644 2109 deae
1660 2083 1728 2108 no-

274 2129 374 2167 mine
393 2142 471 2168 non
491 2143 640 2168 sumere
665 2144 814 2182 poenas,
834 2131 874 2169 id
894 2144 983 2169 vero
1003 2132 1124 2169 multo
1144 2139 1206 2169 est
1225 2132 1390 2182 turpius.
1447 2132 1549 2171 Nam
1577 2133 1729 2171 Andro-

274 2191 367 2229 tioni
381 2191 536 2242 quidem
556 2205 683 2230 nonne
703 2193 867 2242 patrium
888 2199 959 2238 est,
976 2205 1061 2231 esse
1076 2193 1115 2230 iu
1131 2192 1321 2230 vinculis?
1351 2193 1466 2231 Scitis
1480 2193 1566 2244 ipsi,
1581 2201 1728 2245 patrem

274 2251 357 2302 ejus
378 2252 500 2290 multa
518 2252 782 2304 quinquennia
799 2253 838 2290 in
858 2266 1012 2292 carcere
1033 2261 1240 2300 versatum,
1260 2253 1441 2304 effugisse
1463 2254 1633 2299 taudem,
1650 2267 1726 2292 non

275 2325 359 2351 esse
378 2313 590 2351 dimissum.
624 2313 807 2364 Nunquid
827 2315 877 2352 ob
899 2315 1030 2365 primae
1050 2314 1176 2352 aetatis
1208 2314 1368 2352 studia?
1400 2315 1545 2354 Verum
1577 2315 1625 2351 ob
1656 2315 1730 2352 ista

274 2386 353 2411 non
372 2374 498 2412 minus
518 2387 602 2413 eam
623 2375 755 2413 vinciri
777 2374 904 2420 decet,
931 2388 1046 2424 quam
1076 2382 1232 2426 propter
1257 2374 1488 2426 peculatum.
1542 2373 1726 2425 Nunquid

273 2433 362 2471 ideo
381 2435 485 2485 quod
505 2435 542 2472 in
562 2435 685 2472 forum
706 2437 932 2486 erumpebat
949 2436 1019 2473 sibi
1037 2437 1295 2482 interdictum,
1315 2442 1356 2473 et
1373 2448 1421 2472 ex
1451 2448 1496 2473 co
1519 2436 1729 2474 moderatae

274 2495 363 2534 vitae
399 2496 570 2534 homines
607 2497 685 2547 ipse
718 2497 755 2533 in
793 2510 984 2535 carcerem
1022 2496 1260 2547 abripiebat?
1296 2497 1349 2534 At
1383 2497 1531 2534 facinus
1563 2497 1727 2536 sortasse

275 2557 424 2603 fuisset,
445 2557 476 2594 si
497 2557 744 2608 Melampus,
775 2571 877 2596 nunc
904 2559 940 2595 in
971 2558 1125 2595 vincula
1145 2557 1408 2608 conjiciendus
1437 2557 1566 2596 esset?
1602 2558 1658 2596 Ac
1681 2558 1729 2604 de

275 2626 384 2669 patre
403 2617 559 2668 qujdem
587 2619 669 2667 ejus
696 2618 784 2656 mali
804 2619 895 2656 nihil
915 2619 1067 2656 dicam:
1100 2619 1274 2668 quamvis
1294 2619 1377 2670 ejus
1405 2619 1505 2656 furta
1525 2619 1617 2656 satis
1647 2632 1727 2657 nia-

276 2680 382 2717 teriae
408 2679 709 2730 suppeditarent.
749 2679 827 2716 Sed
847 2680 877 2716 is
903 2692 971 2731 per
991 2692 1050 2716 me
1071 2679 1160 2716 talis
1181 2686 1264 2717 esto
1285 2692 1391 2724 sane,
1413 2680 1536 2730 qualis
1558 2691 1580 2717 a
1597 2679 1727 2717 Timo-

276 2747 382 2778 crate
400 2739 600 2791 praedicari
620 2747 745 2790 queat.
788 2740 827 2777 Si
848 2753 936 2778 vero
957 2740 1064 2791 probi
1089 2740 1207 2791 patris
1228 2741 1326 2778 filius
1347 2741 1542 2791 improbus
1572 2740 1654 2791 ipse
1687 2747 1728 2778 et

277 2802 338 2839 fur
355 2801 514 2846 exstitit,
534 2809 572 2839 et
591 2801 814 2852 proditionis
843 2801 1062 2846 damnatus,
1082 2801 1153 2838 tria
1171 2802 1318 2839 talenta
1345 2801 1544 2852 pependit,
1573 2808 1610 2837 et
1641 2814 1726 2838 eum

279 2862 600 2914 collegaejudices
616 2862 817 2913 peculatus
834 2875 939 2900 reum
956 2869 1203 2913 peregerunt,
1221 2869 1261 2900 et
1275 2861 1483 2913 decuplum
1499 2861 1580 2911 ipse
1598 2861 1727 2908 solvit,

279 2929 319 2962 et
337 2922 569 2974 legationem
589 2922 857 2975 AEgyptiacam
876 2923 978 2961 mala
999 2923 1074 2962 fide
1097 2923 1204 2972 obiit,
1232 2930 1271 2962 et
1298 2935 1388 2962 suos
1418 2922 1552 2963 fratres
1581 2922 1726 2971 injuriis
