<?xml version="1.0" encoding="UTF-8"?>
<!DOCTYPE html PUBLIC "-//W3C//DTD XHTML 1.0 Transitional//EN"
    "http://www.w3.org/TR/xhtml1/DTD/xhtml1-transitional.dtd">
<html xmlns="http://www.w3.org/1999/xhtml" xml:lang="en" lang="en">
 <head>
  <title>
</title>
<meta http-equiv="Content-Type" content="text/html;charset=utf-8" />
  <meta name='ocr-system' content='tesseract 3.04.00' />
  <meta name='ocr-capabilities' content='ocr_page ocr_carea ocr_par ocr_line ocrx_word'/>
</head>
<body>
  <div class='ocr_page' id='page_1' title='image "./oratoresatticie15dobs_0286.png"; bbox 0 0 1923 3149; ppageno 0'>
   <div class='ocr_carea' id='block_1_1' title="bbox 276 188 1404 230">
    <p class='ocr_par' dir='ltr' id='par_1_1' title="bbox 276 188 1404 230">
     <span class='ocr_line' id='line_1_1' title="bbox 276 188 1404 230; baseline 0 -2"><span class='ocrx_word' id='word_1_1' title='bbox 276 194 353 228; x_wconf 77' lang='lat'><strong>270</strong></span> <span class='ocrx_word' id='word_1_2' title='bbox 596 188 668 225; x_wconf 91' lang='lat' dir='ltr'><strong>DE</strong></span> <span class='ocrx_word' id='word_1_3' title='bbox 697 189 848 228; x_wconf 85' lang='lat' dir='ltr'><strong>MALE</strong></span> <span class='ocrx_word' id='word_1_4' title='bbox 879 190 1050 229; x_wconf 88' lang='lat' dir='ltr'><strong>GESTA</strong></span> <span class='ocrx_word' id='word_1_5' title='bbox 1082 189 1404 230; x_wconf 89' lang='lat' dir='ltr'><strong>LEGATIONE.</strong></span> 
     </span>
    </p>
   </div>
   <div class='ocr_carea' id='block_1_2' title="bbox 245 294 1734 2987">
    <p class='ocr_par' dir='ltr' id='par_1_2' title="bbox 245 294 1734 2987">
     <span class='ocr_line' id='line_1_2' title="bbox 271 294 1723 347; baseline -0.003 -13"><span class='ocrx_word' id='word_1_6' title='bbox 271 295 406 346; x_wconf 81' lang='lat' dir='ltr'><strong>capitis</strong></span> <span class='ocrx_word' id='word_1_7' title='bbox 427 300 518 331; x_wconf 89' lang='lat' dir='ltr'><strong>sunt</strong></span> <span class='ocrx_word' id='word_1_8' title='bbox 536 294 720 341; x_wconf 89' lang='lat' dir='ltr'><strong>damnati,</strong></span> <span class='ocrx_word' id='word_1_9' title='bbox 740 308 800 333; x_wconf 82' lang='lat' dir='ltr'><strong>me</strong></span> <span class='ocrx_word' id='word_1_10' title='bbox 819 298 898 347; x_wconf 86' lang='lat' dir='ltr'><strong>jam</strong></span> <span class='ocrx_word' id='word_1_11' title='bbox 920 298 1096 336; x_wconf 84' lang='lat' dir='ltr'><strong>occidite.</strong></span> <span class='ocrx_word' id='word_1_12' title='bbox 1128 298 1226 335; x_wconf 85' lang='lat' dir='ltr'><strong>Rem</strong></span> <span class='ocrx_word' id='word_1_13' title='bbox 1246 304 1374 335; x_wconf 90' lang='lat' dir='ltr'><strong>autem</strong></span> <span class='ocrx_word' id='word_1_14' title='bbox 1395 297 1449 333; x_wconf 92' lang='lat' dir='ltr'><strong>ita</strong></span> <span class='ocrx_word' id='word_1_15' title='bbox 1466 295 1723 333; x_wconf 81' lang='lat' dir='ltr'><strong>considerate.</strong></span> 
     </span>
     <span class='ocr_line' id='line_1_3' title="bbox 274 354 1722 410; baseline -0.003 -15"><span class='ocrx_word' id='word_1_16' title='bbox 274 358 390 395; x_wconf 91' lang='lat' dir='ltr'><strong>Cum</strong></span> <span class='ocrx_word' id='word_1_17' title='bbox 428 363 607 394; x_wconf 86' lang='lat' dir='ltr'><strong>contra</strong></span> <span class='ocrx_word' id='word_1_18' title='bbox 644 357 839 395; x_wconf 83' lang='lat' dir='ltr'>literas</span> <span class='ocrx_word' id='word_1_19' title='bbox 879 359 1002 409; x_wconf 88' lang='lat' dir='ltr'><strong>inquit</strong></span> <span class='ocrx_word' id='word_1_20' title='bbox 1039 360 1347 410; x_wconf 84' lang='lat' dir='ltr'><strong>legationem</strong></span> <span class='ocrx_word' id='word_1_21' title='bbox 1386 357 1614 396; x_wconf 86' lang='lat' dir='ltr'><strong>obierint</strong></span> <span class='ocrx_word' id='word_1_22' title='bbox 1651 354 1722 392; x_wconf 88' lang='lat' dir='ltr'><strong>illi</strong></span> 
     </span>
     <span class='ocr_line' id='line_1_4' title="bbox 271 420 1722 472; baseline -0.001 -14"><span class='ocrx_word' id='word_1_23' title='bbox 271 427 321 458; x_wconf 90' lang='lat' dir='ltr'><strong>et</strong></span> <span class='ocrx_word' id='word_1_24' title='bbox 352 420 406 457; x_wconf 92' lang='lat' dir='ltr'><strong>de</strong></span> <span class='ocrx_word' id='word_1_25' title='bbox 420 426 633 457; x_wconf 89' lang='lat' dir='ltr'><strong>cretum:</strong></span> <span class='ocrx_word' id='word_1_26' title='bbox 669 427 782 470; x_wconf 89' lang='lat' dir='ltr'><strong>atque</strong></span> <span class='ocrx_word' id='word_1_27' title='bbox 802 422 875 459; x_wconf 92' lang='lat' dir='ltr'><strong>hoc</strong></span> <span class='ocrx_word' id='word_1_28' title='bbox 897 423 1058 472; x_wconf 88' lang='lat' dir='ltr'><strong>primum</strong></span> <span class='ocrx_word' id='word_1_29' title='bbox 1079 424 1223 461; x_wconf 85' lang='lat' dir='ltr'>crimen</span> <span class='ocrx_word' id='word_1_30' title='bbox 1250 430 1322 461; x_wconf 85' lang='lat' dir='ltr'><strong>est.</strong></span> <span class='ocrx_word' id='word_1_31' title='bbox 1370 423 1432 459; x_wconf 92' lang='lat' dir='ltr'><strong>An</strong></span> <span class='ocrx_word' id='word_1_32' title='bbox 1450 434 1540 458; x_wconf 88' lang='lat' dir='ltr'><strong>vero</strong></span> <span class='ocrx_word' id='word_1_33' title='bbox 1564 421 1626 458; x_wconf 90' lang='lat' dir='ltr'><strong>isti</strong></span> <span class='ocrx_word' id='word_1_34' title='bbox 1644 431 1722 456; x_wconf 89' lang='lat' dir='ltr'><strong>non</strong></span> 
     </span>
     <span class='ocr_line' id='line_1_5' title="bbox 271 478 1724 535; baseline -0.001 -17"><span class='ocrx_word' id='word_1_35' title='bbox 271 487 406 518; x_wconf 88' lang='lat' dir='ltr'><strong>contra</strong></span> <span class='ocrx_word' id='word_1_36' title='bbox 424 480 577 518; x_wconf 76' lang='lat' dir='ltr'><strong>literas?</strong></span> <span class='ocrx_word' id='word_1_37' title='bbox 609 481 745 519; x_wconf 88' lang='lat' dir='ltr'><strong>Nonne</strong></span> <span class='ocrx_word' id='word_1_38' title='bbox 766 482 960 520; x_wconf 90' lang='lat' dir='ltr'><strong>decretum</strong></span> <span class='ocrx_word' id='word_1_39' title='bbox 981 484 1094 535; x_wconf 90' lang='lat' dir='ltr'><strong>jubet</strong></span> <span class='ocrx_word' id='word_1_40' title='bbox 1113 497 1250 534; x_wconf 84' lang='lat' dir='ltr'><strong>pacem</strong></span> <span class='ocrx_word' id='word_1_41' title='bbox 1275 483 1324 520; x_wconf 89' lang='lat' dir='ltr'><strong>ad</strong></span> <span class='ocrx_word' id='word_1_42' title='bbox 1346 482 1601 520; x_wconf 84' lang='lat' dir='ltr'><strong>Athenienses</strong></span> <span class='ocrx_word' id='word_1_43' title='bbox 1616 487 1656 517; x_wconf 91' lang='lat' dir='ltr'><strong>et</strong></span> <span class='ocrx_word' id='word_1_44' title='bbox 1674 478 1724 517; x_wconf 90' lang='lat' dir='ltr'><strong>ad</strong></span> 
     </span>
     <span class='ocr_line' id='line_1_6' title="bbox 273 541 1724 592; baseline -0.001 -14"><span class='ocrx_word' id='word_1_45' title='bbox 273 541 562 579; x_wconf 81' lang='lat' dir='ltr'><strong>Atheniensium</strong></span> <span class='ocrx_word' id='word_1_46' title='bbox 592 542 716 579; x_wconf 92' lang='lat' dir='ltr'><strong>socios</strong></span> <span class='ocrx_word' id='word_1_47' title='bbox 748 543 957 592; x_wconf 87' lang='lat' dir='ltr'><strong>pertinere;</strong></span> <span class='ocrx_word' id='word_1_48' title='bbox 989 544 1051 580; x_wconf 90' lang='lat' dir='ltr'><strong>isti</strong></span> <span class='ocrx_word' id='word_1_49' title='bbox 1077 551 1205 582; x_wconf 88' lang='lat' dir='ltr'><strong>autem</strong></span> <span class='ocrx_word' id='word_1_50' title='bbox 1233 543 1451 581; x_wconf 84' lang='lat' dir='ltr'><strong>Phocenses</strong></span> <span class='ocrx_word' id='word_1_51' title='bbox 1483 542 1627 579; x_wconf 85' lang='lat' dir='ltr'><strong>foedere</strong></span> <span class='ocrx_word' id='word_1_52' title='bbox 1658 552 1724 576; x_wconf 84' lang='lat' dir='ltr'><strong>ex-</strong></span> 
     </span>
     <span class='ocr_line' id='line_1_7' title="bbox 270 602 1724 654; baseline -0.002 -14"><span class='ocrx_word' id='word_1_53' title='bbox 270 602 494 640; x_wconf 78' lang='lat' dir='ltr'><strong>cluserunt?</strong></span> <span class='ocrx_word' id='word_1_54' title='bbox 523 603 662 640; x_wconf 88' lang='lat' dir='ltr'><strong>Nonne</strong></span> <span class='ocrx_word' id='word_1_55' title='bbox 684 602 880 640; x_wconf 89' lang='lat' dir='ltr'><strong>decretum</strong></span> <span class='ocrx_word' id='word_1_56' title='bbox 894 604 1145 654; x_wconf 85' lang='lat' dir='ltr'><strong>jurejurando</strong></span> <span class='ocrx_word' id='word_1_57' title='bbox 1159 605 1262 654; x_wconf 86' lang='lat' dir='ltr'><strong>adigi</strong></span> <span class='ocrx_word' id='word_1_58' title='bbox 1282 604 1431 641; x_wconf 90' lang='lat' dir='ltr'><strong>urbium</strong></span> <span class='ocrx_word' id='word_1_59' title='bbox 1452 602 1696 651; x_wconf 81' lang='lat' dir='ltr'><strong>magistratus</strong></span> <span class='ocrx_word' id='word_1_60' title='bbox 1714 613 1724 644; x_wconf 74' lang='lat'>3</span> 
     </span>
     <span class='ocr_line' id='line_1_8' title="bbox 270 656 1727 714; baseline -0.005 -12"><span class='ocrx_word' id='word_1_61' title='bbox 270 664 335 702; x_wconf 85' lang='lat' dir='ltr'><strong>isti</strong></span> <span class='ocrx_word' id='word_1_62' title='bbox 353 670 492 708; x_wconf 90' lang='lat' dir='ltr'><strong>autem,</strong></span> <span class='ocrx_word' id='word_1_63' title='bbox 514 676 612 712; x_wconf 91' lang='lat' dir='ltr'><strong>quos</strong></span> <span class='ocrx_word' id='word_1_64' title='bbox 629 662 826 713; x_wconf 88' lang='lat' dir='ltr'><strong>Philippus</strong></span> <span class='ocrx_word' id='word_1_65' title='bbox 847 663 897 700; x_wconf 91' lang='lat' dir='ltr'><strong>ad</strong></span> <span class='ocrx_word' id='word_1_66' title='bbox 918 664 1018 714; x_wconf 85' lang='lat' dir='ltr'><strong>ipsos</strong></span> <span class='ocrx_word' id='word_1_67' title='bbox 1040 665 1206 709; x_wconf 84' lang='lat' dir='ltr'><strong>miserat,</strong></span> <span class='ocrx_word' id='word_1_68' title='bbox 1222 663 1472 714; x_wconf 85' lang='lat' dir='ltr'><strong>jurejurando</strong></span> <span class='ocrx_word' id='word_1_69' title='bbox 1488 656 1727 711; x_wconf 76' lang='lat' dir='ltr'><strong>adegerunt?</strong></span> 
     </span>
     <span class='ocr_line' id='line_1_9' title="bbox 273 723 1724 776; baseline -0.003 -15"><span class='ocrx_word' id='word_1_70' title='bbox 273 725 412 761; x_wconf 86' lang='lat' dir='ltr'><strong>Nonne</strong></span> <span class='ocrx_word' id='word_1_71' title='bbox 439 724 636 761; x_wconf 89' lang='lat' dir='ltr'><strong>decretum</strong></span> <span class='ocrx_word' id='word_1_72' title='bbox 657 736 842 774; x_wconf 87' lang='lat' dir='ltr'><strong>nusquam</strong></span> <span class='ocrx_word' id='word_1_73' title='bbox 865 724 968 762; x_wconf 88' lang='lat' dir='ltr'><strong>solos</strong></span> <span class='ocrx_word' id='word_1_74' title='bbox 989 738 1078 762; x_wconf 91' lang='lat' dir='ltr'><strong>cum</strong></span> <span class='ocrx_word' id='word_1_75' title='bbox 1100 725 1281 776; x_wconf 88' lang='lat' dir='ltr'><strong>Philippo</strong></span> <span class='ocrx_word' id='word_1_76' title='bbox 1304 724 1497 774; x_wconf 87' lang='lat' dir='ltr'><strong>colloqui;</strong></span> <span class='ocrx_word' id='word_1_77' title='bbox 1516 723 1576 760; x_wconf 89' lang='lat' dir='ltr'><strong>isti</strong></span> <span class='ocrx_word' id='word_1_78' title='bbox 1598 728 1724 759; x_wconf 82' lang='lat' dir='ltr'><strong>autern</strong></span> 
     </span>
     <span class='ocr_line' id='line_1_10' title="bbox 271 785 1727 836; baseline -0.003 -14"><span class='ocrx_word' id='word_1_79' title='bbox 271 785 447 836; x_wconf 85' lang='lat' dir='ltr'><strong>privatim</strong></span> <span class='ocrx_word' id='word_1_80' title='bbox 472 797 560 821; x_wconf 91' lang='lat' dir='ltr'><strong>cum</strong></span> <span class='ocrx_word' id='word_1_81' title='bbox 590 796 637 821; x_wconf 90' lang='lat' dir='ltr'><strong>eo</strong></span> <span class='ocrx_word' id='word_1_82' title='bbox 665 797 778 834; x_wconf 86' lang='lat' dir='ltr'><strong>agere</strong></span> <span class='ocrx_word' id='word_1_83' title='bbox 805 798 1000 835; x_wconf 89' lang='lat' dir='ltr'><strong>nunquam</strong></span> <span class='ocrx_word' id='word_1_84' title='bbox 1028 785 1283 824; x_wconf 75' lang='lat' dir='ltr'><strong>destiterunt?</strong></span> <span class='ocrx_word' id='word_1_85' title='bbox 1313 785 1526 829; x_wconf 82' lang='lat' dir='ltr'><strong>Quidam</strong></span> <span class='ocrx_word' id='word_1_86' title='bbox 1559 795 1727 820; x_wconf 87' lang='lat' dir='ltr'><strong>eorum</strong></span> 
     </span>
     <span class='ocr_line' id='line_1_11' title="bbox 271 843 1725 884; baseline -0.002 -1"><span class='ocrx_word' id='word_1_87' title='bbox 271 846 321 883; x_wconf 90' lang='lat' dir='ltr'><strong>in</strong></span> <span class='ocrx_word' id='word_1_88' title='bbox 358 851 544 883; x_wconf 87' lang='lat' dir='ltr'><strong>senatu</strong></span> <span class='ocrx_word' id='word_1_89' title='bbox 582 845 730 883; x_wconf 87' lang='lat' dir='ltr'><strong>falsae</strong></span> <span class='ocrx_word' id='word_1_90' title='bbox 765 846 1177 884; x_wconf 86' lang='lat' dir='ltr'><strong>renunciationis</strong></span> <span class='ocrx_word' id='word_1_91' title='bbox 1210 853 1337 884; x_wconf 91' lang='lat' dir='ltr'><strong>sunt</strong></span> <span class='ocrx_word' id='word_1_92' title='bbox 1377 845 1628 884; x_wconf 88' lang='lat' dir='ltr'><strong>convicti.</strong></span> <span class='ocrx_word' id='word_1_93' title='bbox 1674 843 1725 880; x_wconf 89' lang='lat' dir='ltr'><strong>At</strong></span> 
     </span>
     <span class='ocr_line' id='line_1_12' title="bbox 271 904 1725 957; baseline -0.002 -13"><span class='ocrx_word' id='word_1_94' title='bbox 271 907 335 944; x_wconf 88' lang='lat' dir='ltr'><strong>isti</strong></span> <span class='ocrx_word' id='word_1_95' title='bbox 361 906 464 957; x_wconf 90' lang='lat' dir='ltr'><strong>apud</strong></span> <span class='ocrx_word' id='word_1_96' title='bbox 483 906 690 957; x_wconf 83' lang='lat' dir='ltr'><strong>populum:</strong></span> <span class='ocrx_word' id='word_1_97' title='bbox 720 913 759 944; x_wconf 89' lang='lat' dir='ltr'><strong>et</strong></span> <span class='ocrx_word' id='word_1_98' title='bbox 773 920 797 944; x_wconf 88' lang='lat' dir='ltr'><strong>a</strong></span> <span class='ocrx_word' id='word_1_99' title='bbox 815 920 891 956; x_wconf 92' lang='lat' dir='ltr'><strong>quo</strong></span> <span class='ocrx_word' id='word_1_100' title='bbox 905 906 1015 944; x_wconf 79' lang='lat' dir='ltr'><strong>?—id</strong></span> <span class='ocrx_word' id='word_1_101' title='bbox 1035 907 1133 944; x_wconf 91' lang='lat' dir='ltr'><strong>enim</strong></span> <span class='ocrx_word' id='word_1_102' title='bbox 1154 908 1302 945; x_wconf 87' lang='lat' dir='ltr'><strong>illustre</strong></span> <span class='ocrx_word' id='word_1_103' title='bbox 1323 916 1459 945; x_wconf 80' lang='lat' dir='ltr'><strong>est—a</strong></span> <span class='ocrx_word' id='word_1_104' title='bbox 1486 907 1599 943; x_wconf 88' lang='lat' dir='ltr'><strong>rebus</strong></span> <span class='ocrx_word' id='word_1_105' title='bbox 1619 904 1725 954; x_wconf 88' lang='lat' dir='ltr'><strong>ipsis.</strong></span> 
     </span>
     <span class='ocr_line' id='line_1_13' title="bbox 272 965 1725 1005; baseline -0.002 -1"><span class='ocrx_word' id='word_1_106' title='bbox 272 967 374 1005; x_wconf 88' lang='lat' dir='ltr'><strong>Nam</strong></span> <span class='ocrx_word' id='word_1_107' title='bbox 394 980 524 1005; x_wconf 90' lang='lat' dir='ltr'><strong>eorum</strong></span> <span class='ocrx_word' id='word_1_108' title='bbox 556 967 833 1005; x_wconf 89' lang='lat' dir='ltr'><strong>renunciationi</strong></span> <span class='ocrx_word' id='word_1_109' title='bbox 859 974 1069 1005; x_wconf 88' lang='lat' dir='ltr'><strong>evenerunt</strong></span> <span class='ocrx_word' id='word_1_110' title='bbox 1088 969 1216 1005; x_wconf 82' lang='lat' dir='ltr'><strong>omnia</strong></span> <span class='ocrx_word' id='word_1_111' title='bbox 1244 981 1337 1005; x_wconf 86' lang='lat' dir='ltr'><strong>sane</strong></span> <span class='ocrx_word' id='word_1_112' title='bbox 1367 967 1569 1005; x_wconf 87' lang='lat' dir='ltr'><strong>contraria.</strong></span> <span class='ocrx_word' id='word_1_113' title='bbox 1623 965 1725 1002; x_wconf 91' lang='lat' dir='ltr'><strong>Nec</strong></span> 
     </span>
     <span class='ocr_line' id='line_1_14' title="bbox 270 1025 1726 1078; baseline -0.004 -11"><span class='ocrx_word' id='word_1_114' title='bbox 270 1041 390 1067; x_wconf 86' lang='lat' dir='ltr'><strong>vera</strong></span> <span class='ocrx_word' id='word_1_115' title='bbox 422 1028 546 1078; x_wconf 91' lang='lat' dir='ltr'><strong>inquit</strong></span> <span class='ocrx_word' id='word_1_116' title='bbox 579 1029 935 1077; x_wconf 86' lang='lat' dir='ltr'><strong>scripserunt.</strong></span> <span class='ocrx_word' id='word_1_117' title='bbox 985 1028 1036 1065; x_wconf 95' lang='lat' dir='ltr'><strong>At</strong></span> <span class='ocrx_word' id='word_1_118' title='bbox 1056 1041 1126 1066; x_wconf 90' lang='lat' dir='ltr'><strong>nec</strong></span> <span class='ocrx_word' id='word_1_119' title='bbox 1146 1029 1224 1067; x_wconf 89' lang='lat' dir='ltr'><strong>isti.</strong></span> <span class='ocrx_word' id='word_1_120' title='bbox 1277 1029 1339 1066; x_wconf 90' lang='lat' dir='ltr'><strong>Et</strong></span> <span class='ocrx_word' id='word_1_121' title='bbox 1370 1028 1421 1064; x_wconf 93' lang='lat' dir='ltr'><strong>in</strong></span> <span class='ocrx_word' id='word_1_122' title='bbox 1453 1026 1639 1065; x_wconf 88' lang='lat' dir='ltr'><strong>socios</strong></span> <span class='ocrx_word' id='word_1_123' title='bbox 1667 1025 1726 1062; x_wconf 90' lang='lat' dir='ltr'><strong>in-</strong></span> 
     </span>
     <span class='ocr_line' id='line_1_15' title="bbox 272 1088 1726 1141; baseline -0.001 -15"><span class='ocrx_word' id='word_1_124' title='bbox 272 1089 356 1140; x_wconf 90' lang='lat' dir='ltr'><strong>quit</strong></span> <span class='ocrx_word' id='word_1_125' title='bbox 381 1089 590 1127; x_wconf 91' lang='lat' dir='ltr'><strong>mentiti</strong></span> <span class='ocrx_word' id='word_1_126' title='bbox 629 1095 753 1127; x_wconf 89' lang='lat' dir='ltr'><strong>sunt</strong></span> <span class='ocrx_word' id='word_1_127' title='bbox 783 1096 832 1126; x_wconf 88' lang='lat' dir='ltr'><strong>et</strong></span> <span class='ocrx_word' id='word_1_128' title='bbox 872 1102 1088 1127; x_wconf 87' lang='lat' dir='ltr'><strong>munera</strong></span> <span class='ocrx_word' id='word_1_129' title='bbox 1119 1095 1488 1141; x_wconf 84' lang='lat' dir='ltr'><strong>acceptarunt.</strong></span> <span class='ocrx_word' id='word_1_130' title='bbox 1535 1088 1603 1126; x_wconf 89' lang='lat' dir='ltr'><strong>Isti</strong></span> <span class='ocrx_word' id='word_1_131' title='bbox 1636 1100 1726 1125; x_wconf 91' lang='lat' dir='ltr'><strong>vero</strong></span> 
     </span>
     <span class='ocr_line' id='line_1_16' title="bbox 272 1148 1727 1201; baseline -0.002 -13"><span class='ocrx_word' id='word_1_132' title='bbox 272 1164 350 1188; x_wconf 92' lang='lat' dir='ltr'><strong>non</strong></span> <span class='ocrx_word' id='word_1_133' title='bbox 377 1151 416 1188; x_wconf 90' lang='lat' dir='ltr'><strong>in</strong></span> <span class='ocrx_word' id='word_1_134' title='bbox 435 1150 672 1188; x_wconf 82' lang='lat' dir='ltr'><strong>eos&#39;mentiti</strong></span> <span class='ocrx_word' id='word_1_135' title='bbox 699 1156 801 1196; x_wconf 91' lang='lat' dir='ltr'><strong>sunt,</strong></span> <span class='ocrx_word' id='word_1_136' title='bbox 836 1151 905 1188; x_wconf 88' lang='lat' dir='ltr'><strong>sed</strong></span> <span class='ocrx_word' id='word_1_137' title='bbox 936 1150 1112 1188; x_wconf 83' lang='lat' dir='ltr'><strong>funditus</strong></span> <span class='ocrx_word' id='word_1_138' title='bbox 1145 1163 1212 1188; x_wconf 86' lang='lat' dir='ltr'><strong>eos</strong></span> <span class='ocrx_word' id='word_1_139' title='bbox 1242 1150 1502 1201; x_wconf 89' lang='lat' dir='ltr'><strong>perdiderunt.</strong></span> <span class='ocrx_word' id='word_1_140' title='bbox 1545 1148 1589 1186; x_wconf 93' lang='lat' dir='ltr'><strong>Id</strong></span> <span class='ocrx_word' id='word_1_141' title='bbox 1621 1148 1727 1198; x_wconf 89' lang='lat' dir='ltr'><strong>quod</strong></span> 
     </span>
     <span class='ocr_line' id='line_1_17' title="bbox 272 1211 1726 1262; baseline -0.002 -12"><span class='ocrx_word' id='word_1_142' title='bbox 272 1213 394 1250; x_wconf 91' lang='lat' dir='ltr'><strong>multo</strong></span> <span class='ocrx_word' id='word_1_143' title='bbox 414 1218 474 1250; x_wconf 88' lang='lat' dir='ltr'><strong>est</strong></span> <span class='ocrx_word' id='word_1_144' title='bbox 492 1211 703 1250; x_wconf 87' lang='lat' dir='ltr'><strong>mendaciis</strong></span> <span class='ocrx_word' id='word_1_145' title='bbox 721 1213 908 1250; x_wconf 88' lang='lat' dir='ltr'><strong>acerbius.</strong></span> <span class='ocrx_word' id='word_1_146' title='bbox 942 1213 1031 1250; x_wconf 86' lang='lat' dir='ltr'><strong>Jam</strong></span> <span class='ocrx_word' id='word_1_147' title='bbox 1054 1213 1101 1250; x_wconf 91' lang='lat' dir='ltr'><strong>de</strong></span> <span class='ocrx_word' id='word_1_148' title='bbox 1117 1212 1396 1262; x_wconf 81' lang='lat' dir='ltr'><strong>largitionibus,</strong></span> <span class='ocrx_word' id='word_1_149' title='bbox 1417 1212 1448 1249; x_wconf 86' lang='lat' dir='ltr'><strong>si</strong></span> <span class='ocrx_word' id='word_1_150' title='bbox 1470 1224 1510 1249; x_wconf 90' lang='lat' dir='ltr'><strong>se</strong></span> <span class='ocrx_word' id='word_1_151' title='bbox 1531 1211 1726 1260; x_wconf 87' lang='lat' dir='ltr'><strong>accepisse</strong></span> 
     </span>
     <span class='ocr_line' id='line_1_18' title="bbox 271 1272 1720 1324; baseline -0.003 -12"><span class='ocrx_word' id='word_1_152' title='bbox 271 1287 429 1312; x_wconf 88' lang='lat' dir='ltr'><strong>munera</strong></span> <span class='ocrx_word' id='word_1_153' title='bbox 443 1281 642 1324; x_wconf 84' lang='lat' dir='ltr'><strong>negarent,</strong></span> <span class='ocrx_word' id='word_1_154' title='bbox 663 1280 837 1320; x_wconf 78' lang='lat' dir='ltr'><strong>restaret,</strong></span> <span class='ocrx_word' id='word_1_155' title='bbox 854 1281 896 1312; x_wconf 92' lang='lat' dir='ltr'><strong>ut</strong></span> <span class='ocrx_word' id='word_1_156' title='bbox 915 1274 1247 1319; x_wconf 84' lang='lat' dir='ltr'><strong>convincerentur,</strong></span> <span class='ocrx_word' id='word_1_157' title='bbox 1268 1287 1355 1312; x_wconf 88' lang='lat' dir='ltr'><strong>cum</strong></span> <span class='ocrx_word' id='word_1_158' title='bbox 1376 1280 1502 1311; x_wconf 84' lang='lat' dir='ltr'><strong>autem</strong></span> <span class='ocrx_word' id='word_1_159' title='bbox 1521 1272 1615 1310; x_wconf 84' lang='lat' dir='ltr'><strong>fassi</strong></span> <span class='ocrx_word' id='word_1_160' title='bbox 1636 1272 1720 1317; x_wconf 81' lang='lat' dir='ltr'><strong>sint,</strong></span> 
     </span>
     <span class='ocr_line' id='line_1_19' title="bbox 271 1335 1706 1386; baseline -0.002 -12"><span class='ocrx_word' id='word_1_161' title='bbox 271 1337 310 1374; x_wconf 92' lang='lat' dir='ltr'><strong>in</strong></span> <span class='ocrx_word' id='word_1_162' title='bbox 331 1335 542 1374; x_wconf 88' lang='lat' dir='ltr'><strong>cruciatum</strong></span> <span class='ocrx_word' id='word_1_163' title='bbox 561 1337 740 1386; x_wconf 88' lang='lat' dir='ltr'><strong>abreptos</strong></span> <span class='ocrx_word' id='word_1_164' title='bbox 758 1336 971 1386; x_wconf 87' lang='lat' dir='ltr'><strong>oportebat.</strong></span> <span class='ocrx_word' id='word_1_165' title='bbox 1704 1345 1706 1347; x_wconf 70' lang='grc'><strong><em>’</em></strong></span> 
     </span>
     <span class='ocr_line' id='line_1_20' title="bbox 327 1393 1727 1447; baseline -0.002 -14"><span class='ocrx_word' id='word_1_166' title='bbox 327 1399 391 1434; x_wconf 81' lang='grc'><strong>79.</strong></span> <span class='ocrx_word' id='word_1_167' title='bbox 420 1396 524 1438; x_wconf 84' lang='lat' dir='ltr'><strong>Quid</strong></span> <span class='ocrx_word' id='word_1_168' title='bbox 554 1397 681 1447; x_wconf 86' lang='lat' dir='ltr'><strong>igitur,</strong></span> <span class='ocrx_word' id='word_1_169' title='bbox 718 1395 986 1442; x_wconf 89' lang='lat' dir='ltr'><strong>Athenienses,</strong></span> <span class='ocrx_word' id='word_1_170' title='bbox 1017 1409 1103 1434; x_wconf 91' lang='lat' dir='ltr'><strong>cum</strong></span> <span class='ocrx_word' id='word_1_171' title='bbox 1131 1396 1213 1433; x_wconf 88' lang='lat' dir='ltr'><strong>haec</strong></span> <span class='ocrx_word' id='word_1_172' title='bbox 1241 1397 1294 1434; x_wconf 88' lang='lat' dir='ltr'><strong>ita</strong></span> <span class='ocrx_word' id='word_1_173' title='bbox 1327 1397 1415 1441; x_wconf 91' lang='lat' dir='ltr'><strong>sint,</strong></span> <span class='ocrx_word' id='word_1_174' title='bbox 1443 1408 1531 1432; x_wconf 88' lang='lat' dir='ltr'><strong>cum</strong></span> <span class='ocrx_word' id='word_1_175' title='bbox 1558 1406 1625 1431; x_wconf 90' lang='lat' dir='ltr'><strong>vos</strong></span> <span class='ocrx_word' id='word_1_176' title='bbox 1653 1393 1727 1430; x_wconf 91' lang='lat' dir='ltr'><strong>illis</strong></span> 
     </span>
     <span class='ocr_line' id='line_1_21' title="bbox 271 1454 1728 1509; baseline -0.003 -13"><span class='ocrx_word' id='word_1_177' title='bbox 271 1459 360 1497; x_wconf 88' lang='lat' dir='ltr'><strong>viris</strong></span> <span class='ocrx_word' id='word_1_178' title='bbox 393 1458 585 1509; x_wconf 86' lang='lat' dir='ltr'><strong>prognati,</strong></span> <span class='ocrx_word' id='word_1_179' title='bbox 615 1457 753 1508; x_wconf 89' lang='lat' dir='ltr'><strong>partim</strong></span> <span class='ocrx_word' id='word_1_180' title='bbox 783 1458 897 1495; x_wconf 87' lang='lat' dir='ltr'><strong>etiam</strong></span> <span class='ocrx_word' id='word_1_181' title='bbox 931 1471 978 1495; x_wconf 87' lang='lat' dir='ltr'><strong>ex</strong></span> <span class='ocrx_word' id='word_1_182' title='bbox 1009 1458 1159 1495; x_wconf 90' lang='lat' dir='ltr'><strong>illorum</strong></span> <span class='ocrx_word' id='word_1_183' title='bbox 1190 1470 1348 1494; x_wconf 90' lang='lat' dir='ltr'><strong>numero</strong></span> <span class='ocrx_word' id='word_1_184' title='bbox 1377 1456 1455 1494; x_wconf 89' lang='lat' dir='ltr'><strong>sitis</strong></span> <span class='ocrx_word' id='word_1_185' title='bbox 1489 1454 1728 1506; x_wconf 87' lang='lat' dir='ltr'><strong>superstites,</strong></span> 
     </span>
     <span class='ocr_line' id='line_1_22' title="bbox 274 1517 1727 1570; baseline -0.006 -10"><span class='ocrx_word' id='word_1_186' title='bbox 274 1521 521 1560; x_wconf 84' lang='lat' dir='ltr'><strong>committetis</strong></span> <span class='ocrx_word' id='word_1_187' title='bbox 541 1526 583 1557; x_wconf 86' lang='lat' dir='ltr'><strong>ut</strong></span> <span class='ocrx_word' id='word_1_188' title='bbox 602 1520 650 1557; x_wconf 84' lang='lat' dir='ltr'><strong>de</strong></span> <span class='ocrx_word' id='word_1_189' title='bbox 678 1519 871 1570; x_wconf 88' lang='lat' dir='ltr'><strong>republica</strong></span> <span class='ocrx_word' id='word_1_190' title='bbox 899 1520 1172 1565; x_wconf 83' lang='lat' dir='ltr'><strong>benemeritus,</strong></span> <span class='ocrx_word' id='word_1_191' title='bbox 1198 1527 1236 1557; x_wconf 89' lang='lat' dir='ltr'><strong>et</strong></span> <span class='ocrx_word' id='word_1_192' title='bbox 1265 1518 1397 1570; x_wconf 90' lang='lat' dir='ltr'><strong>populi</strong></span> <span class='ocrx_word' id='word_1_193' title='bbox 1423 1530 1469 1555; x_wconf 88' lang='lat' dir='ltr'><strong>ex</strong></span> <span class='ocrx_word' id='word_1_194' title='bbox 1491 1517 1639 1554; x_wconf 83' lang='lat' dir='ltr'><strong>Piraeeo</strong></span> <span class='ocrx_word' id='word_1_195' title='bbox 1667 1528 1727 1552; x_wconf 90' lang='lat' dir='ltr'><strong>re-</strong></span> 
     </span>
     <span class='ocr_line' id='line_1_23' title="bbox 245 1577 1726 1632; baseline -0.005 -12"><span class='ocrx_word' id='word_1_196' title='bbox 245 1585 248 1589; x_wconf 89' lang='grc'><strong>’</strong></span> <span class='ocrx_word' id='word_1_197' title='bbox 272 1583 408 1620; x_wconf 90' lang='lat' dir='ltr'><strong>ductor</strong></span> <span class='ocrx_word' id='word_1_198' title='bbox 429 1581 643 1632; x_wconf 84' lang='lat' dir='ltr'><strong>Epicrates,</strong></span> <span class='ocrx_word' id='word_1_199' title='bbox 663 1581 756 1618; x_wconf 89' lang='lat' dir='ltr'><strong>urbe</strong></span> <span class='ocrx_word' id='word_1_200' title='bbox 787 1580 921 1631; x_wconf 80' lang='lat' dir='ltr'><strong>pulsus</strong></span> <span class='ocrx_word' id='word_1_201' title='bbox 947 1593 1080 1631; x_wconf 89' lang='lat' dir='ltr'><strong>poenas</strong></span> <span class='ocrx_word' id='word_1_202' title='bbox 1112 1580 1273 1623; x_wconf 85' lang='lat' dir='ltr'><strong>dederit,</strong></span> <span class='ocrx_word' id='word_1_203' title='bbox 1300 1593 1386 1617; x_wconf 92' lang='lat' dir='ltr'><strong>cum</strong></span> <span class='ocrx_word' id='word_1_204' title='bbox 1415 1592 1559 1624; x_wconf 85' lang='lat' dir='ltr'><strong>rursus,</strong></span> <span class='ocrx_word' id='word_1_205' title='bbox 1581 1577 1726 1615; x_wconf 90' lang='lat' dir='ltr'><strong>dudum</strong></span> 
     </span>
     <span class='ocr_line' id='line_1_24' title="bbox 274 1639 1728 1694; baseline -0.003 -13"><span class='ocrx_word' id='word_1_206' title='bbox 274 1642 541 1694; x_wconf 86' lang='lat' dir='ltr'><strong>Thrasybulus</strong></span> <span class='ocrx_word' id='word_1_207' title='bbox 561 1642 640 1688; x_wconf 89' lang='lat' dir='ltr'><strong>ille,</strong></span> <span class='ocrx_word' id='word_1_208' title='bbox 668 1641 896 1693; x_wconf 86' lang='lat' dir='ltr'><strong>Thrasybuli</strong></span> <span class='ocrx_word' id='word_1_209' title='bbox 915 1641 1077 1679; x_wconf 85' lang='lat' dir='ltr'><strong>hominis</strong></span> <span class='ocrx_word' id='word_1_210' title='bbox 1096 1641 1293 1692; x_wconf 87' lang='lat' dir='ltr'><strong>popularis</strong></span> <span class='ocrx_word' id='word_1_211' title='bbox 1321 1641 1438 1686; x_wconf 86' lang='lat' dir='ltr'><strong>filius,</strong></span> <span class='ocrx_word' id='word_1_212' title='bbox 1458 1640 1539 1691; x_wconf 89' lang='lat' dir='ltr'><strong>ejus</strong></span> <span class='ocrx_word' id='word_1_213' title='bbox 1565 1639 1630 1690; x_wconf 93' lang='lat' dir='ltr'><strong>qui</strong></span> <span class='ocrx_word' id='word_1_214' title='bbox 1659 1652 1728 1689; x_wconf 92' lang='lat' dir='ltr'><strong>po-</strong></span> 
     </span>
     <span class='ocr_line' id='line_1_25' title="bbox 271 1699 1729 1756; baseline -0.004 -14"><span class='ocrx_word' id='word_1_215' title='bbox 271 1705 403 1756; x_wconf 87' lang='lat' dir='ltr'><strong>pulum</strong></span> <span class='ocrx_word' id='word_1_216' title='bbox 424 1717 444 1742; x_wconf 89' lang='lat' dir='ltr'><strong>e</strong></span> <span class='ocrx_word' id='word_1_217' title='bbox 466 1703 585 1754; x_wconf 87' lang='lat' dir='ltr'><strong>Phyle</strong></span> <span class='ocrx_word' id='word_1_218' title='bbox 605 1702 769 1749; x_wconf 84' lang='lat' dir='ltr'><strong>reduxit,</strong></span> <span class='ocrx_word' id='word_1_219' title='bbox 798 1702 951 1740; x_wconf 87' lang='lat' dir='ltr'><strong>talentis</strong></span> <span class='ocrx_word' id='word_1_220' title='bbox 973 1702 1106 1740; x_wconf 88' lang='lat' dir='ltr'><strong>decem</strong></span> <span class='ocrx_word' id='word_1_221' title='bbox 1135 1702 1185 1739; x_wconf 90' lang='lat' dir='ltr'><strong>sit</strong></span> <span class='ocrx_word' id='word_1_222' title='bbox 1212 1701 1436 1747; x_wconf 90' lang='lat' dir='ltr'><strong>mulctatus,</strong></span> <span class='ocrx_word' id='word_1_223' title='bbox 1462 1713 1550 1738; x_wconf 89' lang='lat' dir='ltr'><strong>curn</strong></span> <span class='ocrx_word' id='word_1_224' title='bbox 1573 1699 1729 1750; x_wconf 87' lang='lat' dir='ltr'><strong>quidam</strong></span> 
     </span>
     <span class='ocr_line' id='line_1_26' title="bbox 272 1760 1729 1814; baseline -0.004 -11"><span class='ocrx_word' id='word_1_225' title='bbox 272 1778 319 1803; x_wconf 87' lang='lat' dir='ltr'><strong>ex</strong></span> <span class='ocrx_word' id='word_1_226' title='bbox 343 1764 540 1803; x_wconf 89' lang='lat' dir='ltr'><strong>Harmodii</strong></span> <span class='ocrx_word' id='word_1_227' title='bbox 563 1770 603 1801; x_wconf 86' lang='lat' dir='ltr'><strong>et</strong></span> <span class='ocrx_word' id='word_1_228' title='bbox 621 1763 894 1814; x_wconf 83' lang='lat' dir='ltr'><strong>Aristogitonis</strong></span> <span class='ocrx_word' id='word_1_229' title='bbox 923 1763 1097 1814; x_wconf 87' lang='lat' dir='ltr'><strong>posteris,</strong></span> <span class='ocrx_word' id='word_1_230' title='bbox 1120 1770 1158 1800; x_wconf 92' lang='lat' dir='ltr'><strong>et</strong></span> <span class='ocrx_word' id='word_1_231' title='bbox 1178 1776 1309 1800; x_wconf 90' lang='lat' dir='ltr'><strong>eorum</strong></span> <span class='ocrx_word' id='word_1_232' title='bbox 1336 1763 1402 1812; x_wconf 92' lang='lat' dir='ltr'><strong>qui</strong></span> <span class='ocrx_word' id='word_1_233' title='bbox 1421 1761 1585 1799; x_wconf 80' lang='lat' dir='ltr'><strong>maxima</strong></span> <span class='ocrx_word' id='word_1_234' title='bbox 1604 1760 1642 1797; x_wconf 89' lang='lat' dir='ltr'><strong>in</strong></span> <span class='ocrx_word' id='word_1_235' title='bbox 1660 1773 1729 1797; x_wconf 88' lang='lat' dir='ltr'><strong>vos</strong></span> 
     </span>
     <span class='ocr_line' id='line_1_27' title="bbox 268 1821 1731 1875; baseline -0.005 -10"><span class='ocrx_word' id='word_1_236' title='bbox 268 1827 458 1865; x_wconf 87' lang='lat' dir='ltr'><strong>beneficia</strong></span> <span class='ocrx_word' id='word_1_237' title='bbox 477 1825 736 1871; x_wconf 90' lang='lat' dir='ltr'><strong>contulerunt,</strong></span> <span class='ocrx_word' id='word_1_238' title='bbox 757 1838 854 1875; x_wconf 91' lang='lat' dir='ltr'><strong>quos</strong></span> <span class='ocrx_word' id='word_1_239' title='bbox 874 1824 959 1875; x_wconf 86' lang='lat' dir='ltr'><strong>lege</strong></span> <span class='ocrx_word' id='word_1_240' title='bbox 976 1826 1023 1862; x_wconf 94' lang='lat' dir='ltr'><strong>ob</strong></span> <span class='ocrx_word' id='word_1_241' title='bbox 1042 1824 1338 1862; x_wconf 89' lang='lat' dir='ltr'><strong>beneficentiam</strong></span> <span class='ocrx_word' id='word_1_242' title='bbox 1363 1836 1456 1873; x_wconf 86' lang='lat' dir='ltr'><strong>erga</strong></span> <span class='ocrx_word' id='word_1_243' title='bbox 1467 1836 1535 1860; x_wconf 88' lang='lat' dir='ltr'><strong>vos</strong></span> <span class='ocrx_word' id='word_1_244' title='bbox 1551 1823 1587 1858; x_wconf 89' lang='lat' dir='ltr'><strong>in</strong></span> <span class='ocrx_word' id='word_1_245' title='bbox 1609 1821 1731 1859; x_wconf 87' lang='lat' dir='ltr'><strong>omni-</strong></span> 
     </span>
     <span class='ocr_line' id='line_1_28' title="bbox 271 1883 1728 1936; baseline -0.003 -10"><span class='ocrx_word' id='word_1_246' title='bbox 271 1889 345 1926; x_wconf 85' lang='lat' dir='ltr'><strong>bus</strong></span> <span class='ocrx_word' id='word_1_247' title='bbox 364 1888 474 1933; x_wconf 88' lang='lat' dir='ltr'><strong>fanis,</strong></span> <span class='ocrx_word' id='word_1_248' title='bbox 489 1887 526 1924; x_wconf 92' lang='lat' dir='ltr'><strong>in</strong></span> <span class='ocrx_word' id='word_1_249' title='bbox 543 1886 748 1931; x_wconf 88' lang='lat' dir='ltr'><strong>sacrificiis,</strong></span> <span class='ocrx_word' id='word_1_250' title='bbox 772 1886 994 1923; x_wconf 86' lang='lat' dir='ltr'><strong>libationum</strong></span> <span class='ocrx_word' id='word_1_251' title='bbox 1015 1893 1052 1922; x_wconf 91' lang='lat' dir='ltr'><strong>et</strong></span> <span class='ocrx_word' id='word_1_252' title='bbox 1073 1885 1301 1936; x_wconf 88' lang='lat' dir='ltr'><strong>poculorum</strong></span> <span class='ocrx_word' id='word_1_253' title='bbox 1318 1884 1524 1936; x_wconf 85' lang='lat' dir='ltr'><strong>participes</strong></span> <span class='ocrx_word' id='word_1_254' title='bbox 1536 1883 1728 1930; x_wconf 82' lang='lat' dir='ltr'><strong>effecistis,</strong></span> 
     </span>
     <span class='ocr_line' id='line_1_29' title="bbox 273 1945 1728 2003; baseline -0.004 -15"><span class='ocrx_word' id='word_1_255' title='bbox 273 1962 367 2003; x_wconf 92' lang='lat' dir='ltr'><strong>quos</strong></span> <span class='ocrx_word' id='word_1_256' title='bbox 388 1948 590 1987; x_wconf 86' lang='lat' dir='ltr'><strong>celebratis</strong></span> <span class='ocrx_word' id='word_1_257' title='bbox 610 1954 649 1984; x_wconf 92' lang='lat' dir='ltr'><strong>et</strong></span> <span class='ocrx_word' id='word_1_258' title='bbox 667 1947 791 1984; x_wconf 88' lang='lat' dir='ltr'><strong>colitis</strong></span> <span class='ocrx_word' id='word_1_259' title='bbox 813 1947 894 1997; x_wconf 87' lang='lat' dir='ltr'><strong>pari</strong></span> <span class='ocrx_word' id='word_1_260' title='bbox 911 1959 999 1984; x_wconf 90' lang='lat' dir='ltr'><strong>cum</strong></span> <span class='ocrx_word' id='word_1_261' title='bbox 1018 1946 1198 1984; x_wconf 86' lang='lat' dir='ltr'><strong>heroibus</strong></span> <span class='ocrx_word' id='word_1_262' title='bbox 1222 1946 1380 1991; x_wconf 88' lang='lat' dir='ltr'><strong>honore,</strong></span> <span class='ocrx_word' id='word_1_263' title='bbox 1394 1952 1432 1983; x_wconf 91' lang='lat' dir='ltr'><strong>et</strong></span> <span class='ocrx_word' id='word_1_264' title='bbox 1447 1945 1531 1990; x_wconf 91' lang='lat' dir='ltr'><strong>diis,</strong></span> <span class='ocrx_word' id='word_1_265' title='bbox 1550 1958 1636 1983; x_wconf 90' lang='lat' dir='ltr'><strong>cum</strong></span> <span class='ocrx_word' id='word_1_266' title='bbox 1659 1945 1728 1996; x_wconf 87' lang='lat' dir='ltr'><strong>igi-</strong></span> 
     </span>
     <span class='ocr_line' id='line_1_30' title="bbox 273 2006 1731 2061; baseline -0.005 -11"><span class='ocrx_word' id='word_1_267' title='bbox 273 2019 333 2050; x_wconf 90' lang='lat' dir='ltr'><strong>tur</strong></span> <span class='ocrx_word' id='word_1_268' title='bbox 351 2011 390 2048; x_wconf 91' lang='lat' dir='ltr'><strong>hi</strong></span> <span class='ocrx_word' id='word_1_269' title='bbox 410 2008 564 2061; x_wconf 89' lang='lat' dir='ltr'><strong>quidem</strong></span> <span class='ocrx_word' id='word_1_270' title='bbox 579 2021 710 2046; x_wconf 88' lang='lat' dir='ltr'><strong>omnes</strong></span> <span class='ocrx_word' id='word_1_271' title='bbox 726 2020 859 2059; x_wconf 90' lang='lat' dir='ltr'><strong>poenas</strong></span> <span class='ocrx_word' id='word_1_272' title='bbox 872 2007 1023 2058; x_wconf 88' lang='lat' dir='ltr'><strong>legibus</strong></span> <span class='ocrx_word' id='word_1_273' title='bbox 1037 2007 1225 2052; x_wconf 85' lang='lat' dir='ltr'><strong>dederint,</strong></span> <span class='ocrx_word' id='word_1_274' title='bbox 1237 2021 1324 2045; x_wconf 89' lang='lat' dir='ltr'><strong>cum</strong></span> <span class='ocrx_word' id='word_1_275' title='bbox 1337 2020 1461 2057; x_wconf 91' lang='lat' dir='ltr'><strong>neque</strong></span> <span class='ocrx_word' id='word_1_276' title='bbox 1469 2006 1592 2052; x_wconf 89' lang='lat' dir='ltr'><strong>venia,</strong></span> <span class='ocrx_word' id='word_1_277' title='bbox 1605 2018 1731 2056; x_wconf 91' lang='lat' dir='ltr'><strong>neque</strong></span> 
     </span>
     <span class='ocr_line' id='line_1_31' title="bbox 273 2068 1730 2120; baseline -0.003 -11"><span class='ocrx_word' id='word_1_278' title='bbox 273 2070 547 2117; x_wconf 87' lang='lat' dir='ltr'><strong>misericordia,</strong></span> <span class='ocrx_word' id='word_1_279' title='bbox 572 2083 697 2119; x_wconf 87' lang='lat' dir='ltr'><strong>neque</strong></span> <span class='ocrx_word' id='word_1_280' title='bbox 717 2070 910 2120; x_wconf 88' lang='lat' dir='ltr'><strong>plorantes</strong></span> <span class='ocrx_word' id='word_1_281' title='bbox 929 2069 1050 2119; x_wconf 91' lang='lat' dir='ltr'><strong>pueri,</strong></span> <span class='ocrx_word' id='word_1_282' title='bbox 1074 2069 1229 2106; x_wconf 88' lang='lat' dir='ltr'><strong>nomina</strong></span> <span class='ocrx_word' id='word_1_283' title='bbox 1253 2082 1383 2106; x_wconf 86' lang='lat' dir='ltr'><strong>eorum</strong></span> <span class='ocrx_word' id='word_1_284' title='bbox 1403 2069 1466 2118; x_wconf 90' lang='lat' dir='ltr'><strong>qui</strong></span> <span class='ocrx_word' id='word_1_285' title='bbox 1485 2069 1583 2106; x_wconf 89' lang='lat' dir='ltr'><strong>bene</strong></span> <span class='ocrx_word' id='word_1_286' title='bbox 1603 2068 1651 2105; x_wconf 92' lang='lat' dir='ltr'><strong>de</strong></span> <span class='ocrx_word' id='word_1_287' title='bbox 1669 2080 1730 2106; x_wconf 88' lang='lat' dir='ltr'><strong>re-</strong></span> 
     </span>
     <span class='ocr_line' id='line_1_32' title="bbox 272 2129 1731 2186; baseline -0.003 -16"><span class='ocrx_word' id='word_1_288' title='bbox 272 2133 427 2186; x_wconf 88' lang='lat' dir='ltr'><strong>publica</strong></span> <span class='ocrx_word' id='word_1_289' title='bbox 445 2138 537 2170; x_wconf 92' lang='lat' dir='ltr'><strong>sunt</strong></span> <span class='ocrx_word' id='word_1_290' title='bbox 547 2131 683 2176; x_wconf 90' lang='lat' dir='ltr'><strong>meriti,</strong></span> <span class='ocrx_word' id='word_1_291' title='bbox 696 2131 921 2176; x_wconf 89' lang='lat' dir='ltr'><strong>referentes,</strong></span> <span class='ocrx_word' id='word_1_292' title='bbox 937 2143 1060 2180; x_wconf 92' lang='lat' dir='ltr'><strong>neque</strong></span> <span class='ocrx_word' id='word_1_293' title='bbox 1077 2131 1283 2181; x_wconf 90' lang='lat' dir='ltr'><strong>quicquam</strong></span> <span class='ocrx_word' id='word_1_294' title='bbox 1305 2130 1407 2168; x_wconf 88' lang='lat' dir='ltr'><strong>aliud</strong></span> <span class='ocrx_word' id='word_1_295' title='bbox 1427 2130 1480 2167; x_wconf 90' lang='lat' dir='ltr'><strong>eis</strong></span> <span class='ocrx_word' id='word_1_296' title='bbox 1495 2129 1731 2180; x_wconf 81' lang='lat' dir='ltr'><strong>profuerit—</strong></span> 
     </span>
     <span class='ocr_line' id='line_1_33' title="bbox 272 2190 1731 2236; baseline -0.004 -4"><span class='ocrx_word' id='word_1_297' title='bbox 272 2193 461 2232; x_wconf 89' lang='lat' dir='ltr'><strong>Atrometi</strong></span> <span class='ocrx_word' id='word_1_298' title='bbox 480 2191 683 2230; x_wconf 87' lang='lat' dir='ltr'><strong>literatoris</strong></span> <span class='ocrx_word' id='word_1_299' title='bbox 704 2198 743 2229; x_wconf 90' lang='lat' dir='ltr'><strong>et</strong></span> <span class='ocrx_word' id='word_1_300' title='bbox 770 2191 1038 2236; x_wconf 82' lang='lat' dir='ltr'><strong>Glaucotheae,</strong></span> <span class='ocrx_word' id='word_1_301' title='bbox 1056 2198 1178 2229; x_wconf 89' lang='lat' dir='ltr'><strong>eoetus</strong></span> <span class='ocrx_word' id='word_1_302' title='bbox 1192 2190 1458 2229; x_wconf 83' lang='lat' dir='ltr'><strong>bacchantium</strong></span> <span class='ocrx_word' id='word_1_303' title='bbox 1476 2190 1669 2228; x_wconf 88' lang='lat' dir='ltr'><strong>ductantis</strong></span> <span class='ocrx_word' id='word_1_304' title='bbox 1686 2190 1731 2226; x_wconf 88' lang='lat' dir='ltr'><strong>fi-</strong></span> 
     </span>
     <span class='ocr_line' id='line_1_34' title="bbox 275 2251 1730 2305; baseline -0.003 -12"><span class='ocrx_word' id='word_1_305' title='bbox 275 2256 382 2301; x_wconf 90' lang='lat' dir='ltr'><strong>lium,</strong></span> <span class='ocrx_word' id='word_1_306' title='bbox 403 2256 452 2292; x_wconf 94' lang='lat' dir='ltr'><strong>ob</strong></span> <span class='ocrx_word' id='word_1_307' title='bbox 472 2254 575 2305; x_wconf 91' lang='lat' dir='ltr'><strong>quod</strong></span> <span class='ocrx_word' id='word_1_308' title='bbox 595 2253 740 2291; x_wconf 86' lang='lat' dir='ltr'><strong>factum</strong></span> <span class='ocrx_word' id='word_1_309' title='bbox 761 2252 836 2290; x_wconf 83' lang='lat' dir='ltr'><strong>alia</strong></span> <span class='ocrx_word' id='word_1_310' title='bbox 852 2252 1066 2290; x_wconf 86' lang='lat' dir='ltr'><strong>sacrificula</strong></span> <span class='ocrx_word' id='word_1_311' title='bbox 1085 2252 1212 2290; x_wconf 87' lang='lat' dir='ltr'><strong>occisa</strong></span> <span class='ocrx_word' id='word_1_312' title='bbox 1232 2258 1305 2296; x_wconf 90' lang='lat' dir='ltr'><strong>cst,</strong></span> <span class='ocrx_word' id='word_1_313' title='bbox 1322 2265 1409 2288; x_wconf 88' lang='lat' dir='ltr'><strong>eum</strong></span> <span class='ocrx_word' id='word_1_314' title='bbox 1431 2263 1497 2289; x_wconf 86' lang='lat' dir='ltr'><strong>vos</strong></span> <span class='ocrx_word' id='word_1_315' title='bbox 1511 2251 1628 2296; x_wconf 87' lang='lat' dir='ltr'><strong>nacti,</strong></span> <span class='ocrx_word' id='word_1_316' title='bbox 1642 2264 1730 2301; x_wconf 88' lang='lat' dir='ltr'><strong>pro-</strong></span> 
     </span>
     <span class='ocr_line' id='line_1_35' title="bbox 275 2313 1731 2369; baseline -0.003 -14"><span class='ocrx_word' id='word_1_317' title='bbox 275 2324 434 2369; x_wconf 88' lang='lat' dir='ltr'><strong>gnatum</strong></span> <span class='ocrx_word' id='word_1_318' title='bbox 455 2316 610 2361; x_wconf 88' lang='lat' dir='ltr'><strong>talibus,</strong></span> <span class='ocrx_word' id='word_1_319' title='bbox 630 2314 736 2352; x_wconf 87' lang='lat' dir='ltr'><strong>nulla</strong></span> <span class='ocrx_word' id='word_1_320' title='bbox 750 2327 795 2351; x_wconf 81' lang='lat' dir='ltr'><strong>ex</strong></span> <span class='ocrx_word' id='word_1_321' title='bbox 810 2320 916 2364; x_wconf 88' lang='lat' dir='ltr'><strong>parte</strong></span> <span class='ocrx_word' id='word_1_322' title='bbox 933 2314 1151 2365; x_wconf 75' lang='lat' dir='ltr'><strong>reipublicae</strong></span> <span class='ocrx_word' id='word_1_323' title='bbox 1167 2314 1312 2359; x_wconf 89' lang='lat' dir='ltr'><strong>utilem,</strong></span> <span class='ocrx_word' id='word_1_324' title='bbox 1325 2326 1402 2350; x_wconf 89' lang='lat' dir='ltr'><strong>non</strong></span> <span class='ocrx_word' id='word_1_325' title='bbox 1417 2313 1554 2362; x_wconf 85' lang='lat' dir='ltr'><strong>ipsum,</strong></span> <span class='ocrx_word' id='word_1_326' title='bbox 1571 2326 1648 2351; x_wconf 88' lang='lat' dir='ltr'><strong>non</strong></span> <span class='ocrx_word' id='word_1_327' title='bbox 1662 2326 1731 2364; x_wconf 85' lang='lat' dir='ltr'><strong>pa-</strong></span> 
     </span>
     <span class='ocr_line' id='line_1_36' title="bbox 270 2372 1732 2426; baseline -0.001 -12"><span class='ocrx_word' id='word_1_328' title='bbox 270 2387 381 2424; x_wconf 87' lang='lat' dir='ltr'><strong>trem,</strong></span> <span class='ocrx_word' id='word_1_329' title='bbox 397 2390 473 2414; x_wconf 88' lang='lat' dir='ltr'><strong>non</strong></span> <span class='ocrx_word' id='word_1_330' title='bbox 494 2376 610 2413; x_wconf 88' lang='lat' dir='ltr'><strong>alium</strong></span> <span class='ocrx_word' id='word_1_331' title='bbox 626 2375 747 2412; x_wconf 89' lang='lat' dir='ltr'><strong>ullum</strong></span> <span class='ocrx_word' id='word_1_332' title='bbox 761 2375 843 2426; x_wconf 85' lang='lat' dir='ltr'><strong>ejus</strong></span> <span class='ocrx_word' id='word_1_333' title='bbox 859 2375 1131 2419; x_wconf 88' lang='lat' dir='ltr'><strong>necessarium,</strong></span> <span class='ocrx_word' id='word_1_334' title='bbox 1149 2372 1374 2411; x_wconf 78' lang='lat' dir='ltr'><strong>dimittetis?</strong></span> <span class='ocrx_word' id='word_1_335' title='bbox 1395 2373 1490 2416; x_wconf 85' lang='lat' dir='ltr'><strong>Quis</strong></span> <span class='ocrx_word' id='word_1_336' title='bbox 1505 2373 1605 2410; x_wconf 91' lang='lat' dir='ltr'><strong>enim</strong></span> <span class='ocrx_word' id='word_1_337' title='bbox 1625 2377 1732 2426; x_wconf 89' lang='lat' dir='ltr'><strong>equi-</strong></span> 
     </span>
     <span class='ocr_line' id='line_1_37' title="bbox 272 2435 1731 2489; baseline -0.002 -10"><span class='ocrx_word' id='word_1_338' title='bbox 272 2447 389 2484; x_wconf 87' lang='lat' dir='ltr'><strong>tatus,</strong></span> <span class='ocrx_word' id='word_1_339' title='bbox 415 2451 502 2489; x_wconf 84' lang='lat' dir='ltr'><strong>quae</strong></span> <span class='ocrx_word' id='word_1_340' title='bbox 527 2437 797 2486; x_wconf 86' lang='lat' dir='ltr'><strong>classis‚&#39;quae</strong></span> <span class='ocrx_word' id='word_1_341' title='bbox 824 2436 1036 2486; x_wconf 83' lang='lat' dir='ltr'><strong>expeditio,</strong></span> <span class='ocrx_word' id='word_1_342' title='bbox 1056 2449 1142 2485; x_wconf 84' lang='lat' dir='ltr'><strong>quae</strong></span> <span class='ocrx_word' id='word_1_343' title='bbox 1167 2435 1350 2478; x_wconf 70' lang='lat' dir='ltr'><strong>aedilitas,</strong></span> <span class='ocrx_word' id='word_1_344' title='bbox 1379 2435 1444 2485; x_wconf 90' lang='lat' dir='ltr'><strong>qui</strong></span> <span class='ocrx_word' id='word_1_345' title='bbox 1469 2442 1606 2482; x_wconf 88' lang='lat' dir='ltr'><strong>coetus,</strong></span> <span class='ocrx_word' id='word_1_346' title='bbox 1627 2438 1731 2488; x_wconf 91' lang='lat' dir='ltr'><strong>quod</strong></span> 
     </span>
     <span class='ocr_line' id='line_1_38' title="bbox 273 2497 1732 2551; baseline -0.002 -11"><span class='ocrx_word' id='word_1_347' title='bbox 273 2515 425 2547; x_wconf 89' lang='lat' dir='ltr'><strong>munus,</strong></span> <span class='ocrx_word' id='word_1_348' title='bbox 435 2499 536 2551; x_wconf 88' lang='lat' dir='ltr'><strong>quod</strong></span> <span class='ocrx_word' id='word_1_349' title='bbox 551 2500 747 2543; x_wconf 86' lang='lat' dir='ltr'><strong>tributum,</strong></span> <span class='ocrx_word' id='word_1_350' title='bbox 760 2497 1131 2549; x_wconf 84' lang='lat' dir='ltr'><strong>quaebenevolentia,</strong></span> <span class='ocrx_word' id='word_1_351' title='bbox 1141 2497 1243 2547; x_wconf 89' lang='lat' dir='ltr'><strong>quod</strong></span> <span class='ocrx_word' id='word_1_352' title='bbox 1253 2497 1480 2548; x_wconf 87' lang='lat' dir='ltr'><strong>periculum,</strong></span> <span class='ocrx_word' id='word_1_353' title='bbox 1490 2498 1582 2547; x_wconf 91' lang='lat' dir='ltr'><strong>quid</strong></span> <span class='ocrx_word' id='word_1_354' title='bbox 1596 2499 1732 2537; x_wconf 88' lang='lat' dir='ltr'><strong>horum</strong></span> 
     </span>
     <span class='ocr_line' id='line_1_39' title="bbox 273 2559 1732 2612; baseline -0.002 -9"><span class='ocrx_word' id='word_1_355' title='bbox 273 2565 442 2605; x_wconf 90' lang='lat' dir='ltr'><strong>omnium</strong></span> <span class='ocrx_word' id='word_1_356' title='bbox 462 2562 509 2600; x_wconf 83' lang='lat' dir='ltr'><strong>ab</strong></span> <span class='ocrx_word' id='word_1_357' title='bbox 530 2562 631 2599; x_wconf 89' lang='lat' dir='ltr'><strong>omni</strong></span> <span class='ocrx_word' id='word_1_358' title='bbox 652 2561 835 2598; x_wconf 88' lang='lat' dir='ltr'><strong>memoria</strong></span> <span class='ocrx_word' id='word_1_359' title='bbox 852 2561 1066 2611; x_wconf 79' lang='lat' dir='ltr'><strong>praestitum</strong></span> <span class='ocrx_word' id='word_1_360' title='bbox 1086 2565 1146 2597; x_wconf 89' lang='lat' dir='ltr'><strong>est</strong></span> <span class='ocrx_word' id='word_1_361' title='bbox 1165 2560 1212 2596; x_wconf 84' lang='lat' dir='ltr'><strong>ab</strong></span> <span class='ocrx_word' id='word_1_362' title='bbox 1232 2559 1315 2596; x_wconf 88' lang='lat' dir='ltr'><strong>istis</strong></span> <span class='ocrx_word' id='word_1_363' title='bbox 1336 2560 1585 2610; x_wconf 76' lang='lat' dir='ltr'><strong>reipublicae?</strong></span> <span class='ocrx_word' id='word_1_364' title='bbox 1614 2561 1732 2612; x_wconf 86' lang='lat' dir='ltr'><strong>Atqui</strong></span> 
     </span>
     <span class='ocr_line' id='line_1_40' title="bbox 277 2621 1734 2679; baseline -0.003 -12"><span class='ocrx_word' id='word_1_365' title='bbox 277 2630 308 2668; x_wconf 91' lang='lat' dir='ltr'><strong>si</strong></span> <span class='ocrx_word' id='word_1_366' title='bbox 324 2629 389 2666; x_wconf 91' lang='lat' dir='ltr'><strong>illa</strong></span> <span class='ocrx_word' id='word_1_367' title='bbox 402 2625 673 2679; x_wconf 81' lang='lat' dir='ltr'><strong>praestitissent</strong></span> <span class='ocrx_word' id='word_1_368' title='bbox 686 2624 826 2668; x_wconf 88' lang='lat' dir='ltr'><strong>omnia,</strong></span> <span class='ocrx_word' id='word_1_369' title='bbox 839 2636 960 2674; x_wconf 89' lang='lat' dir='ltr'><strong>neque</strong></span> <span class='ocrx_word' id='word_1_370' title='bbox 973 2629 1101 2660; x_wconf 86' lang='lat' dir='ltr'><strong>tamen</strong></span> <span class='ocrx_word' id='word_1_371' title='bbox 1116 2621 1169 2659; x_wconf 89' lang='lat' dir='ltr'><strong>eis</strong></span> <span class='ocrx_word' id='word_1_372' title='bbox 1183 2629 1285 2660; x_wconf 88' lang='lat' dir='ltr'><strong>recte</strong></span> <span class='ocrx_word' id='word_1_373' title='bbox 1301 2629 1339 2659; x_wconf 92' lang='lat' dir='ltr'><strong>et</strong></span> <span class='ocrx_word' id='word_1_374' title='bbox 1352 2623 1519 2672; x_wconf 89' lang='lat' dir='ltr'><strong>gratuito</strong></span> <span class='ocrx_word' id='word_1_375' title='bbox 1531 2623 1734 2674; x_wconf 84' lang='lat' dir='ltr'><strong>legationis</strong></span> 
     </span>
     <span class='ocr_line' id='line_1_41' title="bbox 275 2683 1732 2735; baseline -0.003 -7"><span class='ocrx_word' id='word_1_376' title='bbox 275 2690 391 2729; x_wconf 86' lang='lat' dir='ltr'><strong>obitae</strong></span> <span class='ocrx_word' id='word_1_377' title='bbox 411 2689 497 2725; x_wconf 85' lang='lat' dir='ltr'><strong>laus</strong></span> <span class='ocrx_word' id='word_1_378' title='bbox 517 2686 732 2731; x_wconf 86' lang='lat' dir='ltr'><strong>accederet,</strong></span> <span class='ocrx_word' id='word_1_379' title='bbox 761 2684 921 2722; x_wconf 87' lang='lat' dir='ltr'><strong>interfici</strong></span> <span class='ocrx_word' id='word_1_380' title='bbox 949 2697 1036 2721; x_wconf 85' lang='lat' dir='ltr'><strong>eum</strong></span> <span class='ocrx_word' id='word_1_381' title='bbox 1056 2684 1187 2734; x_wconf 88' lang='lat' dir='ltr'><strong>utique</strong></span> <span class='ocrx_word' id='word_1_382' title='bbox 1207 2683 1387 2721; x_wconf 88' lang='lat' dir='ltr'><strong>deceret:</strong></span> <span class='ocrx_word' id='word_1_383' title='bbox 1424 2684 1528 2734; x_wconf 90' lang='lat' dir='ltr'><strong>quod</strong></span> <span class='ocrx_word' id='word_1_384' title='bbox 1558 2684 1589 2721; x_wconf 90' lang='lat' dir='ltr'><strong>si</strong></span> <span class='ocrx_word' id='word_1_385' title='bbox 1608 2697 1732 2735; x_wconf 88' lang='lat' dir='ltr'><strong>neque</strong></span> 
     </span>
     <span class='ocr_line' id='line_1_42' title="bbox 274 2745 1734 2800; baseline -0.004 -10"><span class='ocrx_word' id='word_1_386' title='bbox 274 2754 373 2797; x_wconf 80' lang='lat' dir='ltr'><strong>haec,</strong></span> <span class='ocrx_word' id='word_1_387' title='bbox 386 2763 511 2800; x_wconf 89' lang='lat' dir='ltr'><strong>neque</strong></span> <span class='ocrx_word' id='word_1_388' title='bbox 530 2748 607 2792; x_wconf 86' lang='lat' dir='ltr'><strong>illa,</strong></span> <span class='ocrx_word' id='word_1_389' title='bbox 628 2761 706 2785; x_wconf 89' lang='lat' dir='ltr'><strong>non</strong></span> <span class='ocrx_word' id='word_1_390' title='bbox 723 2745 918 2797; x_wconf 78' lang='lat' dir='ltr'><strong>punietis?</strong></span> <span class='ocrx_word' id='word_1_391' title='bbox 948 2745 1038 2783; x_wconf 89' lang='lat' dir='ltr'><strong>Non</strong></span> <span class='ocrx_word' id='word_1_392' title='bbox 1055 2745 1346 2783; x_wconf 85' lang='lat' dir='ltr'><strong>reminiscemini</strong></span> <span class='ocrx_word' id='word_1_393' title='bbox 1360 2745 1451 2796; x_wconf 90' lang='lat' dir='ltr'><strong>quid</strong></span> <span class='ocrx_word' id='word_1_394' title='bbox 1464 2746 1501 2783; x_wconf 89' lang='lat' dir='ltr'><strong>in</strong></span> <span class='ocrx_word' id='word_1_395' title='bbox 1517 2746 1734 2784; x_wconf 90' lang='lat' dir='ltr'><strong>accusando</strong></span> 
     </span>
     <span class='ocr_line' id='line_1_43' title="bbox 272 2808 1733 2858; baseline -0.004 -6"><span class='ocrx_word' id='word_1_396' title='bbox 272 2813 474 2852; x_wconf 87' lang='lat' dir='ltr'><strong>Timarcho</strong></span> <span class='ocrx_word' id='word_1_397' title='bbox 495 2810 657 2849; x_wconf 79' lang='lat' dir='ltr'><strong>dixerit?</strong></span> <span class='ocrx_word' id='word_1_398' title='bbox 687 2809 848 2846; x_wconf 88' lang='lat' dir='ltr'><strong>Nullum</strong></span> <span class='ocrx_word' id='word_1_399' title='bbox 868 2820 955 2845; x_wconf 88' lang='lat' dir='ltr'><strong>csse</strong></span> <span class='ocrx_word' id='word_1_400' title='bbox 975 2821 1088 2845; x_wconf 87' lang='lat' dir='ltr'><strong>usum</strong></span> <span class='ocrx_word' id='word_1_401' title='bbox 1109 2808 1289 2854; x_wconf 87' lang='lat' dir='ltr'><strong>civitatis,</strong></span> <span class='ocrx_word' id='word_1_402' title='bbox 1316 2821 1401 2858; x_wconf 79' lang='lat' dir='ltr'><strong>quae</strong></span> <span class='ocrx_word' id='word_1_403' title='bbox 1430 2820 1568 2845; x_wconf 90' lang='lat' dir='ltr'><strong>nervos</strong></span> <span class='ocrx_word' id='word_1_404' title='bbox 1597 2814 1733 2846; x_wconf 89' lang='lat' dir='ltr'><strong>contra</strong></span> 
     </span>
     <span class='ocr_line' id='line_1_44' title="bbox 274 2868 1732 2920; baseline -0.005 -7"><span class='ocrx_word' id='word_1_405' title='bbox 274 2876 513 2914; x_wconf 79' lang='lat' dir='ltr'><strong>facinorosos</strong></span> <span class='ocrx_word' id='word_1_406' title='bbox 533 2885 609 2910; x_wconf 89' lang='lat' dir='ltr'><strong>non</strong></span> <span class='ocrx_word' id='word_1_407' title='bbox 638 2871 805 2908; x_wconf 87' lang='lat' dir='ltr'><strong>habeat:</strong></span> <span class='ocrx_word' id='word_1_408' title='bbox 842 2882 966 2918; x_wconf 88' lang='lat' dir='ltr'><strong>neque</strong></span> <span class='ocrx_word' id='word_1_409' title='bbox 987 2868 1222 2919; x_wconf 77' lang='lat' dir='ltr'><strong>reipublicae,</strong></span> <span class='ocrx_word' id='word_1_410' title='bbox 1241 2869 1383 2919; x_wconf 75' lang='lat' dir='ltr'><strong>inqua</strong></span> <span class='ocrx_word' id='word_1_411' title='bbox 1401 2868 1514 2906; x_wconf 87' lang='lat' dir='ltr'><strong>venia</strong></span> <span class='ocrx_word' id='word_1_412' title='bbox 1539 2875 1579 2906; x_wconf 90' lang='lat' dir='ltr'><strong>et</strong></span> <span class='ocrx_word' id='word_1_413' title='bbox 1598 2868 1732 2920; x_wconf 89' lang='lat' dir='ltr'><strong>depre-</strong></span> 
     </span>
     <span class='ocr_line' id='line_1_45' title="bbox 275 2929 1734 2987; baseline -0.004 -12"><span class='ocrx_word' id='word_1_414' title='bbox 275 2937 374 2975; x_wconf 79' lang='lat' dir='ltr'><strong>catio</strong></span> <span class='ocrx_word' id='word_1_415' title='bbox 395 2936 481 2987; x_wconf 88' lang='lat' dir='ltr'><strong>plus</strong></span> <span class='ocrx_word' id='word_1_416' title='bbox 501 2934 654 2973; x_wconf 84' lang='lat' dir='ltr'><strong>valeant</strong></span> <span class='ocrx_word' id='word_1_417' title='bbox 674 2931 842 2983; x_wconf 86' lang='lat' dir='ltr'><strong>legibus.</strong></span> <span class='ocrx_word' id='word_1_418' title='bbox 874 2930 1010 2981; x_wconf 87' lang='lat' dir='ltr'><strong>Neque</strong></span> <span class='ocrx_word' id='word_1_419' title='bbox 1032 2943 1098 2968; x_wconf 92' lang='lat' dir='ltr'><strong>vos</strong></span> <span class='ocrx_word' id='word_1_420' title='bbox 1120 2930 1379 2969; x_wconf 82' lang='lat' dir='ltr'><strong>misericordia</strong></span> <span class='ocrx_word' id='word_1_421' title='bbox 1399 2929 1538 2968; x_wconf 88' lang='lat' dir='ltr'><strong>moveri</strong></span> <span class='ocrx_word' id='word_1_422' title='bbox 1560 2938 1734 2981; x_wconf 81' lang='lat' dir='ltr'><strong>oportere</strong></span> 
     </span>
    </p>
   </div>
  </div>
 </body>
</html>
