1923 3149
276 185 352 221 356
661 179 882 219 CONTRA
913 179 1337 218 ANDROTIONEM.

277 295 334 315 una
351 284 401 313 le*
419 283 529 314 violata
545 283 585 312 sit
600 293 666 322 quae
683 288 778 319 vetet,
803 287 988 312 senatum
1026 282 1241 312 triremibu
1255 293 1269 312 s
1299 292 1376 312 non
1412 282 1545 311 saetis
1583 287 1722 320 petere

275 346 320 374 pr
332 345 357 363 ae
370 334 494 363 mium.
522 333 559 362 Id
576 343 648 363 vero
661 333 814 372 proprium
832 343 890 362 nou
913 338 961 361 est
982 332 1144 371 negotialis
1159 332 1385 362 constitutionis
1401 332 1439 361 ad
1457 332 1543 369 leges
1559 332 1724 362 contrarias

276 389 476 423 comparatae:
502 383 556 413 sed
579 383 682 423 legum
696 384 915 413 contrariarum
931 384 1086 413 duntaxat.
1109 383 1270 412 Sciendum
1286 388 1385 412 autem
1403 388 1462 418 est,
1476 393 1544 412 cum
1568 383 1629 412 dno
1655 389 1723 412 sunt

276 441 483 471 accusatores,
498 443 624 474 quorum
643 435 718 463 alter
735 439 782 464 est
798 439 868 464 nutu
894 436 1001 473 major,
1017 434 1046 463 ei
1060 433 1184 463 honoris
1202 434 1300 471 gratia
1316 434 1427 473 primas
1443 433 1472 463 in
1489 433 1606 472 agendo
1622 438 1725 471 paries

279 486 391 515 tribui:
425 486 505 515 sicut
523 489 554 515 et
568 485 619 514 hic
635 485 795 520 Euctemo,
811 489 843 514 ut
860 485 972 519 senior,
998 484 1098 523 primo
1115 484 1183 514 loco
1201 484 1281 513 dixit
1296 495 1303 520 ;
1326 484 1466 514 recitavit
1490 488 1589 513 antem
1615 483 1725 521 priuci-

277 536 372 575 pium,
394 541 426 566 et
450 546 550 566 causae
577 535 770 571 divisionem,
795 540 826 565 et
846 540 964 575 partem
991 535 1080 564 etiam
1098 534 1342 565 confirmationis.
1375 536 1435 564 Sed
1454 534 1621 568 Diodorus,
1638 533 1726 561 homo

275 589 427 622 indoctus,
443 598 460 617 n
476 588 682 617 Demosthene
698 587 818 625 accepit
832 587 908 617 banc
924 587 1111 617 orationem:
1135 591 1244 625 estque
1259 586 1481 625 denum-elogia,
1497 590 1528 615 et
1542 595 1578 615 en
1592 583 1727 614 continet

277 650 343 678 quae
360 640 505 669 Euctemo
522 637 728 676 praetermisit.

711 935 1300 990 DEMOSTHENIS

537 1099 850 1149 CONTRA
899 1099 1482 1149 ANDROTIONEM

882 1241 1144 1285 ORATIO.

340 1347 373 1386 1.
400 1350 764 1391 QUEMADMODUM
782 1347 985 1393 Euctemo‚
1002 1348 1230 1399 judices,ab
1246 1346 1490 1385 Androtione
1504 1351 1662 1384 vexatus
1677 1348 1733 1384 in-

275 1409 395 1459 juriis,
418 1409 530 1447 simul
547 1416 586 1447 et
599 1409 818 1459 reipublicae
834 1408 1128 1454 consulendum,
1149 1414 1189 1446 et
1208 1407 1456 1458 semetipsum
1470 1406 1733 1444 ulciscendum

283 1484 370 1508 esse
390 1470 599 1517 existimat,
619 1470 674 1507 sic
689 1469 789 1506 idem
812 1476 850 1506 et
866 1482 938 1520 ego
954 1470 1081 1507 facere
1097 1469 1281 1515 conabor,
1296 1468 1327 1506 si
1340 1467 1457 1505 modo
1472 1473 1619 1518 potero.
1651 1465 1734 1504 Etsi

282 1539 408 1568 autem
429 1530 657 1568 Euctemoni
676 1530 807 1567 multae
828 1538 865 1567 et
884 1541 1021 1580 graves
1040 1528 1284 1566 contumeliae
1314 1534 1451 1566 contra
1476 1540 1611 1565 omnes
1630 1527 1736 1578 leges

282 1592 394 1629 factae
416 1598 518 1636 sunt,
539 1605 595 1629 eae
616 1597 745 1629 tamen
766 1590 811 1628 iis
832 1590 1010 1641 negotiis,
1031 1602 1117 1640 quae
1144 1588 1236 1627 mihi
1255 1588 1413 1626 facessit
1426 1587 1631 1633 Androtio,
1647 1594 1737 1624 sunt

282 1653 459 1691 leviores.
491 1653 591 1690 Nam
611 1653 719 1690 illum
740 1652 896 1703 quidem
915 1658 953 1690 et
969 1652 1135 1703 pecunia
1154 1651 1319 1702 spoliare
1338 1663 1407 1701 per
1426 1650 1598 1695 insidias,
1611 1656 1651 1687 et
1668 1649 1736 1687 ho-

284 1727 375 1752 nore
405 1721 533 1752 vestro
565 1727 633 1764 per
661 1713 834 1764 injuriam
864 1713 1028 1765 dejicere
1065 1711 1239 1750 studuit:
1269 1725 1331 1750 me
1360 1718 1489 1749 autem
1520 1710 1737 1748 mortalium

283 1787 396 1813 nemo
423 1782 526 1813 tecto
558 1774 780 1825 recepisset,
811 1774 842 1812 si
872 1787 936 1812 vos
965 1774 1074 1811 istius
1103 1773 1323 1824 imposturis
1352 1773 1468 1811 fidem
1495 1771 1738 1809 habuissetis.

285 1836 521 1874 criminatus
540 1836 641 1874 enim
661 1848 723 1873 me
736 1843 796 1873 est
809 1835 891 1886 ejus
905 1835 1099 1880 facinoris,
1113 1835 1219 1885 quod
1233 1847 1346 1872 nemo
1359 1834 1474 1872 etiam
1486 1846 1596 1882 aequo
1612 1833 1738 1870 animo

285 1898 400 1943 dicat,
422 1897 493 1935 nisi
525 1897 637 1934 istius
664 1895 813 1942 similis,
831 1903 980 1947 patrem
1003 1908 1132 1932 meum
1151 1908 1238 1934 esse
1255 1907 1279 1932 a
1297 1895 1442 1945 meipso
1467 1892 1736 1931 interfectum:

285 1965 325 1997 et
355 1958 393 1995 in
406 1958 597 2009 judicium
617 1956 793 2002 adduxit,
825 1964 941 2007 atque
961 1956 1167 2007 impietatis
1197 1968 1305 1993 reum
1333 1954 1439 2001 fecit,
1461 1967 1539 1992 non
1565 1967 1640 2000 me,
1670 1955 1740 1992 sed

286 2029 464 2073 patruum
497 2034 638 2067 meum,
669 2020 707 2058 in
736 2021 838 2059 hanc
861 2021 1119 2059 sententiam:
1150 2032 1238 2058 eum
1268 2019 1382 2069 impie
1401 2019 1540 2063 facere,
1570 2018 1636 2067 qui
1660 2030 1740 2055 me-

288 2097 376 2121 cum
398 2083 711 2134 congrederetur,
742 2082 809 2122 tali
842 2082 987 2121 scelere
1016 2081 1241 2120 constricto.
1283 2080 1359 2123 Qui
1386 2080 1417 2117 si
1436 2086 1518 2117 tum
1548 2079 1646 2116 forte
1673 2079 1742 2116 da-

288 2151 444 2182 mnatus
464 2152 576 2190 esset,
598 2145 683 2196 quis
710 2144 904 2183 crudelius
929 2145 977 2181 ab
996 2143 1086 2188 isto,
1106 2155 1222 2193 quam
1242 2154 1329 2192 ego,
1347 2140 1504 2178 tractari
1523 2139 1742 2191 potuisset?

287 2206 385 2248 Quis
405 2206 507 2243 enim
535 2205 595 2242 vel
615 2206 774 2252 amicus,
794 2205 854 2242 vel
884 2204 1026 2255 hospes
1054 2216 1179 2242 meam
1201 2200 1521 2241 consuetudinem
1541 2213 1620 2238 non
1639 2200 1741 2238 refu-

288 2267 438 2317 gisset?
467 2267 565 2310 Quae
585 2267 719 2305 civitas
741 2266 887 2317 uspiam
913 2266 1085 2303 habitare
1107 2276 1237 2302 secum
1269 2275 1384 2314 passa
1407 2267 1510 2299 esset
1533 2260 1741 2306 hominem,

290 2330 326 2366 in
349 2329 526 2380 opinione
546 2336 623 2366 tam
654 2329 786 2367 nefarii
809 2327 966 2366 sceleris
997 2325 1232 2378 perpetrati?
1262 2324 1382 2362 Nulla
1410 2322 1595 2373 profecto.
1655 2323 1742 2374 Ego

290 2398 430 2435 autem,
451 2391 778 2441 quemadmodum
813 2391 848 2426 in
877 2402 922 2426 ea
947 2401 1066 2426 causa
1092 2401 1167 2425 non
1190 2386 1324 2437 paucis
1354 2384 1563 2430 sententiis,
1591 2384 1660 2422 sed
1689 2385 1743 2422 ita

290 2450 484 2488 luculente
515 2464 597 2488 sum
628 2464 651 2488 a
671 2451 777 2488 vobis
804 2450 1019 2494 absolutus,
1053 2455 1096 2484 ut
1127 2448 1298 2497 quintam
1329 2446 1401 2482 iste
1432 2452 1579 2495 partem
1606 2445 1742 2484 suffra-

290 2513 435 2563 giorum
458 2525 531 2549 non
553 2513 690 2550 ferret:
722 2512 775 2549 sic
797 2512 911 2548 istum
932 2517 1061 2547 vestro
1083 2507 1274 2558 praesidio,
1299 2513 1337 2543 et
1356 2519 1472 2550 nunc,
1501 2513 1539 2543 et
1565 2506 1604 2542 in
1628 2518 1741 2544 omne

290 2573 471 2622 deinceps
491 2579 642 2622 tenipus
662 2572 796 2609 ulcisci
817 2572 998 2609 conabor.

343 2638 380 2671 2.
410 2635 465 2672 Ac
489 2635 535 2671 de
557 2633 712 2684 privatis
727 2633 904 2683 neg-otiis,
925 2644 1010 2669 cum
1032 2630 1159 2668 dicere
1179 2630 1295 2679 longe
1311 2628 1423 2680 plura
1441 2640 1609 2679 possem,
1629 2628 1739 2665 omit-

290 2704 367 2734 tam
383 2709 391 2733 z
423 2696 560 2746 quibus
582 2701 708 2732 autem
728 2694 774 2731 (le
794 2694 904 2730 rebus
924 2700 962 2730 et
978 2692 1073 2729 actis
1089 2691 1171 2741 ejus
1189 2691 1225 2727 in
1242 2691 1375 2740 repub.
1394 2702 1496 2731 nunc
1511 2689 1741 2726 sententiam

290 2759 432 2802 seretis,
457 2771 524 2808 per
542 2770 627 2808 qum
648 2756 719 2794 iste
739 2755 844 2793 vobis
867 2767 942 2792 non
964 2765 1096 2804 parum
1117 2752 1259 2796 nocuit,
1285 2765 1450 2802 quaequc
1471 2750 1561 2787 mihi
1587 2756 1741 2800 praeter-

293 2820 441 2856 misisse
462 2819 562 2855 visus
578 2824 637 2856 cst
658 2817 862 2860 Eunomo,
884 2827 1046 2865 quteque
1064 2813 1186 2850 audiri
1202 2826 1224 2850 a
1238 2812 1347 2849 vobis
1362 2818 1533 2863 praestat,
1548 2823 1594 2847 ea
1609 2810 1741 2859 paucis

292 2890 333 2916 ntv
353 2881 550 2930 explicem,
572 2892 723 2929 operam
745 2877 858 2914 dabo.
901 2876 998 2925 Ego,
1018 2875 1048 2911 si
1069 2875 1221 2924 objecta
1240 2873 1398 2910 crimina
1426 2870 1586 2921 simplici
1613 2869 1743 2920 aliqua

293 2942 437 2978 ratione
460 2943 506 2978 ab
534 2942 608 2978 isto
639 2939 813 2978 excusari
833 2951 948 2989 posse
969 2936 1069 2987 apud
1092 2949 1159 2973 vos
1178 2935 1361 2980 viderem,
1389 2933 1437 2971 de
1459 2946 1503 2970 ea
1523 2931 1666 2969 nullam
1685 2931 1739 2968 sa·
