1923 3149
558 188 781 227 CONTRA
812 188 1198 227 TIMOCRATEM.
1528 190 1606 227 445

159 294 278 326 totam
298 288 422 339 legem
443 290 576 328 ordine
605 290 797 336 ostendat,
818 296 857 328 et
875 302 961 340 quoe
980 302 1064 327 eam
1084 296 1337 327 consecutura
1356 295 1459 335 sunt,
1479 290 1606 328 consi-

154 348 276 386 derari
295 351 473 399 patiatur.
507 350 604 387 Rern
626 351 724 389 enim
749 352 802 388 ita
821 363 861 388 se
884 350 1035 394 habere,
1061 356 1103 386 ut
1125 363 1197 400 ego
1217 350 1318 395 dico,
1339 363 1416 387 non
1447 357 1489 387 ut
1519 350 1605 396 iste,

157 411 367 460 reperietis.
413 411 524 455 Quod
546 412 662 461 igitur
680 411 730 449 ad
755 411 882 461 legum
913 410 1107 447 lenitatem
1129 418 1167 447 et
1186 411 1500 456 moderationem,
1518 425 1605 461 quae

159 471 261 519 plebi
281 471 329 508 sit
348 472 612 518 conducibilis,
633 473 782 517 attinet,
804 472 888 508 haec
908 470 1116 520 cogitanda
1141 479 1244 507 sunt.
1297 471 1384 508 Duo
1403 471 1606 517 habentur,

159 532 434 578 Athenienses,
457 545 598 583 genera
618 546 755 578 rerum,
775 539 929 582 propter
947 543 1043 581 quas
1063 531 1099 568 in
1120 530 1282 580 singulis
1303 532 1458 568 urbibus
1478 532 1606 583 legum

159 592 393 631 adminicula
419 594 675 644 requiruntur.
713 594 896 636 Alterum,
927 605 1006 642 quo
1038 592 1087 629 de
1117 591 1395 630 consuetudine
1426 593 1528 637 vitae,
1558 595 1606 631 de

157 654 434 699 contractibus,
455 655 504 691 de
534 654 689 704 privatis
710 654 888 704 negotiis,
913 660 1029 703 atque
1059 653 1157 690 adeo
1181 653 1228 691 de
1255 652 1540 691 consociatione
1569 663 1608 691 et

157 715 430 753 communitate
450 716 547 753 inter
573 728 643 752 nos
673 715 775 765 ipsos
807 714 900 764 quid
929 714 978 752 sit
1004 713 1196 764 agendum
1229 713 1521 752 constituimus:
1552 715 1607 752 al-

157 781 294 820 terum,
323 789 398 824 quo
428 784 542 826 paeto
571 775 837 826 unusquisque
870 782 1041 812 nostrum
1077 782 1232 825 paratus
1265 782 1304 812 et
1335 774 1498 813 affectus
1523 789 1608 813 esse

157 835 298 873 debeat
326 850 419 887 erga
451 837 738 888 rempublicam,
773 836 803 873 si
830 849 914 874 eam
947 836 1211 874 administrare
1240 835 1457 880 instituerit,
1489 849 1608 887 seque

155 909 285 934 curam
307 897 523 949 suscepisse
543 897 709 937 civitatis
737 898 973 948 profiteatur.
1013 897 1103 934 Illas
1128 897 1242 946 igitur
1268 896 1499 946 privatorum
1518 910 1609 935 con·

155 964 347 998 tractuum
368 959 488 1009 leges,
509 972 530 996 e
551 972 590 996 re
609 958 731 1008 plebis
748 964 820 1004 est,
835 971 920 996 esse
935 958 1039 995 lenes
1059 964 1098 995 et
1115 957 1302 995 humanas
1320 969 1328 994 ε
1359 964 1506 1004 eontra,
1521 971 1609 1008 quae

157 1019 195 1055 in
218 1019 461 1067 magistratus
481 1020 570 1058 latae
592 1025 695 1065 sunt,
714 1031 779 1057 eas
807 1032 893 1057 esse
921 1032 1027 1057 acres
1051 1025 1090 1056 et
1120 1031 1273 1056 severas
1299 1018 1408 1055 vobis
1440 1020 1608 1069 expedit.

157 1080 222 1117 Sic
255 1079 354 1117 enim
385 1081 600 1131 reipublicae
637 1081 914 1130 gubernatores
949 1093 1017 1118 vos
1054 1080 1212 1117 minime
1247 1078 1392 1129 injuriis
1429 1080 1609 1118 afficient.

156 1140 323 1179 Proinde
343 1155 430 1180 cum
446 1142 556 1179 istam
570 1154 728 1179 causam
743 1141 926 1187 adducet,
943 1140 997 1178 sic
1012 1140 1045 1177 ei
1063 1141 1272 1178 occurrite:
1300 1140 1410 1190 leges
1431 1153 1518 1177 eum
1538 1141 1610 1178 hu-

157 1216 289 1240 manas
305 1203 480 1249 reddere,
499 1216 575 1241 non
595 1202 665 1240 has
689 1216 775 1253 quae
795 1203 903 1240 vobis
924 1201 1179 1240 defendendae
1200 1201 1288 1248 sint,
1309 1201 1378 1239 sed
1397 1200 1497 1252 illas,
1522 1215 1610 1253 quae

155 1271 339 1301 terrorem
360 1264 646 1314 magistratibus
667 1264 868 1301 incutiant.

208 1327 274 1362 45.
306 1325 435 1362 Multa
454 1325 619 1363 dicenda
634 1332 835 1371 restarent,
856 1325 887 1362 si
902 1324 987 1375 quis
1007 1324 1211 1363 ostendere
1230 1324 1346 1362 vellet
1364 1325 1506 1370 omnia,
1524 1338 1611 1375 quae

155 1385 230 1423 iste
250 1386 472 1437 imposturae
486 1386 641 1437 fucique
656 1385 822 1423 faciendi
838 1399 968 1431 causa,
984 1386 1021 1422 in
1037 1386 1205 1423 medium
1221 1385 1407 1423 allaturus
1423 1392 1495 1423 est.
1533 1386 1611 1423 Sed

156 1447 325 1484 maxima
343 1459 416 1497 ego
436 1453 542 1497 parte
557 1446 711 1492 omissa,
733 1460 923 1484 summam
943 1459 1074 1484 eorum
1089 1460 1177 1497 quae
1196 1446 1367 1484 tenenda
1388 1447 1493 1485 vobis
1509 1454 1611 1492 sunt,

158 1508 381 1544 recensebo.
417 1507 671 1545 Considerate
691 1507 727 1544 in
743 1508 868 1545 verbis
890 1507 970 1557 ejus
986 1508 1177 1553 omnibus,
1198 1520 1439 1558 quaecunque
1459 1507 1611 1554 dixerit,

157 1567 330 1618 nunquid
350 1567 484 1605 afferre
502 1567 576 1606 tale
603 1575 732 1618 queat,
761 1581 836 1615 quo
867 1568 1020 1612 doceat,
1050 1567 1109 1606 fas
1136 1581 1235 1613 esse,
1261 1575 1305 1604 ut
1334 1567 1532 1618 legislator
1562 1569 1611 1606 de

157 1628 357 1679 praeteritis
377 1628 512 1666 eadem
542 1635 581 1665 et
601 1629 691 1679 jam.
711 1637 827 1666 antea
846 1629 1034 1666 absolutis
1061 1629 1142 1666 fieri
1165 1630 1316 1677 jubeat,
1335 1636 1451 1679 atque
1481 1629 1531 1667 de
1553 1630 1612 1666 in-

157 1690 349 1727 stantibus
369 1696 407 1727 et
427 1690 576 1727 futuris.
622 1690 720 1726 Nam
738 1703 823 1727 cum
839 1690 966 1727 omnia
985 1689 1023 1726 in
1043 1690 1129 1740 lege
1149 1690 1379 1741 perscripta,
1395 1690 1520 1741 turpia
1535 1690 1613 1729 sint

154 1756 195 1787 et
222 1751 364 1800 iniqua,
384 1750 456 1787 lioc
483 1751 652 1788 omnium
673 1750 969 1801 iniquissimum,
992 1757 1031 1788 et
1052 1750 1204 1801 legibus
1224 1751 1529 1788 inimicissimum
1556 1751 1611 1790 in-

154 1811 286 1848 seruit.
343 1811 457 1852 Quod
488 1811 518 1848 si
539 1825 664 1862 neque
683 1811 769 1860 iste,
789 1825 912 1861 neque
933 1812 1134 1862 quisquam
1157 1811 1253 1849 alius
1274 1812 1479 1850 ostendere
1501 1820 1610 1862 pote·
1650 1804 1653 1806 ’

155 1871 216 1917 rit,
234 1871 432 1909 sciendum
452 1872 539 1917 erit,
569 1872 799 1922 minimeque
819 1872 1085 1918 dubitandum,
1106 1886 1172 1910 vos
1195 1873 1346 1924 decipi:
1386 1880 1501 1923 atque
1523 1887 1609 1912 cum

157 1932 290 1970 animis
305 1933 441 1970 vestris
456 1933 718 1983 cogitandum,
738 1934 986 1984 quamobrem
1005 1934 1067 1971 isti
1083 1934 1241 1972 tandem
1263 1934 1312 1971 ad
1328 1934 1432 1971 hunc
1451 1935 1610 1973 modum

155 1994 255 2032 ferre
287 1993 411 2044 legem
432 1994 469 2031 in
489 2002 655 2032 mentem
675 1995 833 2032 venerit.
888 1995 977 2032 Non
1002 1995 1120 2045 gratis
1147 1995 1338 2039 nimirum,
1359 1996 1611 2043 Timocrates,

155 2055 281 2105 legem
301 2055 410 2092 istam
431 2055 565 2099 tulisti,
594 2068 672 2092 non
696 2068 790 2093 sane
812 2056 945 2105 gratis,
977 2070 1100 2106 neque
1128 2069 1247 2106 parva
1275 2056 1407 2106 utique
1434 2058 1611 2095 mercede

155 2116 387 2155 conductus.
432 2115 570 2165 Neque
590 2116 690 2153 enim
706 2116 821 2153 ullam
837 2129 996 2153 causam
1018 2116 1131 2153 aliam
1152 2116 1358 2153 ostendere
1372 2130 1506 2166 queas,
1523 2131 1610 2168 quae

155 2184 205 2214 te.
226 2176 274 2214 ad
303 2176 429 2226 legem
461 2176 574 2213 istam
602 2177 813 2227 rogandam
840 2177 1049 2227 impulerit,
1072 2176 1142 2214 nisi
1166 2183 1273 2214 tuam
1294 2177 1366 2214 diis
1391 2177 1552 2215 invisam
1573 2186 1612 2216 et

155 2237 387 2288 flagitiosam
406 2237 620 2275 avariciam.
670 2237 807 2288 Neque
826 2238 925 2274 enim
948 2237 1155 2281 familiaris,
1177 2251 1300 2288 neque
1319 2246 1525 2287 cognatus,
1544 2252 1612 2275 ne-

153 2312 229 2349 que
247 2299 482 2336 necessarius
502 2298 660 2336 istorum
675 2299 878 2349 quisquam
893 2298 961 2336 tibi
973 2299 1063 2336 fuit:
1084 2312 1210 2349 neque
1224 2299 1318 2336 illud
1333 2299 1460 2338 dicere
1474 2312 1610 2349 queaS‚

155 2367 195 2397 te
211 2359 523 2397 calamitosorum
545 2358 743 2396 hominum
763 2360 883 2396 vicem
906 2359 1116 2404 misertum,
1138 2367 1341 2410 propterea
1360 2360 1511 2397 illorum
1526 2374 1612 2398 sus-

156 2420 303 2470 cepisse
323 2420 600 2457 defensionem.
632 2420 769 2469 Neque
793 2420 893 2457 enim
914 2420 1018 2470 quod
1042 2420 1104 2457 isti
1120 2421 1240 2458 tribus
1256 2421 1424 2458 damnati
1441 2421 1610 2471 judiciis,

155 2481 221 2518 vix
247 2480 402 2518 tandem
423 2482 547 2519 coacti
565 2481 735 2519 debitam
762 2482 980 2531 reipublicae
1000 2481 1205 2532 pecuniam
1237 2478 1448 2527 solverunt,
1479 2482 1518 2519 id
1553 2483 1611 2520 in-

156 2541 276 2591 digna
290 2541 367 2591 pati
384 2541 506 2578 visum
521 2543 587 2579 tibi
605 2549 802 2580 est-nam
823 2542 861 2579 id
882 2542 1037 2592 quidem
1055 2549 1114 2580 est
1129 2543 1287 2592 indigna
1303 2543 1442 2589 facere,
1462 2556 1507 2580 ac
1520 2544 1612 2588 tale,

155 2601 262 2652 quod
275 2602 510 2639 iracundiam
529 2604 658 2652 potius
675 2609 840 2647 moveat,
863 2616 976 2653 quam
998 2603 1047 2640 ad
1067 2603 1365 2642 misericordiam
1389 2603 1612 2642 adhortetur

157 2687 221 2709 —,
234 2675 359 2712 neque
379 2675 470 2699 vero
484 2669 591 2700 tanta
611 2671 670 2700 est
689 2670 755 2700 tua
775 2671 914 2714 praeter
933 2671 1082 2701 ceteros
1102 2664 1323 2702 humanitas
1342 2671 1379 2701 et
1391 2664 1609 2709 clementia,

157 2730 200 2761 ut
218 2731 257 2761 te
279 2736 395 2760 unum
425 2723 608 2769 omnium,
629 2723 936 2761 calamitosorum
967 2725 1211 2774 potissimum
1231 2725 1467 2761 miserescat.
1521 2725 1610 2763 Non

157 2785 258 2821 enim
279 2783 452 2835 ejusdem
483 2790 543 2821 est
562 2783 717 2833 ingenii,
746 2784 1005 2822 misericordia
1025 2785 1165 2822 moveri
1196 2784 1464 2830 Androtionis‚
1488 2783 1610 2823 Glau-

157 2851 265 2891 cetae,
285 2851 324 2882 et
350 2844 562 2894 Melanopi,
594 2845 624 2881 si
655 2843 756 2880 furto
783 2845 913 2882 ablata
930 2846 1131 2883 restituere
1158 2851 1366 2894 cogantur:
1400 2857 1487 2882 cum
1521 2858 1609 2884 vero

157 2905 292 2944 horum
312 2905 547 2955 aliorumque
566 2904 704 2943 civium
724 2911 833 2943 tanta
858 2914 962 2943 esset
982 2905 1201 2952 multitudo,
1231 2917 1394 2954 quorum
1413 2905 1517 2943 aedes
1541 2919 1607 2945 ex-
