1923 3149
693 191 763 229 DE
793 186 1033 228 CORONA.
1516 181 1594 218 219

140 296 326 341 habebas,
346 295 450 345 quod
471 296 595 346 legem
622 293 905 332 trierarchicam
931 287 1188 327 labefactaris.
1245 287 1385 323 Verum
1406 297 1452 321 ne
1478 282 1595 321 alium

139 370 185 394 ex
212 357 287 394 alio
320 370 532 395 sermonem
556 355 710 394 trahens
730 356 778 392 ab
798 352 972 390 instituto
993 355 1135 387 memet
1153 348 1356 393 excutiam,
1376 346 1493 383 missa
1514 345 1597 381 haec

140 417 311 456 faciam(
354 418 469 469 Atqui
496 431 572 455 non
594 418 661 455 tibi
690 414 940 466 indigentiam
961 410 1155 449 obstitisse
1173 409 1378 459 quominus
1396 407 1597 457 pecuniam

140 480 179 516 in
212 492 331 530 remp.
366 479 573 525 conferres,
605 492 650 516 ex
670 478 730 515 his
758 475 999 527 perspicuum
1019 478 1091 519 est,
1110 471 1178 510 sed
1198 469 1304 521 quod
1322 469 1458 506 sedulo
1485 480 1598 505 cave-

141 554 214 586 res,
234 554 281 578 ne
302 540 395 591 quid
422 542 489 578 abs
518 547 555 578 te
575 541 696 585 fieret,
721 537 826 588 quod
853 535 896 574 iis
916 537 1074 574 obesset
1102 545 1266 583 quorum
1293 529 1446 568 arbitrio
1471 529 1601 566 omnia

141 602 179 639 in
213 602 411 652 republica
443 602 614 651 gerebas.
681 600 726 637 In
754 598 893 649 quibus
922 596 1039 648 igitur
1067 602 1108 633 tu
1136 595 1247 632 rebus
1272 592 1328 630 vir
1358 590 1464 629 fortis
1495 603 1535 628 es
1563 596 1601 627 et

144 665 301 715 quando
338 663 598 714 magnificus?
655 662 730 699 Ubi
751 667 887 700 contra
916 661 1033 699 hosce
1064 657 1206 709 aliquid
1228 654 1435 694 dicendum
1456 653 1518 700 sit,
1538 653 1601 690 hic

142 732 184 762 tu
214 725 445 763 clarissimus
467 737 575 771 voce,
596 724 801 763 acerrimus
821 736 863 761 es
884 723 1081 766 memoria,
1103 727 1209 769 actor
1228 718 1409 770 optimus,
1432 716 1602 766 tragicus

145 785 390 823 Theocrines.

198 847 262 883 98.
295 845 445 884 Deinde
466 846 655 884 clarorum
677 846 842 883 virorum
863 845 929 896 qui
952 844 1043 882 olim
1062 844 1219 881 fuerunt
1239 842 1474 880 mentionem
1493 839 1606 877 facis.

145 907 202 945 Ac
223 906 354 958 pulcre
371 906 482 944 facis.
541 907 804 944 Veruntamen
818 918 1063 957 nequaquam
1083 916 1237 955 aequum
1250 903 1605 947 est‚Athenienses‚

145 974 336 1019 occupata
361 981 407 1005 ea
431 981 508 1018 qua
528 981 595 1005 vos
625 968 832 1005 defunctos
855 966 1133 1017 prosequimini
1156 963 1440 1012 benevolentia,
1461 976 1521 1000 me
1541 961 1607 1012 qui

146 1030 343 1067 vobiscum
366 1030 451 1067 vivo
486 1042 573 1067 cum
612 1028 686 1066 illis
716 1041 947 1079 componere
979 1034 1018 1065 et
1042 1037 1280 1076 comparare.
1339 1024 1484 1074 Ecquis
1506 1025 1608 1062 enim

146 1091 364 1129 mortalium
385 1091 522 1137 nescit,
542 1089 637 1127 vivis
657 1090 833 1128 omnibus
862 1088 1008 1139 aliquid
1044 1088 1130 1139 plus
1161 1086 1337 1125 minusve
1366 1098 1610 1124 succrescere

147 1151 315 1197 invidiae,
331 1151 369 1188 in
390 1157 562 1189 mortuos
583 1158 710 1195 autem
731 1164 778 1188 ne
792 1150 1030 1188 inimicorum
1044 1148 1203 1200 quidem
1218 1148 1347 1187 odium
1361 1146 1609 1199 permanere?

149 1213 247 1250 Haec
269 1212 383 1262 igitur
403 1225 492 1249 cum
519 1212 571 1249 ita
604 1212 680 1249 sint
708 1219 847 1250 natura
879 1218 1114 1262 comparata,
1144 1224 1231 1248 cum
1264 1210 1310 1248 iis
1339 1210 1405 1260 qui
1430 1216 1519 1247 ante
1548 1223 1610 1248 me

148 1275 324 1312 vixerunt
341 1286 550 1324 componar
564 1286 637 1324 ego
650 1279 688 1311 et
702 1274 906 1324 spectabor
921 1272 936 1310 ἲ
994 1273 1154 1310 Minime
1172 1285 1181 1310 :
1216 1284 1307 1310 nam
1324 1283 1452 1321 neque
1461 1271 1611 1322 justum

149 1349 272 1386 neque
293 1347 449 1386 aequum
470 1342 543 1382 est,
572 1335 765 1380 AEschine,
786 1335 856 1373 sed
875 1340 1006 1373 tecum
1035 1340 1075 1372 et
1103 1346 1191 1371 cum
1211 1332 1346 1383 quovis
1367 1331 1440 1369 alio
1459 1331 1613 1369 illorum

149 1397 213 1449 qui
243 1403 310 1435 tua
334 1396 497 1435 consilia
518 1403 705 1446 tuumque
723 1396 812 1434 vitae
833 1409 957 1447 genus
977 1401 1265 1434 consectantur.
1321 1393 1443 1432 Simul
1462 1393 1501 1431 id
1520 1406 1614 1431 con-

150 1458 289 1497 sidera.
348 1458 485 1495 Utrum
500 1458 699 1496 honestius
720 1471 764 1496 ac
789 1457 923 1496 melius
943 1458 992 1495 sit
1017 1456 1255 1508 reipublicae,
1272 1462 1422 1507 propter
1442 1461 1612 1493 veterum

151 1520 354 1567 beneficia,
374 1533 462 1570 quae
492 1527 583 1558 sunt
614 1521 815 1566 immensa,
836 1534 908 1559 nee
940 1521 1063 1572 possit
1091 1518 1164 1556 dici
1196 1525 1353 1570 quanta,
1372 1531 1420 1555 ea
1437 1531 1524 1568 quae
1542 1517 1615 1555 hac

155 1589 271 1620 aetate
295 1582 545 1620 conferuntur
575 1582 726 1632 ingrato
756 1582 886 1620 animo
919 1589 959 1620 et
991 1581 1228 1621 contumelia
1259 1580 1484 1630 rependere,
1503 1592 1552 1617 an
1571 1579 1615 1617 iis

153 1643 345 1688 omnibus,
367 1643 432 1693 qui
457 1643 642 1681 benevole
663 1643 870 1694 quicquam
890 1642 1169 1695 praestiterunt,
1190 1641 1344 1679 honoris
1372 1640 1475 1692 apud
1499 1641 1618 1680 hosce

156 1710 194 1742 et
211 1704 461 1754 benignitatis
482 1705 647 1742 fructum
673 1705 867 1755 impertire
882 1704 898 1741 ἲ

199 1766 264 1803 99.
294 1764 463 1811 Atenim,
485 1766 516 1802 si
532 1766 624 1801 mihi
642 1765 715 1801 hoc
731 1778 886 1814 quoque
913 1764 1120 1802 dicendum
1142 1769 1211 1808 est,
1232 1775 1318 1799 mea
1337 1762 1430 1813 reip.
1453 1763 1616 1801 admini-

157 1826 326 1864 strandae
346 1826 443 1862 ratio
461 1837 671 1874 meumque
689 1818 929 1871 institutum,
951 1825 981 1861 si
1003 1824 1087 1873 quis
1108 1829 1212 1861 recte
1231 1824 1465 1870 consideret,
1487 1838 1619 1864 eorum

150 1888 222 1938 ,qui
241 1896 322 1924 turn
342 1885 601 1923 laudabantur
621 1886 799 1922 institutis
821 1891 1127 1923 consentaneum
1146 1897 1230 1922 esse
1243 1884 1423 1935 idemque
1444 1894 1621 1937 spectare

155 1948 377 2000 reperietur,
398 1954 505 1985 tuum
526 1952 653 1984 autem
673 1946 826 1984 illorum
846 1946 913 1997 qui
934 1952 1026 1984 tunc
1048 1946 1144 1984 tales
1160 1946 1259 1985 viros
1279 1947 1482 1986 calumniis
1502 1961 1620 2000 appe—

157 2011 318 2049 tebant:
348 2014 503 2047 constat
521 2008 621 2049 enim
649 2008 856 2046 nonnullos
891 2009 1004 2047 etiam
1036 2008 1109 2046 illis
1140 2007 1259 2047 fuisse
1278 2009 1527 2060 temporibus,
1555 2013 1620 2062 qui

160 2084 239 2109 suae
255 2070 380 2108 aetatis
399 2069 574 2107 homines
596 2069 904 2115 insectabantur,
930 2076 1079 2108 veteres
1115 2077 1242 2108 autem
1264 2070 1490 2116 laudabant,
1511 2073 1621 2110 mali-

160 2131 316 2184 gnitatis
331 2131 486 2182 plenam
506 2143 586 2168 rem
606 2130 848 2182 eandemque
868 2144 985 2182 quam
1008 2138 1048 2169 tu
1065 2132 1159 2170 facis
1178 2131 1378 2170 facientes.
1410 2133 1517 2172 Itane
1534 2147 1621 2173 vero

160 2194 273 2240 dicis,
302 2205 364 2230 me
398 2192 505 2230 nulla
534 2205 582 2229 ex
607 2199 715 2242 parte
748 2192 899 2230 illorum
937 2206 1023 2231 esse
1058 2193 1247 2231 similem?
1306 2194 1360 2232 At
1395 2202 1437 2232 tu
1476 2195 1622 2242 similis,

163 2254 370 2294 AEschine?
399 2261 441 2292 at
459 2255 573 2293 frater
588 2260 677 2292 tuus
695 2253 711 2290 ’.ἶ
739 2261 779 2292 at
794 2254 931 2304 aliquis
947 2268 994 2292 ex
1009 2255 1054 2292 iis
1075 2255 1138 2305 qui
1153 2268 1257 2292 nunc
1278 2262 1368 2292 sunt
1382 2257 1624 2295 oratoribus?

165 2318 249 2369 Ego
282 2316 475 2355 enimvero
506 2316 696 2354 neminem
730 2329 815 2355 esse
847 2317 922 2354 aio.
981 2316 1058 2355 Sed
1091 2330 1179 2355 cum
1211 2318 1444 2365 viventibus,
1465 2332 1488 2357 ο
1507 2320 1622 2367 bone,

165 2378 308 2430 nequid
327 2378 432 2416 aliud
452 2377 594 2424 dicam,
614 2377 806 2416 viventem
825 2377 1016 2416 contende
1048 2385 1087 2416 et
1113 2391 1199 2416 cum
1233 2379 1291 2417 sui
1324 2380 1443 2417 seculi
1461 2381 1625 2419 homini—

166 2441 254 2485 bus,
284 2448 327 2478 ut
357 2447 500 2479 caetera
531 2440 673 2488 omnia,
699 2448 851 2492 poetas,
885 2440 1037 2488 choros,
1065 2441 1309 2492 palaestritas.
1367 2441 1625 2490 Philammon,

168 2514 246 2539 non
265 2502 356 2552 quia
371 2501 525 2540 Glauco
538 2501 728 2553 Carystio
754 2501 918 2553 aliisque
946 2502 1140 2540 nonnullis
1161 2503 1365 2553 superioris
1385 2504 1458 2542 aevi
1473 2505 1627 2544 athletis

171 2569 252 2601 erat
270 2562 461 2609 infirmior,
489 2562 631 2601 ideirco
662 2563 743 2601 sine
776 2576 919 2601 corona
942 2576 988 2601 ex
1026 2563 1207 2615 Olympia
1225 2563 1420 2612 discessit,
1442 2566 1511 2603 sed
1538 2567 1628 2615 quia

172 2636 303 2663 eorum
322 2624 388 2674 qui
407 2629 600 2662 certamen
620 2638 752 2663 secum
772 2625 940 2663 inierunt
964 2625 1105 2676 optime
1125 2635 1379 2677 pugnaverat,
1401 2640 1543 2665 corona
1558 2628 1627 2666 do-

172 2693 285 2724 natus
300 2690 360 2724 est
377 2691 417 2723 et
434 2685 555 2723 victor
577 2686 860 2737 pronuntiatus.
915 2687 975 2724 Tu
993 2700 1147 2738 quoque
1168 2701 1228 2725 me
1255 2701 1343 2726 cum
1361 2689 1420 2726 his
1439 2688 1505 2738 qui
1526 2702 1629 2728 nunc

175 2754 266 2786 sunt
280 2746 494 2785 oratoribus
513 2746 695 2785 collatum
715 2755 862 2799 specta,
880 2755 1023 2794 tecum,
1052 2762 1140 2787 cum
1167 2762 1245 2799 quo
1264 2750 1338 2787 alio
1357 2750 1463 2787 voles
1483 2763 1530 2786 ex
1549 2764 1630 2788 om-

175 2809 313 2852 nibus;
344 2807 439 2846 nulli
454 2807 564 2845 cedo.
621 2809 794 2850 Quorum
808 2809 992 2856 omnium,
1008 2809 1100 2847 dum
1117 2809 1227 2860 sequi
1247 2809 1390 2860 optima
1409 2811 1629 2861 reipublicae

175 2872 331 2918 licebat,
346 2871 440 2909 dum
459 2877 653 2908 certamen
674 2870 722 2908 de
741 2871 899 2910 caritate
910 2873 1044 2924 patriae
1063 2872 1101 2909 in
1121 2872 1248 2910 medio
1266 2871 1433 2921 positum
1454 2873 1631 2921 omnibus

179 2939 274 2981 erat,
291 2945 364 2984 ego
381 2931 581 2970 utilissima
593 2931 755 2970 suadere
771 2939 990 2985 compertus
1006 2945 1103 2979 sum,
1117 2933 1289 2982 meisque
1304 2926 1467 2973 d'ecretis
1485 2941 1524 2973 et
1537 2934 1633 2987 legi-
