1923 3149
584 133 951 173 oLYN'rfflACA
985 135 999 171 1
1030 135 1118 186 (ιι).
1521 138 1573 172 25

105 249 190 275 esse
217 237 521 276 immensam—2
551 237 583 276 si
610 237 697 289 quis
726 245 856 277 autem
884 237 1087 278 modestus
1109 243 1177 277 aut
1201 237 1346 290 alioqui
1360 239 1416 276 vir
1429 238 1571 286 bonus,

105 298 368 349 quotidianam
384 300 472 337 vitae
492 299 828 351 intemperantiam
844 309 882 338 et
897 301 1118 339 ebrietatem
1133 307 1172 338 et
1183 301 1407 339 saltationes
1421 302 1571 340 obscoe-

102 374 173 398 nas
193 361 290 399 ferre
310 369 490 413 nequeat,
511 376 600 400 eum
622 363 765 413 negligi
792 369 831 400 et
848 364 956 401 nullo
968 376 1051 402 esse
1066 376 1240 401 numero.
1297 363 1480 414 Reliquos
1501 376 1568 401 au-

101 427 177 459 tem
198 423 335 472 quibus
359 424 595 462 familiariter
623 430 754 462 utatur
782 424 952 463 latrones
977 438 1064 463 esse
1092 431 1132 463 et
1158 424 1380 463 adulatores
1405 431 1445 462 et
1469 426 1570 477 ejus-

100 484 206 521 modi
235 485 426 532 homines‚
446 485 510 537 qui
529 486 705 524 inebriati
726 485 822 524 tales
843 487 985 525 saltare
1014 486 1238 526 saltationes
1269 499 1346 525 non
1374 494 1568 533 recusent,

101 545 236 594 quales
257 560 329 597 ego
349 560 451 585 nunc
482 548 586 598 apud
606 560 675 585 vos
706 548 834 586 dicere
854 561 1002 586 vereor.
1060 548 1316 600 Perspicuum
1336 554 1465 586 autem
1495 554 1564 593 est,

97 606 182 645 haec
198 621 283 646 esse
302 622 392 647 vera
408 621 418 647 ε
448 610 590 647 etenim
610 622 709 660 quos
728 610 816 648 hinc
834 623 967 649 omnes
987 611 1249 662 expellebant,
1269 616 1313 647 ut
1327 610 1450 647 multo
1468 622 1567 660 prae-

97 668 359 718 stigiatoribus
384 672 602 722 nequiores,
625 671 790 710 Calliam
816 672 934 710 istum
962 673 1165 710 ministrnm
1192 671 1391 723 publicum
1419 677 1458 709 et
1483 670 1567 722 ejus

98 730 251 778 generis
272 731 461 779 homines,
481 732 545 782 qui
563 732 734 770 ridiculis
755 733 804 771 de
823 734 939 772 rebus
969 734 1107 772 mimos
1131 740 1255 785 agunt
1284 734 1569 784 obscoenasque

94 791 308 830 cantilenas
323 793 361 830 in
381 794 537 832 sodales
556 806 646 832 suos
665 802 916 847 componunt,
929 796 1082 834 ridendi
1097 809 1232 843 causa,
1243 795 1316 834 hos
1332 801 1437 834 amat
1454 802 1494 834 et
1508 808 1570 834 se-

96 866 184 891 cum
203 854 335 894 habet.
393 856 506 902 Quae,
527 857 679 894 tametsi
699 869 817 908 parva
831 858 916 908 quis
931 859 1140 905 existimet,
1157 872 1301 910 magna
1319 865 1408 896 sunt
1427 864 1569 904 tamen,

97 916 369 965 Athenienses,
388 918 543 964 indicia,
570 918 602 956 si
620 918 705 969 quis
734 931 824 957 vere
850 919 1010 971 cogitet,
1030 920 1132 959 illius
1159 919 1302 971 ingenii
1327 926 1367 957 et
1389 919 1565 958 miseriae.

97 978 242 1016 Verum
260 978 345 1017 haec
362 992 468 1017 nunc
483 979 565 1031 ejus
583 981 829 1018 successibus
857 983 1137 1026 obscurantur;
1169 981 1486 1033 quandoquidem
1506 995 1569 1023 res

95 1041 276 1078 secundae
295 1054 478 1092 magnam
497 1042 574 1079 vim
593 1042 741 1080 habent
767 1042 818 1081 ad
845 1043 1082 1082 occultanda
1114 1051 1154 1082 et
1181 1045 1451 1082 obumbranda
1476 1045 1569 1083 talia

95 1103 257 1152 probra:
293 1108 332 1140 at
364 1103 395 1140 si
421 1103 578 1153 paulum
607 1104 822 1154 impegerit,
845 1110 926 1142 turn
947 1104 987 1141 in
1013 1117 1167 1142 omnem
1188 1106 1272 1155 ejus
1291 1106 1409 1143 vitam
1430 1113 1469 1144 et
1487 1107 1567 1144 for-

94 1171 208 1201 tunas
222 1163 446 1214 inquiretur.
479 1164 523 1200 Id
538 1163 642 1214 quod
657 1164 754 1215 ipse,
767 1177 854 1202 mea
873 1164 1028 1214 quidem
1044 1165 1240 1214 opinione,
1257 1166 1421 1210 videtur,
1438 1168 1565 1207 Athe-

94 1225 262 1269 nienses,
282 1225 389 1262 brevi
408 1231 647 1272 ostensurus,
665 1225 696 1262 si
715 1231 754 1262 et
775 1225 828 1261 dii
847 1230 1023 1261 annuent
1037 1230 1076 1261 et
1088 1237 1158 1262 vos
1171 1225 1324 1263 voletis.
1383 1227 1437 1265 Ut
1462 1229 1566 1267 enim

90 1287 131 1324 in
147 1287 369 1338 corporibus
387 1287 542 1332 nostris,
563 1287 655 1323 dum
674 1286 820 1332 valeas,
841 1285 987 1323 nullum
1014 1285 1111 1324 adeo
1127 1299 1287 1325 sensum
1307 1287 1451 1327 doloris
1471 1290 1565 1328 affe-

91 1356 181 1387 runt
199 1348 364 1399 singulae
387 1354 518 1398 partes
538 1346 758 1394 labefactae,
787 1347 845 1385 sin
863 1347 902 1384 in
920 1348 1097 1386 morbum
1118 1348 1313 1397 incideris,
1333 1351 1464 1389 omnia
1482 1366 1566 1391 mo-

90 1418 240 1455 ventur,
261 1411 342 1448 sive
361 1417 519 1460 ruptum
544 1408 594 1446 sit
614 1408 693 1447 sive
708 1409 884 1447 luxatum
914 1410 996 1448 sive
1025 1410 1120 1462 quid
1153 1411 1259 1450 aliud
1290 1412 1480 1462 vitiatum,
1508 1415 1565 1454 sic

92 1481 132 1510 et
159 1473 357 1511 civitatum
375 1479 414 1508 et
433 1477 699 1522 tyrannorum,
726 1471 814 1508 dum
836 1471 928 1511 foris
954 1472 1058 1510 bella
1078 1480 1232 1524 gerunt,
1258 1474 1427 1512 obscura
1446 1476 1563 1528 vulgo

91 1535 194 1572 mala
215 1540 318 1581 sunt,
348 1533 503 1584 quando
531 1540 661 1571 autem
682 1533 886 1572 finitimum
905 1534 1054 1573 bellurn
1081 1535 1310 1582 conseritur,
1332 1537 1464 1576 omnia
1482 1539 1564 1577 elu„

94 1603 269 1634 cescunt.

147 1660 185 1696 8.
217 1657 257 1695 Si
273 1657 360 1707 quis
381 1662 511 1694 autem
532 1661 714 1702 vestrum,
736 1656 1016 1702 Athenienses,
1039 1670 1085 1695 eo
1100 1657 1293 1696 difficilem
1316 1673 1404 1699 esse
1437 1673 1561 1714 oppu-

91 1725 212 1770 gnatu
233 1717 456 1769 Philippum
476 1717 686 1764 existimet,
706 1718 812 1769 quod
843 1718 1083 1756 fortunatum
1110 1733 1196 1757 esse
1213 1721 1361 1769 videat,
1389 1723 1510 1763 utitur
1528 1725 1561 1764 is

90 1780 249 1832 quidem
281 1779 396 1817 sobrii
428 1779 595 1818 hominis
625 1780 887 1831 cogitatione;
918 1793 1009 1818 nam
1035 1781 1201 1819 multum
1228 1782 1267 1819 in
1299 1784 1453 1823 fortuna
1477 1800 1561 1825 mo-

89 1842 209 1880 menti
230 1848 302 1888 est,
318 1854 364 1879 ac
381 1854 426 1879 ea
444 1841 573 1892 potius
596 1841 678 1879 sola
697 1842 735 1879 in
751 1841 930 1879 omnibus
950 1842 1171 1880 mortalium
1184 1845 1299 1882 rebus
1315 1845 1558 1888 dominatur:

90 1917 164 1954 ego
183 1910 328 1950 tamen,
349 1903 381 1941 si
399 1903 504 1954 optio
530 1903 623 1941 mihi
652 1904 777 1950 detur,
807 1911 952 1942 nostrae
984 1905 1091 1942 urbis
1126 1905 1333 1953 fortunam,
1351 1909 1470 1948 modo
1490 1925 1560 1951 vos

90 1966 163 2016 ipsi
180 1965 241 2002 vel
269 1965 471 2016 paululum
492 1965 619 2003 officio
640 1965 750 2016 fungi
770 1966 934 2012 velletis,
963 1965 1065 2005 illius
1099 1967 1265 2007 fortunae
1298 1972 1558 2020 anteferrem;

91 2027 212 2067 multo
232 2027 334 2065 enim
354 2027 484 2078 plures
505 2028 613 2065 vobis
634 2041 775 2067 causas
796 2028 847 2066 ad
865 2029 1035 2068 divinam
1054 2030 1362 2070 benevolentiam
1382 2035 1563 2076 obtinen-

89 2089 178 2128 dam
197 2089 322 2127 inesse
342 2089 468 2136 video,
499 2102 614 2140 quam
633 2089 701 2128 illi.
758 2090 903 2129 Verum
935 2092 1133 2138 sedemus,
1162 2098 1208 2130 ut
1238 2093 1386 2144 opinor,
1418 2097 1559 2138 otiosi:

89 2164 166 2190 non
186 2157 317 2202 potest
335 2157 478 2197 autem,
499 2150 566 2202 qui
584 2152 693 2202 piger
724 2158 797 2198 est,
819 2165 870 2191 ne
889 2154 1022 2192 amicis
1043 2154 1200 2206 quidem
1220 2155 1406 2194 mandare
1425 2166 1470 2195 ut
1489 2159 1559 2198 ali—

90 2214 183 2265 quid
199 2213 258 2251 sui
272 2226 394 2251 causa
407 2212 568 2259 faciant,
588 2213 732 2251 nedum
754 2227 848 2253 sane
867 2214 954 2254 diis.
1012 2215 1103 2254 Non
1117 2215 1308 2266 igiturest
1325 2217 1558 2270 mirandum,

88 2276 120 2314 si
141 2275 218 2321 ille,
239 2287 328 2313 curn
348 2275 431 2325 ipse
448 2274 589 2313 militet
609 2281 649 2313 et
665 2275 828 2323 laboret,
849 2283 890 2315 et
907 2276 1086 2315 omnibus
1106 2277 1222 2315 rebus
1236 2277 1399 2327 intersit,
1419 2287 1459 2319 et
1469 2283 1558 2321 nul-

85 2336 163 2374 lam
182 2336 243 2374 vel
263 2336 510 2374 occasionem
530 2336 590 2374 vel
610 2336 746 2375 horam
766 2339 1050 2388 praetermittat,
1069 2351 1142 2377 nos
1162 2346 1393 2379 cunctantes
1424 2349 1464 2381 et
1486 2344 1555 2384 de-

85 2404 192 2436 creta
221 2398 410 2437 facientes
430 2405 469 2436 et
499 2399 587 2449 quid
613 2399 695 2436 novi
720 2401 769 2436 sic
788 2399 1031 2438 sciscitantes
1051 2407 1222 2452 superet.
1279 2400 1366 2454 Ego
1398 2404 1556 2455 quidem

86 2459 161 2497 hoc
191 2473 270 2497 non
289 2460 403 2497 miror
421 2473 430 2497 :
469 2461 705 2498 contrarium
737 2461 867 2512 potius
902 2461 1155 2500 admiratione
1187 2463 1350 2514 dignum
1382 2474 1501 2515 esset,
1523 2469 1555 2507 si

85 2521 179 2558 nihil
199 2521 350 2572 agendo
370 2534 456 2569 nos,
478 2522 582 2572 quod
608 2522 755 2560 bellum
773 2522 996 2573 gerentibus
1011 2525 1206 2571 convenit,
1218 2538 1306 2563 eum
1325 2526 1391 2577 qui
1409 2529 1554 2581 ubique

84 2583 212 2622 officio
231 2582 418 2632 fungitur,
436 2583 692 2622 vinceremus.
748 2583 854 2622 [llud
873 2590 1003 2623 autem
1022 2586 1201 2634 demiror,
1225 2587 1331 2638 quod
1351 2601 1440 2627 cum
1463 2591 1555 2631 olim

81 2658 151 2683 vos
173 2643 490 2691 Lacedaemoniis,
512 2645 789 2693 Athenienses,
809 2660 877 2697 pro
896 2649 1070 2685 communi
1090 2648 1321 2687 Graecorum
1333 2649 1420 2701 jure
1440 2653 1552 2690 resti-

78 2707 212 2753 teritis,
233 2713 274 2744 et
295 2705 419 2744 multa
438 2718 540 2757 saepe
559 2708 709 2759 privata
728 2709 991 2747 emolumenta
1011 2723 1098 2761 quae
1129 2711 1296 2762 arripere
1327 2711 1438 2750 licuit
1465 2714 1550 2753 sitis

84 2769 293 2820 aspernati,
309 2775 430 2819 utque
450 2768 513 2805 alii
535 2769 600 2820 jus
622 2783 736 2807 suum
754 2771 983 2818 obtinerent,
998 2778 1146 2810 vestras
1168 2786 1262 2824 opes
1284 2773 1552 2824 impenderitis

82 2832 267 2871 tributum
287 2829 521 2870 conferendo
540 2839 580 2869 et
606 2832 776 2883 pericula
794 2845 864 2884 pro
883 2833 966 2872 aliis
999 2833 1171 2873 adieritis
1203 2834 1418 2883 militando,
1446 2849 1550 2877 nunc

806 2907 829 2932 E
