1923 3149
604 177 677 214 DE
709 177 886 216 FALSO
916 179 1273 219 TESTIMONIO.
1590 189 1668 226 493

210 278 358 317 ratione
378 280 586 324 consentit,
606 279 800 318 inimicum
822 293 932 318 suum
952 287 991 319 et
1019 282 1229 322 adversarii
1250 286 1404 324 fratrem
1425 288 1473 326 ad
1495 290 1667 328 testimo-

208 340 313 377 nium
335 340 475 378 falsum
495 341 701 378 dicendum
717 342 940 380 inscribere.
997 343 1098 380 Cum
1113 352 1242 382 autem
1257 346 1392 384 harum
1407 358 1667 390 rerum-testes

207 401 318 439 multi
339 402 437 446 sint3
467 414 544 439 non
565 401 712 440 minora
727 403 839 442 nobis
856 403 972 441 etiam
986 411 1211 454 argumenta
1228 414 1452 457 suppetunt.
1510 412 1569 449 Ac
1589 412 1667 463 pri-

206 475 313 500 mum
332 463 405 501 nisi
425 476 471 501 ea
489 476 577 501 vere
598 464 840 511 affirmasset,
860 478 937 502 non
965 477 1068 503 nunc
1096 465 1253 503 demum
1279 476 1463 518 negaret:
1493 472 1562 510 sed
1583 481 1666 514 tum

207 524 337 561 statim
356 524 526 570 fecisset,
547 537 633 562 cum
656 525 693 562 in
709 525 860 575 judicio
881 526 1146 564 testimonium
1166 527 1372 578 legeretur,
1391 532 1456 568 ubi
1471 535 1596 584 magis
1610 535 1668 574 in-

205 585 346 623 ficiatio
377 598 493 636 quarn
526 598 632 623 nunc
661 586 696 624 ei
723 586 948 637 profuisset.
1007 587 1159 626 Deinde
1185 601 1264 627 non
1303 592 1562 641 conquiesset,
1596 597 1667 635 sed

204 646 395 685 actionem
414 647 637 697 injuriarum
664 654 802 686 contra
831 660 892 684 me
919 648 1159 696 instituisset,
1179 651 1286 701 quod
1313 666 1355 691 se
1383 653 1481 692 falso
1507 655 1599 694 dicti
1628 658 1666 695 in

205 708 360 746 fratrem
381 708 469 746 falsi
491 708 697 746 testimonii
724 722 831 747 reum
851 709 1053 748 fecissem:
1085 724 1163 762 quo
1178 712 1328 762 judicio
1347 721 1388 752 et
1411 717 1578 766 pecunia
1597 717 1666 756 ho-

202 769 347 806 minum
366 775 407 807 et
425 769 594 820 dignitas
612 770 747 820 agitur.
805 771 895 808 Jam
916 771 946 809 si
962 784 1043 809 rem
1058 773 1259 823 explorare
1280 781 1319 812 et
1337 776 1511 815 evincere
1528 778 1666 817 studu-

201 830 307 877 isset,
326 844 487 882 puerum
507 825 573 882 qui
593 832 813 870 testimonia
827 833 1032 883 scripserat
1052 847 1075 872 a
1093 847 1155 873 me
1173 837 1425 886 postulasset,
1447 845 1502 884 ut,
1522 853 1568 878 eo
1588 854 1666 879 non

202 892 357 939 tradito,
376 893 557 931 vanitatis
579 899 620 931 et
638 893 836 945 injustitiae
856 895 1118 934 convincerer.
1176 898 1293 935 Nunc
1310 905 1461 937 tantum
1481 901 1604 939 abfuit
1623 910 1667 940 ut

202 955 279 993 tale
298 955 507 1005 quicquam
527 955 675 1000 fecerit,
702 963 744 994 ut
766 969 841 995 nec
873 957 1052 995 tradente
1080 971 1156 1003 me,
1183 966 1390 1010 postquam
1415 960 1486 999 iste
1518 961 1665 1001 inficias

201 1017 282 1063 ivit,
312 1017 490 1068 accipere
520 1017 705 1056 voluerit:
737 1018 836 1056 adeo
859 1032 938 1057 non
972 1020 1099 1058 minus
1124 1020 1163 1058 in
1195 1020 1255 1058 his
1284 1022 1400 1059 etiam
1427 1024 1666 1073 quaestiones

201 1078 422 1116 formidant.
480 1079 579 1116 Haec
598 1085 643 1116 ut
661 1092 684 1117 a
702 1093 762 1118 me
782 1093 870 1118 vere
891 1081 981 1126 dici,
1004 1088 1120 1131 atque
1138 1095 1227 1120 eum
1247 1081 1352 1121 dicto
1371 1084 1471 1122 inter
1496 1085 1665 1137 reliquos

201 1146 322 1178 testes
342 1140 564 1178 testimonio
583 1153 662 1179 non
683 1155 851 1192 negasse
872 1142 956 1180 haec
975 1144 1014 1180 in
1029 1144 1103 1182 hoc
1123 1145 1301 1194 praetorio
1323 1146 1558 1195 adstantem,
1578 1161 1665 1186 cum

201 1201 466 1239 testimonium
493 1202 700 1252 legeretur,
720 1209 760 1240 et
791 1216 852 1241 me
885 1203 1053 1242 dedente
1078 1218 1244 1255 puerum
1276 1207 1535 1257 torquendum
1568 1209 1666 1256 istis,

199 1262 374 1314 accipere
392 1263 573 1311 noluisse,
590 1271 767 1309 constet;
799 1265 1022 1316 singulatim
1043 1267 1159 1306 etiam
1174 1268 1282 1306 vobis
1302 1275 1419 1308 testes
1439 1271 1664 1321 producam.

199 1324 372 1363 Accerse
391 1324 482 1363 mihi
501 1337 582 1364 eos.

826 1468 1042 1508 TESTES.

254 1567 293 1602 6.
326 1564 444 1608 Quod
463 1570 607 1612 autem,
627 1563 804 1612 Judices,
821 1564 993 1602 omnium
1009 1577 1142 1603 eorum
1162 1578 1248 1615 quae
1269 1565 1435 1604 diximus
1455 1567 1663 1608 evidentis-

199 1627 339 1665 simum
371 1628 526 1679 signum
550 1640 637 1666 esse
656 1634 754 1679 puto
780 1627 887 1678 quod
915 1627 1134 1666 declaretur
1154 1627 1239 1665 haec
1266 1628 1383 1666 istum
1403 1629 1661 1681 respondisse,

196 1689 237 1727 id
256 1689 443 1728 referam:
473 1702 562 1728 cum
579 1689 775 1728 hominem
795 1696 885 1740 post
903 1689 1183 1727 consessionem
1205 1702 1337 1727 eorum
1352 1703 1440 1741 quae
1455 1705 1478 1730 a
1497 1693 1663 1733 testibus

198 1752 304 1792 dicta
326 1760 418 1792 sunt
443 1766 466 1792 a
498 1766 559 1791 me
586 1752 817 1805 postularet,
844 1760 962 1803 atque
981 1765 1054 1803 ego
1075 1752 1184 1790 illum
1204 1752 1242 1789 in
1263 1765 1309 1790 eo
1333 1766 1487 1804 quoque
1515 1755 1661 1794 fraudis

195 1815 332 1853 vellem
349 1815 592 1862 convincere,
606 1815 700 1866 quid
715 1813 841 1853 facio?
867 1827 1036 1866 provoco
1057 1827 1145 1851 eum
1168 1814 1219 1852 ad
1236 1814 1446 1853 dicendum
1461 1816 1499 1853 in
1514 1816 1661 1855 Demo—

196 1890 284 1915 nem
304 1877 581 1926 testimonium,
595 1878 659 1928 qui
676 1883 837 1928 patruus
866 1877 950 1928 ejus
966 1883 1024 1914 est
1037 1884 1076 1914 et
1096 1876 1224 1914 socius
1244 1877 1491 1928 injuriarum;
1524 1885 1656 1929 atque,

195 1938 254 1977 his
283 1938 321 1976 in
351 1940 496 1990 scripta
521 1939 668 1984 relatis,
691 1952 738 1977 ea
762 1938 888 1976 dicere
913 1939 1035 1990 jubeo
1062 1944 1198 1976 contra
1225 1951 1313 1989 quae
1336 1952 1439 1977 nunc
1466 1941 1659 1979 actionem

194 2000 283 2037 falsi
298 2000 507 2038 testimonii
525 2000 704 2037 instituit.
761 2000 802 2037 Is
822 2012 913 2038 vero
932 2000 1096 2050 primum
1123 1999 1368 2050 impudenter
1387 2002 1569 2052 negabat,
1589 2003 1660 2041 sed

188 2061 352 2112 jubente
371 2060 514 2098 arbitro
533 2060 594 2098 vel
615 2060 744 2098 dicere
764 2060 827 2098 vel
847 2061 1009 2111 ejurare,
1030 2061 1232 2110 aegerrime
1260 2061 1518 2099 testimonium
1545 2063 1659 2103 dixit.

195 2122 329 2174 Atqui,
349 2122 511 2161 sihomo
531 2121 597 2159 ille
619 2134 753 2159 servus
773 2121 846 2158 fuit
863 2134 936 2159 nec
955 2121 1029 2158 iste
1048 2120 1210 2158 liberum
1226 2133 1313 2158 esse
1331 2121 1435 2171 prius
1454 2123 1658 2162 confessus

192 2192 291 2235 erat,
313 2183 406 2237 quid
437 2184 472 2223 ei
501 2183 642 2222 accidit
670 2190 715 2221 ut
739 2182 1002 2221 testimonium
1028 2181 1173 2220 diceret
1192 2183 1335 2233 potius,
1357 2195 1471 2233 quarn
1491 2183 1660 2234 ejuraret

192 2259 271 2298 quo
290 2246 449 2298 negotio
462 2244 721 2284 liberaretur?
750 2257 837 2282 cum
853 2244 1068 2295 praesertim
1085 2242 1134 2281 de
1149 2243 1210 2281 his
1230 2243 1346 2280 etiam
1362 2242 1502 2281 vellem
1514 2244 1657 2286 dedere

192 2322 356 2360 puerum
375 2308 580 2348 testimonii
603 2308 843 2359 scriptorem,
863 2306 929 2358 qui
949 2313 988 2344 et
1017 2319 1107 2344 suas
1137 2305 1268 2344 literas
1291 2305 1491 2356 agniturus
1514 2313 1598 2345 erat
1616 2315 1656 2346 et

191 2370 285 2409 satis
316 2369 543 2409 meminerat
569 2370 688 2407 istum
715 2368 864 2406 dixisse
890 2367 1169 2407 testimonium.
1225 2366 1276 2405 Et
1308 2367 1394 2405 haec
1413 2367 1549 2415 obtuli,
1576 2382 1655 2408 non

191 2431 354 2484 penuria
385 2433 541 2470 testium
568 2432 634 2483 qui
667 2430 1026 2469 affuerant—erant
1055 2430 1158 2468 enim
1187 2436 1397 2481 praesto—,
1429 2430 1499 2468 sed
1531 2443 1578 2468 eo
1610 2437 1656 2469 ut

192 2507 266 2532 nec
285 2493 477 2533 mendacii
495 2507 564 2532 eos
586 2493 863 2538 criminaretur,
895 2499 935 2531 et
958 2505 1092 2531 eorum
1119 2490 1218 2530 fides
1248 2492 1525 2542 quaestionibus
1545 2504 1651 2530 com-

189 2556 432 2606 probaretur.
487 2555 566 2599 Qui
593 2567 684 2594 vero
703 2554 818 2592 decet
835 2560 991 2605 propter
1011 2553 1126 2591 istum
1145 2551 1322 2590 damnari
1341 2558 1474 2599 testes,
1495 2552 1559 2602 qui
1577 2552 1651 2590 soli

190 2616 360 2654 omnium
380 2616 446 2666 qui
465 2628 638 2666 unquam
656 2616 696 2653 in
722 2615 847 2654 forum
867 2621 1056 2654 venerunt
1082 2615 1207 2665 ipsum
1232 2620 1498 2652 accusatorem
1518 2625 1649 2651 earum

190 2691 318 2717 rerum
338 2677 411 2716 sibi
430 2678 625 2716 exstitisse
644 2684 784 2717 testem
810 2676 1053 2716 ostendunt?
1082 2677 1140 2716 Ac
1158 2683 1202 2716 ut
1227 2689 1290 2716 me
1308 2688 1398 2714 vera
1414 2675 1541 2715 dicere
1556 2688 1648 2715 con-

189 2747 279 2789 stet,
297 2753 393 2792 cape
411 2740 725 2791 provocationem
744 2752 790 2778 ac
809 2739 1087 2779 testimonium.
