1923 3149
645 181 698 218 ΙΝ
733 180 999 218 APHOBUM
1035 180 1066 218 I.
1550 177 1627 211 483

164 287 288 324 minus
310 298 332 323 a
349 286 455 324 vobis
477 284 744 322 misericordiae
765 294 995 333 consequar.
1026 282 1154 321 Multa
1167 282 1343 333 equidem
1359 281 1540 319 haberem
1554 276 1630 316 alia

164 347 214 386 de
233 347 372 398 quibus
391 348 508 385 istum
533 356 782 384 accusarem:
813 343 883 382 sed
909 343 973 382 ubi
994 356 1113 381 unum
1135 343 1320 394 quiddam
1341 341 1558 380 summatim
1580 338 1628 377 de

163 409 344 448 omnibus
375 409 522 456 dixero,
550 420 683 445 omnes
717 406 800 457 ejus
831 403 1077 444 defensiones
1107 411 1288 443 evertam.
1348 403 1538 441 Licuisset
1569 399 1631 438 isti

165 470 349 509 molestiis
370 477 409 508 et
428 469 594 521 negotiis
614 468 673 506 his
701 480 832 506 carere
851 466 1042 513 omnibus,
1058 467 1089 504 si
1111 466 1267 505 domum
1288 467 1340 504 ita
1367 464 1421 502 uti
1443 464 1502 502 hae
1521 463 1630 513 leges

160 533 301 584 jubent
320 532 524 570 elocasset.
583 529 692 581 Cape
713 529 822 580 leges
842 541 886 567 ac
906 528 1040 566 recita.

795 683 982 722 LEGES.

170 781 318 819 Harum
352 781 483 830 legum
514 780 743 818 auctoritate
764 779 953 818 Antidoro
985 779 1034 817 de
1064 779 1185 816 tribus
1211 778 1367 816 talentis
1388 783 1427 815 et
1453 782 1510 813 ter
1530 774 1633 812 mille

170 841 364 880 drachmis
382 841 483 878 intra
503 840 732 879 sexennium
753 853 801 878 ex
820 840 1036 879 elocatione
1059 852 1125 879 sex
1144 839 1293 878 talenta
1309 845 1348 877 et
1369 837 1458 889 plus
1478 850 1524 875 eo
1544 841 1637 875 sunt

167 903 323 950 tradita,
340 909 379 940 et
390 903 476 940 haec
496 901 656 952 quidam
672 909 839 941 vestrum
858 902 1053 940 viderunt.
1112 902 1212 940 Nam
1232 901 1464 951 Theogenes
1487 898 1634 937 Proba-

168 965 290 1012 lisius,
307 965 371 1016 qui
387 965 544 1003 domum
561 965 644 1016 ejus
665 965 921 1012 conduxerat,
941 966 980 1003 in
1000 965 1086 1003 foro
1104 965 1308 1017 pecuniam
1330 963 1430 1002 hanc
1446 974 1633 1000 annume-

169 1028 282 1066 ravit.
311 1026 409 1064 Mihi
437 1034 565 1064 autem
586 1027 634 1065 de
654 1027 947 1078 quatuordecim
978 1027 1134 1065 talentis
1161 1026 1271 1064 annis
1299 1025 1495 1071 undecim,
1530 1023 1561 1061 si
1595 1029 1635 1061 et

167 1088 350 1141 temporis
369 1094 410 1126 et
428 1087 658 1126 elocationis
679 1088 779 1127 illius
798 1089 895 1127 ratio
914 1089 1119 1136 habeatur,
1141 1087 1255 1140 triplo
1273 1087 1361 1138 plus
1383 1084 1635 1125 emolumenti

164 1150 318 1189 nomine
349 1150 552 1188 debuisset
570 1151 770 1189 accedere.
828 1151 917 1189 Hoc
947 1164 1038 1188 vero
1061 1163 1129 1187 cur
1156 1162 1234 1187 non
1257 1149 1407 1195 fecerit,
1428 1147 1554 1198 ipsum
1577 1146 1633 1183 in-

166 1217 373 1263 terrogate.
432 1212 534 1251 Nam
551 1212 582 1250 si
602 1212 707 1251 dicet
730 1211 959 1263 praestitisse
987 1211 1147 1249 domum
1181 1223 1260 1248 non
1280 1210 1435 1256 elocari,
1455 1208 1639 1246 ostendat

169 1285 247 1311 non
268 1273 508 1324 duplicatum
527 1279 595 1311 aut
614 1273 848 1324 triplicatum
870 1286 956 1311 esse
970 1285 1098 1310 meum
1117 1272 1405 1324 patrimonium,
1425 1270 1494 1308 sed
1513 1270 1636 1321 ipsam

168 1334 357 1373 duntaxat
377 1342 518 1372 sortem
539 1335 730 1385 integram
745 1335 836 1372 mihi
852 1348 939 1373 esse
953 1334 1173 1373 restitutam
1190 1348 1198 1373 :
1223 1334 1281 1371 sin
1298 1333 1347 1371 de
1367 1333 1522 1370 talentis
1540 1344 1636 1382 quan

166 1396 381 1434 tuordecim
413 1395 505 1433 mihi
531 1408 603 1434 nec
623 1396 873 1447 septuaginta
903 1397 1027 1433 minas
1051 1395 1320 1442 reddiderunt,
1340 1401 1380 1432 et
1398 1393 1481 1444 ipse
1499 1405 1561 1430 me
1581 1392 1637 1429 in-

164 1451 288 1509 super
314 1458 387 1496 sibi
406 1458 549 1496 debere
577 1458 616 1495 in
647 1458 799 1496 tabulas
819 1458 963 1504 retulit,
984 1465 1044 1496 est
1063 1471 1111 1496 ne
1131 1456 1360 1509 accipienda
1380 1455 1460 1494 ulla
1478 1455 1638 1493 istorum

176 1518 409 1558 excusatio?
439 1519 601 1557 Minime
621 1520 810 1570 gentium.

229 1583 290 1621 15.
321 1582 457 1633 Itaque
473 1595 593 1633 quum
609 1582 701 1620 mihi
720 1589 870 1621 tantum
892 1582 1162 1634 patrimonium
1177 1582 1350 1620 relictum
1369 1580 1497 1623 fuerit,
1515 1590 1640 1629 quan-

172 1651 255 1682 tum
272 1643 459 1695 principio
475 1643 693 1690 audivistis,
704 1651 743 1682 et
757 1657 877 1694 quum
890 1646 975 1695 ejus
991 1644 1103 1682 tertia
1117 1657 1205 1695 pars
1221 1642 1506 1694 quinquaginta
1520 1639 1642 1676 minas

178 1705 345 1744 reditum
371 1705 485 1753 ferat,
515 1704 690 1756 quamvis
722 1706 858 1744 liceret
885 1706 984 1753 istis,
1011 1719 1175 1758 quorum
1196 1705 1390 1757 cupiditas
1417 1702 1565 1740 infinita
1584 1706 1646 1739 est

177 1774 294 1818 atque
317 1767 562 1814 insatiabilis,
583 1768 614 1805 si
643 1767 794 1806 elocare
829 1767 984 1805 domum
1018 1768 1248 1814 noluissent,
1268 1780 1315 1805 ex
1341 1765 1425 1804 istis
1445 1763 1644 1807 reditibus,

175 1829 284 1868 nulla
303 1842 343 1867 re
359 1835 464 1867 mota
483 1835 550 1867 aut
568 1835 730 1875 mutata,
750 1836 833 1867 tum
855 1843 926 1868 nos
945 1830 1060 1876 alere,
1075 1837 1154 1868 tum
1174 1829 1331 1881 publica
1346 1827 1449 1872 obire
1470 1837 1645 1869 munera,

177 1897 217 1928 et
247 1903 336 1940 quae
367 1903 414 1928 ex
442 1891 497 1928 eis
529 1891 772 1936 accederent,
805 1904 854 1929 ea
884 1891 1023 1942 *saltem
1051 1892 1100 1929 ad
1131 1890 1329 1930 cumulum
1350 1889 1528 1940 adjicere,
1550 1898 1645 1937 opes

178 1958 308 1990 autem
327 1951 511 2003 reliquas,
527 1965 615 2003 quae
633 1952 693 1990 his
713 1952 835 2004 duplo
850 1960 943 1991 sunt
958 1954 1136 2004 majores,
1152 1954 1205 1992 ita
1221 1952 1449 1991 distribuere
1458 1963 1507 1987 ne
1518 1953 1647 1986 essent

178 2013 332 2064 ignavae
351 2013 421 2051 sed
440 2020 688 2063 quaestuosae,
707 2021 752 2052 ut
781 2021 821 2052 et
838 2014 926 2066 ipsi,
950 2014 1139 2066 siquidem
1157 2014 1369 2067 cupiditate
1387 2011 1563 2063 pecuniae
1582 2023 1646 2048 ur-

182 2075 390 2124 gebantur,
404 2073 615 2112 mediocria
633 2074 723 2112 inde
743 2075 1002 2126 accepissent,
1029 2076 1200 2126 mihique
1220 2088 1308 2113 cum
1330 2080 1432 2112 sorte
1451 2086 1498 2111 ex
1516 2071 1647 2110 rediti-

179 2136 254 2172 bus
274 2147 353 2174 rem
369 2135 596 2173 familiarem
616 2136 828 2174 auxissent.
887 2137 1040 2184 Horum
1066 2136 1159 2173 nihil
1189 2136 1377 2181 fecerunt,
1405 2134 1473 2172 sed
1492 2132 1646 2185 optimis

184 2195 385 2247 mancipiis
405 2196 504 2234 inter
533 2209 573 2234 se
593 2196 815 2242 divenditis,
836 2197 991 2247 reliquis
1012 2210 1034 2235 e
1062 2196 1192 2235 medio
1213 2196 1386 2242 sublatis,
1406 2208 1512 2233 meos
1533 2194 1646 2233 etiam

182 2264 334 2295 veteres
365 2256 514 2294 reditus
548 2257 839 2303 destruxerunt,
858 2257 1104 2308 sibimetipsis
1138 2270 1217 2295 non
1238 2257 1451 2295 mediocres
1477 2256 1526 2293 de
1561 2267 1647 2292 meo

183 2324 468 2370 compararunt.
517 2318 539 2355 J
546 2331 607 2356 am
622 2331 709 2356 cum
726 2325 868 2357 caetera
887 2319 1000 2357 etiarn
1022 2319 1153 2357 omnia
1167 2319 1328 2370 turpiter
1348 2319 1445 2357 adeo
1460 2318 1648 2369 ceperint,

182 2380 438 2418 communiter
458 2380 661 2431 ambigunt
680 2380 768 2430 plus
789 2380 947 2418 dimidia
965 2381 1144 2432 pecuniae
1165 2387 1272 2432 parte
1293 2379 1386 2418 mihi
1406 2394 1453 2418 ne
1472 2379 1649 2418 relictum

182 2441 339 2491 quidem
358 2453 460 2487 esse,
494 2441 563 2479 sed
584 2448 768 2491 tanquam
800 2442 968 2493 quinque
994 2443 1184 2481 talentum
1213 2442 1407 2480 duntaxat
1434 2441 1511 2480 sint
1537 2454 1646 2493 opes,

183 2501 239 2540 sic
266 2502 435 2540 rationes
467 2501 517 2540 de
545 2503 590 2540 iis
624 2503 851 2550 retulerunt,
883 2504 1027 2542 reditus
1062 2517 1110 2541 ex
1142 2505 1196 2542 eis
1222 2504 1351 2542 nullos
1381 2503 1648 2547 ostendentes,

188 2578 314 2615 neque
333 2571 474 2604 sortem
493 2566 696 2606 manifeste
716 2567 1056 2612 demonstrantes;
1089 2568 1157 2606 sed
1187 2568 1273 2620 ipsa
1299 2567 1447 2619 praedia
1474 2575 1551 2605 tam
1578 2569 1649 2605 im·

188 2627 379 2678 pudenter
408 2627 616 2678 absumpta
648 2641 736 2667 esse
774 2629 1009 2668 dictitantes.
1067 2631 1204 2681 Neque
1234 2629 1349 2681 hujus
1381 2642 1447 2667 eos
1478 2628 1650 2666 audaciae

190 2687 323 2739 pudet.

245 2749 307 2787 16.
335 2747 553 2794 Enimvero,
573 2750 667 2800 quid
687 2750 777 2788 mihi
798 2751 1018 2800 accidisset,
1046 2753 1076 2790 si
1099 2752 1168 2790 sub
1190 2764 1321 2789 eorum
1350 2750 1473 2788 tutela
1492 2750 1650 2787 fuissem

192 2808 367 2849 diutius?
397 2809 442 2847 Id
461 2823 509 2848 ne
538 2810 668 2849 dicere
687 2811 842 2862 quidem
867 2820 1062 2864 poterunt.
1121 2814 1221 2850 Nam
1242 2825 1358 2862 quum
1378 2811 1512 2849 decem
1542 2810 1651 2848 annis

190 2871 411 2922 praeteritis,
433 2872 481 2910 ab
497 2871 581 2910 aliis
603 2879 681 2910 tam
701 2886 828 2924 pauca
848 2876 1071 2927 receperim,
1093 2875 1157 2913 isti
1185 2874 1298 2911 etiam
1329 2874 1469 2911 debere
1493 2873 1562 2911 sim
1595 2873 1650 2910 in—

193 2932 375 2984 scriptus,
397 2946 446 2971 an
467 2946 544 2972 non
562 2934 755 2985 indignari
772 2934 927 2974 debeo?
958 2936 1126 2974 Omnino
1147 2935 1293 2974 clarum
1316 2943 1385 2982 est,
1406 2948 1479 2980 me,
1500 2934 1530 2973 si
1544 2935 1650 2974 anni-
