1923 3149
644 227 957 267 PHILIPPICA
988 229 1055 265 IV.
1505 228 1577 265 109

129 344 196 385 pro
215 332 406 385 Philippo.
465 333 601 384 Itaque
622 333 782 371 istorum
811 331 926 381 aliqui
947 345 967 369 e
987 331 1172 369 mendicis
1193 338 1349 383 repente
1377 331 1468 369 sacti
1487 337 1578 369 sunt

108 390 111 394 ’
127 394 287 438 divites;
310 408 356 432 ex
372 395 604 446 ignobilibus
620 401 660 432 et
677 393 865 440 obscuris,
881 392 974 430 clari
994 399 1109 442 atque
1125 392 1292 430 illustres
1310 406 1319 429 :
1342 405 1408 430 vos
1426 400 1574 435 contra,

128 467 149 492 e
169 455 282 493 claris
303 456 469 502 obscuri,
501 469 522 493 e
549 455 804 506 locupletibus
837 460 1021 503 egentes:
1051 466 1140 490 nam
1173 453 1392 504 reipublicae
1421 453 1577 502 quidem

127 528 221 567 opes
241 530 314 568 ego
332 531 417 556 esse
437 517 626 564 existimo,
646 515 784 561 socios,
809 515 938 560 fidem,
965 514 1286 560 benevolentiam,
1317 527 1480 564 quorum
1509 528 1578 552 vos

127 578 299 616 omnium
319 579 411 617 estis
432 579 590 629 inopes:
620 591 707 628 quae
727 577 818 627 quia
835 576 1047 627 negligitis,
1069 583 1109 614 et
1127 576 1176 614 ad
1196 576 1309 613 istum
1338 575 1494 611 modum
1515 589 1575 613 res

125 638 215 676 ferri
235 640 370 686 sinitis,
398 646 442 678 ut
467 640 531 678 ille
550 641 685 677 beatus
706 645 745 676 et
762 651 926 689 magnus
959 644 998 675 et
1016 637 1286 675 formidolosus
1312 644 1374 674 est
1399 636 1574 673 omnibus

128 698 277 738 Graecis
305 707 344 739 et
374 701 568 744 barbaris;
598 700 654 738 ita
680 713 746 738 vos
773 698 916 737 deserti
947 705 988 736 et
1021 698 1195 746 humiles,
1224 711 1350 736 rerum
1384 697 1576 734 venalium

126 762 302 801 ubertate
323 763 528 813 splendidi,
549 775 681 800 eorum
701 768 887 814 apparatu
907 774 994 811 quae
1013 773 1107 811 opus
1129 766 1238 799 erant
1254 759 1417 797 ridiculi.

184 824 244 860 17.
285 823 375 862 Non
412 831 540 862 autern
577 823 714 862 eodem
751 822 868 860 modo
897 821 1007 859 vobis
1040 828 1079 859 et
1110 821 1352 873 sibimetipsis
1386 819 1577 872 quosdam

125 890 297 922 oratores
325 885 525 923 consulere
556 884 691 922 video:
721 884 830 922 vobis
861 883 964 922 enim
999 881 1278 933 quiescendum
1309 895 1395 919 esse
1430 881 1577 925 dicunt,

126 946 274 983 etiamsi
288 947 479 985 violemini
497 963 507 992 3
535 947 606 998 ipsi
625 959 715 984 vero
732 945 834 997 apud
845 958 912 984 vos
928 945 1126 996 quiescere
1143 957 1220 982 non
1233 951 1408 995 possunt,
1425 943 1577 982 tametsi

126 1020 240 1045 nemo
259 1007 312 1046 eis
331 1009 504 1060 injuriam
526 1008 655 1047 faciat.
712 1009 944 1058 Quanquam
964 1007 995 1044 si
1012 1007 1098 1057 quis
1119 1007 1216 1045 citra
1229 1006 1443 1044 convicium
1457 1011 1578 1056 roget,

130 1068 205 1107 Dic
224 1069 329 1116 mihi,
348 1072 610 1121 quamobrem,
634 1083 722 1109 cum
752 1070 993 1121 exploratum
1020 1069 1177 1116 habeas,
1199 1069 1579 1115 Aristodeme,—-ne-

128 1142 192 1168 mo
212 1131 312 1168 enim
332 1132 422 1170 talia
437 1132 701 1182 ignorat,-—ut
720 1132 951 1183 privatorum
970 1131 1166 1169 hominum
1185 1131 1300 1169 vitam
1331 1143 1429 1176 esse,
1457 1137 1582 1168 tutam

128 1197 168 1228 et
186 1191 351 1230 otiosam
380 1199 419 1230 et
435 1200 545 1231 extra
563 1192 772 1244 perieulum
792 1193 957 1243 positam
975 1207 984 1236 ;
1014 1192 1070 1230 sic
1089 1205 1219 1231 eorum
1239 1193 1304 1242 qui
1322 1198 1523 1229 versantur
1543 1191 1581 1228 in

128 1252 338 1302 republica,
356 1253 681 1291 criminationibus
701 1255 907 1292 obnoxiam
935 1261 975 1292 et
1006 1254 1192 1292 lubricam
1212 1261 1250 1291 et
1270 1253 1581 1304 quotidianorum

128 1313 381 1352 certaminum
401 1321 439 1352 et
457 1314 642 1352 malorum
661 1315 831 1367 plenam,
851 1329 929 1353 non
949 1317 1119 1367 quietam
1141 1322 1179 1353 et
1197 1314 1374 1360 otiosam,
1394 1314 1462 1352 sed
1484 1314 1582 1364 peri-

128 1374 604 1427 culosam,amplecteriS?
632 1376 726 1427 quid
742 1377 1002 1428 respondeas?
1059 1377 1160 1414 Nam
1191 1377 1236 1421 si,
1266 1375 1369 1426 quod
1395 1376 1581 1426 optimum

129 1435 257 1474 dicere
277 1449 426 1487 posses,
447 1437 485 1475 id
504 1445 544 1476 te
559 1451 647 1476 vere
667 1438 792 1477 dicere
812 1439 1128 1485 concederemus,
1156 1444 1194 1476 te
1219 1437 1375 1483 honoris
1394 1443 1432 1474 et
1451 1437 1582 1487 gloriae

129 1498 258 1536 studio
278 1498 354 1537 ista
381 1499 508 1539 facere
535 1501 677 1546 omnia,
708 1500 871 1539 demiror
898 1501 1090 1552 equidem,
1110 1513 1179 1538 cur
1199 1500 1264 1537 tibi
1284 1499 1444 1537 istorum
1465 1512 1582 1537 causa

129 1560 305 1599 facienda
319 1575 406 1601 esse
420 1562 549 1600 omnia
568 1575 744 1608 censeaS,
759 1576 883 1614 neque
901 1563 1023 1600 ullum
1037 1563 1097 1601 vel
1113 1562 1281 1600 laborem
1295 1561 1356 1599 vel
1370 1560 1581 1612 perieulum

126 1623 385 1661 recusandum
402 1637 411 1667 3
442 1625 586 1675 reipub.
606 1631 732 1662 autem
754 1625 805 1662 sis
826 1631 971 1671 auctor,
990 1624 1075 1662 haec
1093 1637 1162 1674 per
1176 1622 1393 1661 socordiam
1415 1629 1456 1660 ut
1471 1623 1584 1660 amit-

130 1683 214 1721 tat?
270 1684 407 1734 Neque
427 1685 528 1723 enim
547 1685 641 1722 illud
665 1685 784 1732 dices,
803 1692 841 1723 te
872 1693 1045 1737 oportere
1077 1685 1115 1722 in
1149 1685 1282 1735 repub.
1312 1697 1397 1721 esse
1428 1684 1582 1734 conspi-

131 1758 261 1792 cuum,
275 1746 423 1797 reipub.
439 1746 583 1784 nullam
595 1754 875 1798 esseroportere
889 1747 992 1798 apud
1008 1746 1168 1784 Graecos
1183 1745 1422 1795 dignitatem.
1479 1744 1583 1786 Quin

131 1820 202 1844 nec
222 1807 317 1844 illud
337 1807 464 1853 video,
484 1808 630 1859 reipub.
651 1815 774 1846 tutum
796 1822 880 1846 esse
901 1821 1011 1846 suum
1029 1821 1141 1858 agere
1171 1806 1379 1857 negotium,
1400 1806 1467 1843 tibi
1484 1806 1583 1856 peri-

131 1869 320 1914 culosum,
341 1870 371 1907 si
391 1869 508 1907 nihilo
529 1870 663 1920 magis,
681 1882 796 1920 quarn
815 1870 892 1916 alii,
917 1870 1088 1907 curiosus
1108 1868 1173 1906 sis.
1230 1868 1312 1904 Imo
1332 1874 1485 1910 contra;
1516 1868 1585 1905 tibi

132 1943 180 1968 ex
197 1930 309 1968 factis
329 1932 403 1969 tuis
421 1938 460 1969 et
479 1931 700 1969 curiositate
722 1938 893 1969 extrema
911 1929 1131 1982 impendere
1158 1928 1340 1979 pericula,
1371 1928 1516 1978 reipub.
1537 1942 1585 1966 ex

132 1991 224 2030 otio.
281 1993 333 2030 At
349 1992 507 2030 hercule
528 1999 585 2030 est
610 1992 677 2030 tibi
710 1993 811 2030 avita
844 1999 883 2030 et
911 1992 1035 2042 patria
1067 1991 1198 2040 gloria,
1230 2003 1344 2041 quam
1378 1990 1444 2026 tibi
1473 1996 1602 2042 turpe¹

133 2053 246 2091 fuerit
264 2054 450 2092 amittere.
507 2053 745 2106 Reipublicae
765 2067 856 2091 vero
876 2053 1005 2091 omnia
1024 2054 1187 2091 obscura
1205 2059 1244 2089 ct
1261 2051 1443 2102 ignobilia
1464 2064 1486 2089 a
1506 2065 1586 2089 nia-

127 2115 276 2165 joribus
296 2115 559 2153 devenerunt?
616 2115 694 2153 Sed
720 2129 768 2152 ne
803 2115 877 2153 hoc
897 2115 1051 2166 quidem
1082 2115 1135 2152 ita
1169 2127 1209 2151 se
1241 2113 1379 2150 habet:
1409 2125 1496 2150 nam
1519 2114 1586 2151 tibi

135 2176 292 2226 quidem
312 2176 373 2213 fur
390 2184 498 2227 pater
517 2176 601 2223 fuit,
624 2176 655 2214 si
674 2178 730 2214 tui
749 2177 821 2214 fuit
840 2177 972 2214 similis
989 2190 998 2219 ;
1028 2175 1122 2227 reip.
1143 2175 1235 2212 vero
1255 2181 1396 2212 nostrae
1417 2176 1586 2224 ejusmodi

133 2241 300 2288 mqjores,
320 2240 440 2288 quales
460 2250 594 2276 omnes
614 2245 758 2276 norunt
777 2238 919 2284 Graeci,
937 2238 996 2275 bis
1018 2251 1038 2275 e
1059 2237 1232 2274 maximis
1253 2234 1431 2286 periculis
1460 2248 1483 2272 a
1515 2249 1584 2286 pa-

133 2299 253 2337 tribus
274 2299 413 2337 nostris
433 2299 564 2350 erepti.
624 2299 702 2336 Sed
722 2312 800 2337 non
819 2312 933 2350 aequa
953 2297 1186 2341 conditione,
1213 2309 1284 2334 nec
1310 2295 1470 2334 civiliter
1489 2309 1585 2334 non-

134 2360 228 2398 nulli
249 2373 339 2398 suas
359 2360 524 2398 rationes
549 2365 589 2397 et
607 2360 781 2411 publicas
798 2366 1082 2411 persequuntur
1099 2371 1108 2395 :
1138 2358 1202 2408 qui
1223 2357 1325 2395 enim
1346 2370 1497 2407 aequum
1514 2365 1585 2404 est,

134 2422 294 2459 istorum
324 2422 513 2472 quosdam
533 2435 553 2459 e
574 2434 730 2459 carcere
751 2433 989 2472 progressos,
1010 2420 1236 2470 semetipsos
1255 2418 1457 2469 ignorare;
1486 2432 1585 2457 rem-

134 2486 227 2535 pub.
248 2492 388 2531 autem,
420 2499 508 2537 quae
541 2486 690 2524 caeteris
719 2485 867 2523 Graecis
893 2485 1081 2522 hactenus
1110 2483 1274 2535 praefuit,
1309 2489 1348 2519 et
1375 2482 1585 2534 principem

134 2546 263 2585 locum
283 2548 457 2594 obtinuit,
474 2561 575 2585 nunc
594 2547 634 2585 in
648 2547 884 2585 obscuritate
902 2546 1004 2584 omni
1022 2553 1062 2583 et
1074 2544 1288 2582 humilitate
1305 2543 1477 2581 versari?

194 2610 256 2646 18.
285 2608 369 2646 Etsi
387 2616 514 2648 autem
534 2610 658 2647 habeo
681 2615 866 2660 praeterea
892 2621 979 2658 quae
1013 2607 1138 2645 dicam
1158 2605 1282 2643 multa
1299 2612 1338 2643 et
1368 2604 1416 2642 de
1444 2605 1587 2650 multis,

138 2671 338 2708 desinam:
358 2684 481 2721 neque
495 2671 596 2709 enirn
611 2670 771 2722 penuria
784 2671 987 2708 verborum
1002 2669 1060 2708 vel
1076 2681 1191 2713 nunc,
1212 2667 1273 2705 vel
1294 2679 1463 2718 unquam
1477 2666 1585 2712 alias,

136 2732 261 2770 malus
279 2731 368 2769 mihi
384 2744 510 2769 rerum
528 2745 614 2770 esse
628 2738 749 2770 status
767 2732 936 2776 videtur3
966 2730 1035 2769 sed
1050 2743 1137 2769 curn
1158 2742 1223 2768 vos
1238 2728 1437 2767 audivistis
1457 2726 1585 2764 omnia

136 2809 224 2847 quae
239 2795 460 2846 expediunt,
479 2801 519 2833 et
543 2795 582 2833 in
601 2808 647 2834 eo
666 2795 906 2842 consentitis,
924 2809 970 2834 ea
989 2802 1089 2833 recte
1109 2794 1199 2840 dici,
1218 2807 1296 2838 eos,
1316 2792 1379 2842 qui
1408 2791 1586 2828 intertur-

138 2859 230 2895 bare
250 2857 315 2895 illa
341 2864 379 2894 et
396 2863 609 2909 pervertere
629 2857 800 2902 student,
823 2870 870 2895 ex
897 2870 1008 2908 aequo
1038 2857 1077 2894 in
1108 2856 1183 2893 boc
1217 2866 1400 2892 consessu
1430 2851 1585 2896 auditis,

139 2932 227 2957 cum
247 2932 325 2958 non
346 2918 526 2970 ignoretis
548 2931 712 2962 e0s;-—e
734 2919 855 2971 primo
887 2919 987 2957 enim
1018 2917 1202 2969 adspectu
1225 2922 1330 2953 certo
1360 2912 1476 2960 scitis,
1499 2913 1584 2964 quis
