1923 3149
774 172 848 209 DE
879 170 1123 209 CORONA.
1571 175 1645 212 199

182 272 295 310 erat?
357 273 508 311 Nostin’
542 280 583 311 ut
614 287 715 311 nunc
743 280 949 319 staremus,
982 273 1317 323 congrederemur,
1356 275 1643 327 respiraremus,

184 333 308 371 multa
340 334 389 371 ad
421 335 586 373 civitatis
621 335 785 372 salutem
817 333 1034 385 spectantia
1066 334 1168 372 diem
1201 348 1319 372 unum
1350 343 1388 373 et
1421 337 1586 375 alterum
1608 344 1649 375 et

183 401 262 432 tres
300 396 536 434 contulisse:
567 404 660 434 tunc
700 403 896 440 autem-‚
924 408 1002 433 non
1037 402 1097 433 est
1129 408 1227 446 opus
1261 409 1307 433 ea
1335 410 1647 445 commemorare,

182 470 270 507 quae
302 472 347 495 ne
378 467 537 509 experta.
575 458 733 508 quidem
765 457 986 507 respublica
1014 464 1075 495 est
1105 458 1167 495 dei
1206 457 1372 506 alicujus
1410 460 1650 498 benevolen-

185 518 250 564 tia,
286 526 324 555 et
357 519 603 567 circumjecto
645 518 715 555 sibi
748 518 946 556 societatis
983 518 1082 555 illius
1113 519 1420 570 propugnaculo,
1452 533 1569 570 quam
1605 527 1646 558 tu

184 579 352 617 incusas.

238 643 301 678 58.
335 641 434 678 Sunt
454 653 541 679 vero
559 640 645 678 haec
677 653 764 691 quae
795 640 958 679 disserui
983 642 1112 680 omnia
1138 641 1189 679 ad
1220 654 1286 680 vos
1306 641 1648 694 directa,judiceS,

183 709 298 752 atque
318 702 368 739 ad
393 715 457 740 eos
475 702 541 753 qui
562 702 652 740 foris
671 702 960 740 circumsistunt
987 710 1103 754 atque
1136 703 1322 741 audiunt:
1353 717 1456 751 narn,
1475 705 1579 755 quod
1599 706 1649 743 ad

180 764 296 801 istum
312 763 467 813 quidem
489 764 730 814 despicatum
751 764 901 810 attinet,
919 765 1047 802 brevis
1067 771 1107 815 et
1126 765 1330 816 perspicua
1349 764 1544 804 suffecerit
1558 767 1649 804 mihi

184 824 319 862 oratio.
352 826 392 862 Si
412 825 513 863 enim
533 825 602 863 tibi
621 825 693 863 soli
706 839 753 862 ex
769 825 944 864 omnibus
957 826 1156 877 explorata
1169 834 1279 865 erant
1296 826 1439 874 futura,
1452 828 1649 874 AEschine,

183 898 271 923 cum
301 886 349 924 de
382 887 426 924 iis
455 887 694 925 consultaret
725 887 873 932 civitas,
900 893 981 924 tum
1017 901 1063 926 ea
1094 889 1304 939 praedicere
1331 890 1559 939 oportebat:
1590 892 1649 929 sin

183 948 288 986 haud
309 949 563 1000 praevidebas,
585 950 762 1001 ejusdem
789 957 829 988 tu
857 956 974 1002 atque
1005 951 1069 988 alii
1093 963 1180 989 reus
1202 965 1243 989 es
1263 951 1507 1002 ignorantiae,
1530 966 1649 1004 quare

181 1011 274 1062 quid
286 1019 346 1049 est
357 1011 462 1062 quod
477 1019 517 1049 tu
534 1025 595 1050 me
611 1012 739 1063 potius
753 1012 800 1050 de
815 1012 874 1049 his
895 1025 1057 1051 accuses
1073 1026 1187 1063 quam
1207 1026 1281 1064 ego
1301 1013 1369 1050 te?
1399 1013 1528 1052 Tanto
1546 1014 1650 1052 enim

183 1073 318 1111 melior
337 1087 410 1123 ego
433 1087 545 1125 quam
564 1080 606 1112 tu
623 1074 714 1112 civis
735 1074 864 1112 exstiti
893 1075 931 1112 in
961 1075 1006 1112 iis
1035 1075 1126 1126 ipsis
1157 1089 1244 1126 quae
1267 1075 1350 1126 jam
1379 1077 1648 1127 dico—neque

183 1135 273 1172 dum
296 1135 343 1173 de
359 1137 509 1173 caeteris
530 1136 748 1183 dissero—,
767 1136 873 1187 quod
888 1149 962 1187 ego
977 1137 1022 1174 iis
1042 1151 1129 1187 quae
1150 1137 1320 1174 omniurn
1337 1138 1517 1188 opinione
1543 1152 1648 1176 com-

184 1196 301 1233 moda
321 1196 553 1234 videbantur
572 1210 632 1235 me
652 1204 775 1235 totum
796 1197 950 1243 tradidi,
967 1198 1110 1236 nullius
1126 1199 1286 1249 periculi
1305 1200 1441 1250 privati
1461 1207 1566 1238 metu
1583 1208 1650 1238 aut

180 1264 357 1308 respectu
377 1259 530 1296 territus
548 1271 556 1295 :
587 1264 630 1296 tu
649 1271 740 1296 vero
761 1271 888 1308 neque
909 1259 985 1296 alia
1004 1258 1132 1297 dixisti
1162 1259 1222 1296 his
1251 1260 1518 1298 meliora—sic
1547 1262 1649 1298 enirn

181 1332 307 1369 neque
327 1320 420 1358 meis
434 1320 492 1357 usi
510 1326 715 1357 essent—n
723 1333 820 1370 eque
835 1320 1000 1371 teipsum
1015 1320 1053 1357 in
1068 1319 1127 1358 his
1143 1322 1370 1370 exsequendis
1381 1322 1463 1359 ulla
1482 1335 1528 1359 ex
1540 1330 1649 1373 parte

180 1382 313 1420 utilem
333 1382 544 1433 praebuisti,
566 1382 636 1420 sed
661 1382 766 1433 quod
787 1383 1048 1433 nequissimus
1073 1382 1236 1433 quisque
1265 1389 1304 1421 et
1324 1383 1648 1422 malevolentissi-

180 1456 266 1481 mus
286 1443 325 1481 in
345 1444 624 1495 rempublicam
644 1444 814 1490 fecisset,
827 1444 901 1482 hoe
921 1450 962 1481 tu
982 1444 1021 1480 in
1046 1444 1090 1482 iis
1117 1457 1205 1494 quae
1225 1445 1453 1484 accidebant
1474 1459 1648 1498 comper—

180 1510 243 1542 tus
259 1519 299 1543 es
320 1506 483 1549 fecisse;
516 1512 555 1543 et
583 1519 661 1543 uno
681 1513 853 1556 tempore
873 1506 912 1542 in
935 1505 1048 1544 Naxo
1071 1506 1282 1544 Aristratus
1298 1514 1337 1545 et
1355 1508 1393 1545 in
1410 1508 1539 1546 Thaso
1561 1509 1647 1546 Ari-

181 1568 328 1606 stolaus
350 1568 597 1606 inimicissimi
616 1569 731 1619 hujus
752 1567 917 1606 civitatis
935 1568 1226 1606 Atheniensium
1249 1570 1393 1608 amicos
1408 1571 1648 1623 injudicium

182 1637 335 1676 vocant,
356 1637 395 1668 et
414 1630 577 1668 Athenis
599 1630 804 1668 AEschines
825 1629 1129 1668 Demosthenem
1151 1638 1323 1669 accusat.
1381 1634 1503 1684 Atqui
1522 1634 1565 1678 is,
1587 1634 1649 1671 cui

183 1699 226 1730 ut
254 1692 486 1730 inclarescat
515 1692 741 1730 Graecorum
771 1691 1012 1730 calamitates
1043 1694 1349 1739 reservabantur,
1370 1695 1494 1745 perire
1522 1696 1650 1746 potius

181 1754 262 1806 ipse
281 1754 398 1792 debet
416 1768 533 1805 quam
554 1754 718 1792 alterum
732 1765 913 1791 accusare
930 1765 939 1791 ε
970 1760 1008 1791 et
1027 1754 1087 1791 cui
1106 1753 1243 1792 eadem
1259 1768 1344 1805 quae
1360 1757 1454 1806 reip.
1470 1756 1648 1795 hostibus

181 1822 357 1867 tempora
389 1816 628 1867 profuerunt,
662 1813 694 1853 is
733 1815 866 1865 nequit
898 1827 984 1852 esse
1012 1815 1203 1853 benevolo
1238 1816 1277 1853 in
1309 1817 1472 1867 patriam
1506 1818 1648 1856 animo.

182 1878 372 1916 Declaras
403 1878 443 1915 id
472 1885 514 1916 tu
546 1891 594 1914 ex
622 1877 702 1915 vita
735 1889 850 1928 quarn
881 1876 989 1922 vivis,
1011 1889 1058 1914 ex
1087 1877 1131 1914 iis
1162 1890 1250 1927 quae
1270 1877 1380 1923 facis,
1402 1892 1449 1915 ex
1469 1879 1514 1916 iis
1536 1881 1650 1917 rebus

181 1955 278 1992 quas
309 1941 422 1993 geris,
457 1954 633 1992 quasque
664 1953 743 1977 non
774 1938 874 1990 geris
904 1938 942 1975 in
975 1938 1187 1989 republica.
1247 1939 1482 1978 Proceditne
1505 1940 1651 1991 aliquid

181 2003 288 2053 quod
308 2017 328 2041 e
349 2016 389 2041 re
408 2009 537 2040 vestra
565 2016 651 2040 esse
670 1999 875 2039 videatur?
933 1999 1069 2037 Mutus
1091 2000 1309 2038 AEschines.
1367 2001 1569 2040 Ceciditne
1589 2001 1648 2039 in-

182 2066 384 2103 commode
415 2065 560 2115 aliquid
592 2072 631 2102 et
662 2063 826 2114 contigit
857 2063 973 2113 quale
1005 2075 1083 2100 non
1121 2063 1351 2114 oportebat?
1408 2064 1557 2102 Praesto
1591 2071 1650 2102 est

183 2128 386 2166 AEschines
402 2139 411 2164 :
440 2133 485 2165 ut
502 2133 615 2178 rupta
630 2133 669 2164 et
686 2125 886 2172 convulsa,
909 2125 941 2163 si
959 2124 1053 2175 quid
1072 2125 1163 2163 mali
1184 2138 1327 2177 corpus
1347 2126 1544 2173 invaserit,
1564 2133 1645 2164 tum

181 2195 485 2228 commoventur.

231 2253 296 2291 59.
328 2251 406 2290 Sed
426 2251 612 2303 quoniam
635 2250 799 2288 multum
820 2250 881 2287 ille
911 2249 950 2286 in
979 2249 1126 2287 eventis
1146 2263 1272 2287 rerum
1294 2250 1447 2298 insistit,
1467 2250 1563 2289 libet
1579 2251 1648 2290 ali-

181 2314 287 2364 quod
308 2314 436 2352 dicere
457 2313 562 2364 quod
583 2313 699 2350 etiam
718 2311 943 2350 incredibile
964 2311 1155 2349 videatur.
1214 2312 1271 2350 Ac
1297 2312 1403 2358 mihi,
1427 2326 1493 2364 per
1509 2313 1647 2351 Jovem

183 2389 317 2427 quaeso
338 2376 510 2427 deosque
529 2388 678 2420 omnes,
710 2387 823 2412 nemo
853 2373 953 2411 hanc
981 2374 1019 2410 in
1039 2373 1208 2411 dicendo
1228 2373 1504 2413 confidentiam
1526 2376 1646 2413 demi-

183 2445 299 2484 retur,
320 2438 390 2476 sed
408 2437 607 2483 benevole,
635 2436 675 2474 id
707 2436 813 2487 quod
832 2435 973 2482 dicam,
994 2435 1227 2473 consideret.
1286 2436 1326 2473 Si
1345 2436 1447 2474 enim
1468 2437 1647 2475 omnibus

185 2498 391 2537 manifesta
414 2499 577 2537 fuissent
594 2511 641 2536 ea
659 2511 745 2549 quae
777 2503 888 2535 erant
913 2496 1057 2543 futura,
1078 2496 1107 2535 si
1127 2497 1416 2548 praescivissent
1442 2512 1588 2544 omnes,
1610 2506 1648 2537 et

182 2567 224 2599 tu
245 2560 505 2612 praedixisses,
526 2560 723 2608 AEschine,
743 2567 781 2598 et
811 2561 1028 2598 obtestatus
1058 2572 1167 2597 esses
1198 2559 1401 2598 clamitans
1431 2573 1476 2599 ac
1505 2560 1647 2598 vocife-

182 2637 284 2669 rans,
297 2622 362 2673 qui
380 2636 428 2660 ne
445 2622 599 2660 locutus
619 2622 774 2673 quidem
795 2635 850 2668 es,
870 2634 918 2658 ne
940 2621 994 2659 sic
1010 2621 1166 2672 quidem
1183 2621 1327 2659 civitati
1349 2623 1396 2659 ab
1415 2622 1474 2659 his
1490 2622 1648 2659 consiliis

183 2684 452 2723 desistendum
480 2684 565 2730 fuit,
586 2684 617 2722 si
637 2684 793 2734 quidem
809 2691 876 2722 aut
896 2683 1028 2735 gloriae
1057 2689 1126 2721 aut
1159 2683 1345 2734 majorum
1365 2691 1432 2721 aut
1449 2682 1565 2720 futuri
1587 2696 1646 2721 se-

184 2748 259 2786 culi
278 2748 466 2785 rationem
487 2746 659 2783 duceret.
719 2747 834 2784 Nunc
867 2746 1024 2797 quidem
1058 2745 1250 2783 decidisse
1271 2751 1420 2783 tanturn
1439 2744 1647 2795 propositis

183 2810 346 2856 videtur,
375 2807 481 2859 quod
499 2808 678 2845 omnibus
698 2820 901 2845 commune
921 2815 982 2845 est
1001 2807 1246 2851 mortalibus,
1266 2806 1331 2843 ubi
1353 2806 1406 2842 ita
1427 2805 1501 2843 deo
1521 2805 1646 2844 visum

183 2871 322 2909 fuerit:
351 2877 445 2908 tunc
465 2882 555 2907 vero
574 2882 621 2906 ea
634 2882 721 2919 quae
737 2869 996 2920 principatum
1012 2869 1083 2906 sibi
1098 2869 1136 2905 in
1155 2868 1250 2905 alios
1266 2867 1492 2914 vindicaret,
1503 2867 1646 2906 deinde

187 2933 234 2971 ab
253 2932 328 2971 hoc
347 2931 594 2977 descisceret,
613 2930 730 2969 totius
744 2930 908 2969 Graeciae
927 2930 1107 2981 Philippo
1126 2928 1289 2979 proditae
1307 2929 1460 2980 culpam
1481 2931 1646 2969 sustine-
