1923 3149
762 166 838 203 DE
868 163 1108 203 CORONA.
1586 168 1660 205 179

217 269 365 314 oportet
382 264 506 301 verbis
526 264 692 311 edoceri,
712 278 798 303 cum
825 280 864 304 re
891 267 970 304 sitis
987 267 1150 316 experti:
1181 266 1323 304 bellurn
1338 269 1436 305 enim
1452 269 1555 319 quod
1576 276 1655 307 tum

215 331 526 375 susceptumest,
547 333 796 376 praeterquam
819 328 921 376 quod
952 341 1131 377 magnam
1149 328 1256 365 vobis
1278 328 1436 377 gloriam
1455 343 1654 381 compara-

213 385 280 431 vit,
308 386 395 423 fecit
421 394 464 424 ut
489 387 616 424 omnia
634 401 719 437 quae
740 388 788 425 ad
807 389 920 425 vitam
942 388 1158 438 degendam
1180 390 1398 426 necessaria
1417 398 1560 428 suntet
1579 392 1653 429 lar-

213 447 306 498 giori
326 449 436 500 copia
454 456 493 486 et
524 449 642 487 viliori
675 450 795 500 pretio
824 450 929 487 vobis
952 458 1199 500 suppeterent
1231 463 1344 500 quam
1372 451 1410 488 in
1434 452 1505 489 hac
1538 466 1650 502 pace,

212 522 326 558 quam
347 509 407 546 isti
427 517 558 547 contra
582 510 740 560 patriam
767 517 919 547 tuentur
946 510 1090 561 egregii
1110 511 1211 548 cives
1230 523 1299 562 spe
1318 511 1482 561 quadam
1502 513 1650 551 futuro-

212 583 294 607 rum
314 570 483 616 adducti,
501 583 577 620 qua
601 571 744 607 utinam
773 571 1013 617 frustrentur,
1033 584 1157 622 neque
1173 585 1303 610 earum
1324 585 1448 610 rerum
1469 573 1544 610 sint
1562 587 1648 624 par-

209 630 342 681 ticipes
361 644 457 681 quas
472 644 539 668 vos
559 631 703 682 optima
720 631 846 669 studia
863 633 1054 682 prosecuti
1075 646 1097 670 a
1111 633 1180 671 diis
1199 633 1390 684 expetitis,
1402 647 1526 684 neque
1545 635 1652 672 vobis

210 705 256 730 ea
274 692 490 743 impertiant
508 705 593 742 quae
620 692 690 730 sibi
710 692 782 742 ipsi
800 692 1013 743 elegerunt.
1070 693 1208 732 Recita
1235 707 1323 732 vero
1348 694 1421 732 illis
1448 694 1650 746 Byzantio-

208 766 289 790 rum
302 760 339 791 et
357 753 636 792 Perinthiorum
657 766 829 801 coronas,
849 755 988 804 quibus
1003 762 1155 806 propter
1168 755 1252 794 haec
1270 755 1462 795 civitatem
1481 762 1648 794 nostram

203 822 442 854 ornaverunt.
1106 817 1112 828 '

561 921 859 960 DECRETUM
891 920 1304 960 BYZANTIORUM.

247 1013 503 1044 Hieromnemone
520 1015 711 1054 Bosporicho
726 1016 912 1053 Damagetus
927 1015 956 1044 in
969 1014 1117 1044 concione
1132 1016 1225 1044 verba
1242 1014 1327 1051 fecit,
1345 1015 1384 1045 de
1398 1018 1502 1044 senatu
1518 1015 1649 1054 rogatio-

204 1075 272 1094 nem
286 1064 406 1094 serens:
431 1065 579 1102 Quoniam
603 1065 736 1104 populus
754 1065 948 1095 Atheniensis
965 1075 1032 1094 cum
1049 1065 1256 1105 superioribus
1272 1065 1458 1105 temporibus
1473 1071 1651 1105 perpetuam

202 1124 276 1153 erga
288 1115 456 1154 Byzantios
473 1116 635 1154 sociosque
652 1121 683 1145 et
695 1121 839 1155 cognatos
856 1115 1038 1151 Perinthios,
1055 1116 1296 1146 benevolentiam
1313 1116 1418 1147 habuit
1433 1122 1464 1146 et
1478 1117 1573 1146 multa
1587 1127 1648 1146 ma·

201 1175 319 1204 gnaque
343 1166 441 1195 officia
464 1166 622 1204 praestitit,
641 1171 703 1195 turn
729 1166 819 1195 etiam
837 1166 895 1195 hoc
917 1170 1064 1204 tempore,
1077 1176 1144 1194 cum
1161 1166 1323 1206 Philippus
1345 1167 1474 1196 Macedo
1490 1167 1560 1196 huic
1576 1177 1649 1206 agro

201 1220 291 1255 atque
304 1216 371 1246 urbi
385 1216 497 1245 bellum
510 1216 633 1245 inferret
650 1227 687 1246 eo
703 1215 802 1245 animo
821 1220 853 1244 ut
867 1214 1034 1253 Byzantios
1044 1219 1075 1242 et
1088 1215 1265 1245 Perinthios
1279 1216 1414 1246 funditus
1423 1216 1550 1253 deleret,
1563 1228 1648 1247 cum-

200 1277 259 1306 que
275 1277 364 1307 agros
385 1266 527 1297 incendio
551 1271 582 1297 et
603 1267 732 1296 succisis
753 1264 912 1293 arboribus
929 1268 1076 1298 vastaret,
1092 1264 1198 1294 missis
1213 1264 1244 1294 in
1260 1266 1406 1295 auxilium
1424 1271 1560 1296 nostrum
1577 1278 1649 1297 cen-

198 1322 261 1348 tum
277 1322 307 1347 et
322 1316 431 1356 viginti
445 1317 571 1346 navibus
586 1326 654 1344 cum
673 1316 826 1344 frumento
844 1320 875 1343 et
895 1313 985 1343 armis
1001 1314 1150 1352 virisque,
1165 1315 1283 1354 magnis
1297 1326 1353 1345 nos
1368 1316 1514 1355 periculis
1537 1317 1648 1348 libera—

197 1368 253 1404 vit,
269 1373 299 1398 et
313 1368 468 1406 antiquum
483 1366 570 1396 nobis
597 1365 776 1404 reipublicae
802 1370 913 1394 statum
941 1365 1076 1394 restituit
1102 1370 1134 1394 et
1155 1365 1240 1404 leges
1265 1372 1297 1396 et
1324 1367 1467 1407 sepulcra
1488 1368 1651 1409 majorum,

198 1421 318 1459 placeat
332 1429 406 1458 ergo
422 1417 538 1457 populo
553 1416 706 1458 Byzantio
721 1421 753 1446 et
768 1416 940 1452 Perinthio‚
955 1416 1029 1445 dare
1040 1416 1275 1447 Atheniensibus
1285 1418 1337 1456 jus
1350 1418 1532 1448 matrimonii
1547 1421 1649 1450 nobis-

196 1481 265 1501 cum
279 1468 487 1503 contrahendi,
502 1467 634 1498 civitatis
651 1467 902 1502 commuuione-m,
926 1477 1067 1506 agrorum
1089 1468 1292 1507 domuumque
1314 1468 1569 1507 possidendorum
1592 1481 1648 1510 po-

196 1519 532 1560 testatem„principem
549 1519 578 1549 in
594 1518 810 1548 certaminibus
825 1519 936 1554 locum,
954 1517 1120 1556 ingressum
1141 1518 1170 1548 in
1199 1523 1334 1548 senatum
1359 1523 1389 1549 et
1412 1519 1442 1548 in
1469 1520 1646 1551 concionem

195 1573 302 1613 primis
316 1571 447 1602 omnium
462 1575 532 1610 post
546 1575 670 1610 peracta
685 1569 844 1603 sacrificia.
860 1575 922 1599 tum
939 1568 965 1598 si
989 1569 1040 1608 qui
1059 1569 1162 1599 volent
1177 1569 1207 1598 in
1222 1569 1278 1599 hac
1292 1570 1570 1601 urbe'jdomicilium
1585 1573 1646 1602 col-

195 1625 296 1654 locare
319 1622 357 1651 iis
383 1620 600 1651 immunitatem
627 1620 692 1649 dari
712 1620 844 1649 omnium
865 1619 1053 1648 functionum
1078 1619 1314 1657 imperatarum:
1340 1623 1455 1650 statuas
1471 1626 1570 1652 autem
1583 1627 1645 1653 tres

195 1673 355 1704 sexdecim
371 1671 540 1702 cubitorum
555 1671 588 1701 in
604 1671 818 1710 Bosphoricho
834 1669 919 1709 poni,
946 1680 1007 1709 quae
1029 1670 1193 1709 significent
1214 1670 1360 1709 populum
1386 1671 1601 1703 Atheniensem
1626 1685 1643 1704 a

195 1725 311 1765 populo
325 1724 472 1762 Byzantio
489 1727 520 1751 et
533 1721 688 1751 Perinthio
700 1722 838 1752 coronari
852 1732 858 1749 :
882 1720 960 1750 mitti
977 1725 1076 1749 autem
1089 1721 1222 1750 theorias
1238 1722 1275 1750 ad
1292 1722 1430 1751 celebres
1447 1723 1540 1753 totius
1557 1726 1642 1754 Grae-

193 1776 249 1806 eiae
265 1779 445 1809 conventus,
461 1772 601 1806 Isthmia,
619 1773 746 1811 Nemea,
763 1771 919 1811 Olympia,
935 1771 1055 1810 Pythia,
1071 1771 1175 1809 ibique
1192 1771 1354 1810 praedicari
1376 1783 1514 1809 coronas,
1532 1775 1642 1813 quibus

193 1825 327 1866 populus
345 1822 537 1853 Atheniensis
549 1832 567 1851 a
582 1822 669 1852 nobis
687 1827 735 1852 est
748 1823 890 1856 donatus,
906 1825 939 1850 ut
955 1826 1117 1859 perspecta
1133 1822 1172 1851 sit
1188 1821 1304 1851 Graecis
1317 1823 1456 1853 omuibus
1473 1829 1536 1854 tum
1551 1826 1640 1856 Athe-

194 1875 342 1906 niensium
355 1875 454 1905 virtus
471 1873 534 1904 tum
548 1873 766 1913 Byzantiorum
783 1871 1068 1909 Perinthiorumque
1086 1876 1191 1911 gratus
1207 1872 1336 1902 animus.

193 1952 330 1991 Recita
347 1958 386 1990 et
397 1963 558 1990 coronas
579 1963 602 1987 a
621 1948 923 1988 Cherrhonesitis
945 1947 1120 1986 donatas.

446 2097 754 2136 DECRETUM
784 2096 1249 2136 CHERRHONESITA
1257 2097 1390 2135 RUM.

235 2192 478 2225 Cherrhonesitae
498 2195 647 2231 quotquot
671 2191 805 2226 Sestum,
832 2191 1002 2226 Eleuntem,
1026 2192 1201 2231 Madytum,
1215 2193 1479 2230 Alopeconnesum
1493 2193 1639 2231 incolunt,

189 2250 325 2276 senatum
339 2243 546 2284 populumque
569 2241 784 2272 Atheniensem
809 2241 923 2271 donant
947 2252 1037 2272 aurea
1056 2252 1167 2271 corona
1191 2242 1339 2271 talentum
1368 2253 1425 2272 Lx.
1450 2248 1540 2282 atque
1556 2255 1636 2275 aram

189 2296 306 2327 Gratiae
321 2299 353 2326 et
366 2294 487 2333 Populo
502 2292 680 2324 Atheniensi
696 2296 850 2330 statuunt3
872 2293 954 2331 quod
970 2293 1214 2323 Cherrhonesitis
1224 2294 1335 2322 bonum
1348 2294 1493 2323 bonorum
1506 2295 1638 2326 omnium

190 2357 337 2378 summum
364 2344 524 2380 conscivit,
548 2343 660 2383 ereptis
683 2343 721 2372 iis
742 2353 782 2373 ex
806 2342 944 2382 Philippi
965 2343 1115 2378 manibus,
1142 2347 1173 2373 et
1197 2343 1304 2382 patria,
1331 2342 1463 2383 legibus,
1486 2345 1637 2383 libertate,

190 2397 288 2428 sacris
302 2396 464 2427 restitutis.
509 2397 618 2435 Neque
635 2404 764 2433 unquam
787 2404 844 2433 per
872 2394 976 2423 secula
998 2395 1099 2423 futura
1121 2393 1150 2423 ei
1172 2394 1284 2432 gratias
1300 2405 1390 2433 agere
1413 2399 1443 2423 et
1458 2405 1637 2436 quacunque

190 2448 306 2478 ratione
317 2451 461 2487 poterunt
477 2448 555 2477 bene
567 2447 606 2476 de
619 2456 655 2476 eo
665 2444 774 2476 mereri
789 2445 938 2475 desinent.
983 2446 1061 2475 Haec
1074 2445 1277 2474 decreverunt
1290 2445 1319 2473 in
1337 2445 1486 2475 communi
1497 2447 1637 2478 coneilio.

191 2533 326 2583 Itaque
342 2544 420 2569 non
433 2531 556 2569 solum
575 2537 618 2568 ut
632 2530 894 2568 Chersonesus
912 2536 951 2567 et
964 2529 1196 2581 Byzantium
1214 2535 1465 2575 servarentur,
1480 2531 1636 2570 Helles-

189 2601 331 2646 pontus
350 2605 395 2631 eo
426 2599 596 2643 tempore
619 2592 658 2630 in
676 2591 841 2643 Philippi
866 2598 1096 2643 potestatem
1116 2605 1164 2630 ne
1181 2591 1338 2637 veniret,
1354 2600 1486 2631 nostra
1503 2594 1636 2632 civitas

191 2655 251 2693 his
278 2655 326 2693 de
356 2653 482 2692 causis
506 2653 652 2691 honore
670 2653 897 2700 afficeretur,
916 2666 1004 2692 mea
1026 2653 1199 2691 instituta
1217 2666 1376 2704 meaque
1399 2655 1492 2705 reip.
1514 2655 1636 2693 admi-

190 2716 363 2755 nistratio
394 2714 649 2766 perfecerunt,
677 2714 746 2752 sed
778 2715 893 2752 etiam
929 2714 1104 2752 omnibus
1140 2714 1362 2752 mortalibus
1393 2715 1633 2765 perspicuam

190 2776 441 2816 reddiderunt
457 2774 619 2812 civitatis
637 2782 779 2812 nostrae
792 2776 1019 2826 probitatem
1040 2782 1079 2814 et
1099 2775 1263 2826 Philippi
1278 2774 1471 2813 malitiam.
1512 2776 1632 2815 Nam-

190 2851 265 2889 que
295 2838 341 2884 is,
369 2836 638 2889 Byzantiorum
659 2836 804 2893 amicus
824 2849 910 2874 cum
930 2843 1031 2875 esset
1051 2843 1089 2874 et
1107 2838 1248 2883 socius,
1269 2849 1334 2874 eos
1355 2842 1484 2875 tamen
1509 2851 1629 2891 oppu-

193 2911 310 2949 gnare
326 2899 373 2937 ab
393 2896 569 2936 omnibus
588 2896 909 2948 conspiciebatur,
928 2909 1004 2949 quo
1024 2897 1116 2947 quid
1147 2897 1293 2948 turpius
1313 2903 1380 2935 aut
1411 2899 1630 2939 sceleratius
