1923 3149
238 212 317 248 442
641 211 862 250 CONTRA
892 212 1279 251 TIMOCRATEM.

240 311 408 361 peditius
437 317 495 350 est
514 313 720 352 multorum
740 321 778 352 et
797 315 951 352 minutis
982 315 1019 353 in
1045 317 1172 362 rebus,
1198 328 1313 367 quam
1334 328 1548 366 <paucorum
1579 322 1618 353 et
1649 315 1687 352 in

238 371 390 422 magnis
411 372 712 423 delinquentium
733 375 928 425 suscipere
950 376 1187 414 inimicitias:
1219 390 1343 426 neque
1372 375 1594 427 popularius
1614 376 1687 413 sci—

240 432 343 477 licet,
374 433 640 478 multitudinis,
673 448 787 484 quam
819 449 1024 485 paucorum
1058 438 1298 486 quorundam
1329 444 1489 486 peccata
1518 449 1686 473 cernere.

242 491 320 529 Sed
344 492 382 529 in
401 504 518 531 causa
546 494 620 532 hoc
648 502 718 541 est,
740 496 843 546 quod
865 509 937 545 ego
957 496 1057 533 dico.
1090 496 1167 534 Vos
1188 497 1300 546 igitur
1319 497 1376 534 his
1397 496 1686 542 animadversis,

241 554 444 604 animoque
464 555 605 601 infixis,
627 558 844 607 quicunque
865 557 1050 607 peccarit,
1080 571 1166 595 eum
1193 559 1257 595 ubi
1283 557 1540 608 deprehensus
1562 557 1688 602 fuerit,

241 615 422 664 punietis,
450 629 572 666 neque
597 624 780 666 quantum
802 620 980 668 temporis
1007 619 1274 663 intercesserit,
1295 617 1599 663 considerabitis,
1619 616 1688 655 sed

241 684 366 714 utrum
388 677 480 714 talia
499 678 672 715 fecerint.
704 678 804 715 Nam
820 679 849 716 si
871 692 972 717 nunc
987 680 1106 730 eequis
1120 680 1248 717 feretis
1270 680 1404 717 animis
1427 693 1485 723 ea,
1501 692 1587 729 quae
1606 686 1687 716 tum

242 749 346 787 oegre
366 738 559 784 ferebatis,
585 751 652 789 per
678 739 913 776 iracundiam
941 740 1042 786 illos,
1073 753 1151 777 non
1172 742 1221 778 ob
1241 741 1361 778 saetas
1389 741 1495 778 vobis
1517 739 1690 790 injurias,

241 797 450 835 mulctasse
478 811 546 836 vos
567 799 769 849 putabunt.
812 799 912 836 Nam
937 800 1114 837 iratorum
1141 807 1212 846 est,
1234 814 1321 838 eum
1349 814 1372 838 a
1397 813 1473 850 quo
1504 800 1687 838 molestiis

242 857 368 895 affecti
390 858 479 905 sint,
499 860 627 897 subito
647 860 792 910 impetu
812 861 946 898 ulcisci
964 874 972 898 ε
1002 861 1195 907 laesorum,
1212 862 1520 912 quandocunque
1539 868 1688 900 sontem

241 918 346 956 nacti
366 918 519 963 fuerint,
541 926 622 958 tum
644 921 682 958 in
702 934 788 958 eum
808 921 1014 959 vindicare.
1046 922 1135 960 Non
1158 922 1272 972 igitur
1291 923 1415 968 decet,
1437 930 1479 959 ut
1498 936 1602 960 nunc
1621 923 1688 960 de·

239 978 351 1025 liniti,
363 987 444 1017 tum
458 980 547 1018 dato
555 981 804 1032 jurejurando
818 982 1009 1032 neglecto,
1029 983 1134 1021 vobis
1151 983 1242 1033 ipsis
1258 984 1466 1034 praeterjus
1482 990 1521 1021 et
1533 996 1688 1033 aequum

241 1039 444 1088 gratificati
465 1054 550 1080 esse
569 1042 796 1080 videamini:
828 1043 915 1081 odio
941 1043 1197 1094 prosequendi
1222 1052 1324 1089 sunt,
1350 1057 1476 1094 neque
1495 1044 1689 1083 audienda

240 1111 316 1138 vox
335 1106 395 1138 est
414 1113 545 1139 eorum
567 1102 632 1152 qui
652 1103 926 1153 rempublicam
949 1104 1021 1142 hoc
1042 1105 1156 1142 modo
1177 1110 1392 1155 gesserunt.

294 1162 360 1198 41.
390 1162 443 1199 At
462 1161 629 1209 hercule,
651 1165 689 1201 in
710 1164 769 1202 his
790 1165 881 1202 solis
911 1165 1168 1203 functionibus
1196 1165 1292 1202 tales
1322 1178 1407 1202 sese
1431 1165 1691 1215 praebuerunt,

241 1220 318 1259 alia
336 1235 426 1260 vero
440 1229 544 1269 sunt,
565 1237 653 1274 quae
673 1231 775 1262 recte
795 1225 1120 1263 administrarint?
1150 1225 1231 1263 Imo
1250 1226 1288 1262 in
1303 1225 1384 1263 aliis
1403 1225 1517 1262 rebus
1537 1225 1633 1263 tales
1651 1226 1690 1263 in

240 1294 310 1320 vos
337 1283 578 1329 exstiterunt,
597 1292 639 1322 ut
659 1286 708 1322 ob
728 1285 810 1323 haec
839 1299 926 1336 quae
953 1286 1168 1332 audivistiS‚
1193 1286 1349 1323 minimo
1369 1286 1444 1323 sint
1463 1286 1550 1323 odio
1570 1285 1689 1336 digni.

243 1341 348 1385 Quid
367 1344 469 1381 enim
490 1357 512 1382 a
531 1358 591 1382 me
611 1345 685 1383 diei
705 1346 848 1383 vultis?
878 1347 997 1385 Sacra
1024 1359 1117 1384 vasa
1144 1360 1221 1396 quo
1246 1346 1361 1384 modo
1385 1347 1612 1384 refecerint?
1642 1347 1692 1384 Et

242 1409 286 1441 ut
315 1416 478 1442 coronas
514 1405 802 1443 destruxerint?
831 1407 909 1443 Aut
928 1407 1145 1456 elegantem
1178 1406 1280 1443 illam
1313 1406 1527 1456 phialarum
1560 1407 1691 1445 confe-

243 1463 435 1502 ctionem?
465 1465 568 1502 Nam
587 1466 646 1503 vel
673 1467 722 1503 ob
741 1466 839 1510 haec,
865 1466 895 1503 si
916 1466 1022 1503 nulla
1041 1479 1080 1503 re
1104 1467 1177 1503 alia
1193 1467 1467 1516 rempublicam
1486 1467 1690 1514 laesissent,

242 1530 313 1570 ter,
326 1537 402 1562 non
416 1525 534 1563 semel
548 1525 638 1563 mihi
653 1526 926 1564 commeruisse
940 1533 1098 1564 mortem
1114 1527 1304 1564 videntur.
1325 1527 1424 1564 Nam
1439 1534 1476 1564 et
1491 1528 1693 1578 sacrilegii,

243 1591 285 1622 et
303 1585 521 1636 impietatis,
542 1593 582 1624 et
601 1587 817 1637 peculatus,
837 1595 877 1626 et
898 1588 1066 1625 omnium
1087 1589 1414 1626 atrocissimorum
1434 1589 1619 1627 scelerum
1637 1591 1692 1628 rei

244 1652 346 1684 sunt.
377 1646 503 1685 Multa
519 1647 637 1698 igitur
655 1660 703 1685 ex
721 1647 780 1685 his
801 1647 1052 1694 orationibus,
1074 1648 1212 1698 quibus
1233 1662 1300 1686 vos
1321 1650 1473 1699 decepit
1490 1649 1693 1696 Androtio,

244 1707 546 1756 praetermittam.
588 1707 667 1746 Sed
687 1708 778 1746 folia
806 1722 1032 1746 coronarum
1052 1709 1158 1746 fluxa
1177 1722 1259 1747 esse
1283 1717 1321 1747 et
1346 1716 1535 1747 vetustate
1561 1717 1692 1761 putre-

242 1767 347 1806 facta
365 1767 474 1815 dixit,
494 1769 605 1819 quasi
633 1782 721 1807 vero
742 1769 911 1807 violacea
931 1770 995 1807 illa
1013 1777 1157 1816 essent,
1179 1778 1243 1808 aut
1259 1783 1430 1816 rosacea,
1458 1784 1534 1808 non
1562 1784 1691 1818 aurea,

243 1829 428 1879 vobisque
446 1831 649 1881 persausit,
671 1838 712 1868 ut
732 1844 796 1869 eas
810 1832 1040 1870 conflaretis.
1072 1831 1131 1869 Eo
1145 1844 1302 1869 munere
1317 1832 1388 1869 sibi
1402 1832 1560 1877 credito,
1576 1833 1691 1872 istum

242 1890 412 1928 omnium
436 1891 623 1930 scelerum
644 1892 788 1930 socium
809 1892 878 1929 sibi
905 1892 1054 1942 allegit.
1099 1893 1155 1929 Ac
1175 1899 1309 1943 postea
1338 1893 1376 1930 in
1404 1894 1601 1944 exigendis
1623 1896 1691 1932 tri·

241 1950 356 1996 butis,
377 1958 552 2002 oportere
571 1953 785 1990 ministrum
803 1953 996 2002 publicum
1012 1953 1147 1990 adesse
1167 1954 1328 1999 censuit,
1350 1954 1399 1991 ad
1420 1954 1690 1993 abstinentiam

243 2024 351 2048 suam
371 2012 656 2058 ostentandam,
678 2026 764 2050 cum
786 2013 1046 2063 unusquisque
1075 2013 1224 2050 illorum
1243 2013 1307 2062 qui
1332 2013 1472 2050 tributa
1495 2015 1691 2064 pepende-

242 2078 340 2116 rant,
366 2071 436 2109 sibi
457 2072 537 2122 ipse
557 2073 760 2122 rescriptor
779 2073 931 2110 futurus
953 2080 1081 2110 esset:
1112 2073 1149 2110 in
1169 2073 1317 2110 coronis
1338 2080 1464 2111 autem
1482 2087 1578 2124 quas
1598 2087 1691 2113 con-

241 2131 410 2177 cidebat,
428 2132 528 2170 idem
543 2132 608 2182 jus
628 2145 704 2170 non
726 2133 912 2178 adhibuit,
943 2134 1012 2171 sed
1042 2133 1124 2184 ipse
1150 2141 1290 2179 orator,
1323 2134 1481 2180 aurifex,
1509 2142 1690 2185 quaestor,

241 2192 444 2241 rescriptor
462 2193 617 2230 exstitit.
653 2192 859 2231 Enimvero
880 2194 910 2231 si
930 2195 1181 2245 postulasses,
1201 2201 1245 2232 ut
1264 2194 1330 2232 tibi
1350 2195 1397 2232 de
1417 2195 1592 2233 omnibus
1618 2209 1690 2246 pu·

240 2252 349 2290 blicis
367 2252 628 2291 functionibus
649 2253 746 2292 fides
764 2254 979 2298 haberetur,
1001 2261 1067 2292 tua
1087 2255 1267 2292 furacitas
1287 2268 1361 2293 non
1379 2255 1536 2306 perinde
1555 2256 1693 2294 fuisset

242 2313 505 2363 deprehensa:
540 2327 643 2352 nunc
666 2314 703 2350 in
731 2314 928 2365 exigendis
945 2315 1109 2359 tributis,
1130 2315 1166 2352 id
1188 2316 1291 2365 quod
1312 2328 1462 2365 aequum
1481 2315 1567 2363 fuit,
1596 2315 1691 2352 defi-

242 2374 360 2419 niisti,
387 2386 463 2411 non
488 2374 703 2412 habendam
733 2388 819 2412 esse
849 2375 916 2412 tibi
943 2376 1055 2413 fidem
1081 2389 1104 2413 a
1129 2377 1292 2420 civitate,
1321 2375 1390 2412 sed
1419 2375 1601 2412 ministris
1619 2388 1691 2426 pu-

240 2435 362 2480 blicis,
379 2447 496 2484 quum
518 2444 646 2472 autem
665 2435 767 2473 aliud
787 2436 979 2486 quippiam
1002 2437 1098 2486 agis,
1118 2449 1206 2473 eum
1226 2449 1286 2473 res
1307 2448 1436 2473 sacras
1457 2448 1689 2481 commoves,

241 2508 402 2545 quarum
423 2495 615 2544 pleraeque
645 2509 716 2534 nec
748 2503 874 2534 aetate·
898 2504 1028 2534 nostra
1057 2503 1291 2535 consecratae
1321 2502 1424 2542 sunt,
1451 2497 1690 2547 eandemque

240 2555 471 2599 cautionem,
499 2569 614 2605 quam
645 2556 682 2593 in
715 2557 863 2594 tributis
895 2556 1093 2607 exigendis
1127 2556 1347 2601 adhibuisti,
1379 2569 1456 2593 non
1487 2556 1688 2602 adscribis,

241 2628 369 2654 nonne
392 2615 472 2666 jam
505 2622 669 2661 constat,
701 2618 948 2667 quamobrem
986 2616 1023 2653 id
1051 2616 1212 2654 feceris?
1244 2617 1326 2667 Ego
1357 2616 1510 2667 quidem
1543 2618 1690 2668 opinor.

242 2676 378 2726 Atqui,
400 2675 671 2722 Athenienses,
691 2677 945 2722 considerate,
967 2690 1079 2727 quam
1100 2678 1308 2726 praeclaris,
1330 2685 1369 2715 et
1383 2677 1432 2715 ad
1451 2691 1603 2716 omnem
1619 2692 1688 2729 po—

240 2736 449 2775 steritatem
465 2737 681 2775 honorificis
697 2738 1007 2787 inscriptionibus
1029 2737 1203 2782 sublatis,
1225 2751 1340 2788 quarn
1362 2738 1495 2788 impias
1513 2744 1551 2776 et
1577 2739 1688 2776 inhu-

241 2810 375 2837 manas
396 2799 617 2849 reposuerit.
662 2799 837 2836 Arbitror
863 2799 963 2836 enim
985 2799 1082 2836 scire
1106 2811 1174 2836 vos
1203 2810 1350 2845 omnes,
1369 2792 1439 2836 sub
1466 2811 1690 2837 coronarum

241 2859 417 2897 modiolis
437 2860 622 2911 seriptum
640 2859 770 2904 fuisse,
808 2859 930 2896 socii
963 2859 1191 2910 populum
1222 2859 1565 2897 Atheniensem
1596 2859 1688 2896 sor-

242 2921 479 2960 titudinis
528 2934 642 2972 ergo
693 2927 996 2959 coronarunt
1043 2928 1088 2958 et
1133 2921 1375 2970 justitiae:
1426 2926 1503 2966 aut,
1558 2921 1688 2958 socii
