1923 3149
245 154 321 192 506
603 150 658 187 IN
690 149 1001 187 ONETOREM
1035 149 1192 187 UNDE
1222 149 1275 186 Vl
1306 149 1336 186 1.

245 262 363 299 retur,
397 254 446 291 de
499 252 660 292 divortio
693 257 823 291 autem
863 253 1000 291 sororis
1045 253 1298 304 quaestionem
1335 252 1476 291 habere
1515 254 1699 299 noluisse,

248 316 377 353 villam
397 320 488 366 post
502 313 695 365 judicium
716 313 902 352 nudatam
923 326 1008 352 esse
1028 313 1298 361 instrumento,
1318 313 1419 351 vasis
1435 315 1620 365 exceptiS‚
1641 315 1699 352 uti

247 382 409 424 constet,
431 388 527 426 cape
547 374 765 414 testimonia
784 382 823 413 et
841 374 940 425 lege.

795 521 1147 560 TESTIMONIA.

304 620 367 655 10.
399 617 481 655 Etsi
513 624 642 655 autem
664 629 735 667 ego
765 623 823 654 tot
854 619 1090 667 argumentis
1123 618 1235 664 nitor,
1263 618 1410 656 Onetor
1437 624 1564 655 tamen
1583 617 1645 656 vel
1665 618 1704 655 in

247 677 378 729 primis
404 679 487 729 ipse
507 677 678 715 ostendit
696 677 864 715 simulari
884 677 1103 716 divortium.
1162 679 1289 722 Quem
1309 679 1409 717 enim
1429 692 1499 730 par
1519 686 1613 726 erat,
1634 692 1707 717 nu-

247 747 395 777 merata
415 739 520 785 dote,
540 745 584 775 ut
601 738 681 788 ipse
703 738 769 785 ait,
782 737 945 776 moleste
965 739 1077 785 ferre,
1100 753 1139 778 se
1152 753 1221 791 pro
1236 747 1399 791 argento
1415 746 1705 778 controversum

248 799 438 851 praedium
457 800 640 850 recipere,
661 798 706 845 is,
725 812 805 837 non
824 806 867 836 ut
885 798 1127 838 adversarius
1143 808 1210 838 aut
1225 808 1268 838 ut
1283 800 1446 839 affectus
1467 800 1621 852 injuria,
1637 801 1705 839 sed

249 867 293 899 ut
311 860 649 911 conjunctissimus
669 860 853 907 omnium,
875 860 914 898 in
928 860 1078 912 judicio
1098 869 1233 899 contra
1250 874 1311 899 me
1332 862 1380 900 ab
1400 861 1468 899 illo
1489 861 1610 899 stetit.
1651 862 1709 899 Ae

249 934 311 960 me
332 922 397 960 illo
413 922 587 973 adjutore
607 921 787 960 fraudare
808 923 1037 973 patrimonio
1056 922 1235 968 instituit,
1259 929 1446 974 quantum
1468 923 1507 960 in
1527 923 1611 974 ipso
1626 922 1710 972 qui-

250 983 339 1020 dem
372 984 457 1030 fuit,
491 997 514 1021 a
547 996 623 1033 quo
654 983 761 1021 nulla
793 983 827 1021 ei
856 996 1028 1033 unquam
1054 990 1138 1022 orta
1163 983 1290 1022 suerat
1307 984 1445 1036 injuria
1461 997 1470 1021 ε
1501 983 1711 1034 Aphobum

251 1050 395 1090 autem,
415 1057 528 1095 quem
559 1044 726 1082 alienum
761 1057 784 1082 a
812 1057 854 1082 se
878 1043 1054 1093 judicare
1080 1044 1262 1091 debebat,
1285 1045 1315 1083 si
1346 1043 1438 1094 quid
1470 1056 1602 1081 eorum
1623 1055 1711 1093 quae

251 1118 354 1143 nunc
369 1105 503 1143 dicunt
516 1118 648 1144 verum
665 1111 781 1152 esset,
799 1105 891 1144 meis
911 1105 1048 1156 opibus
1061 1105 1222 1157 adjectis
1235 1104 1535 1155 collocupletare
1551 1103 1715 1149 studuit,

251 1179 377 1217 neque
396 1167 459 1205 hic
479 1167 605 1205 solum
621 1167 659 1204 id
676 1166 778 1213 fecit,
798 1166 868 1204 sed
885 1166 966 1202 lata
979 1166 1060 1215 jam
1077 1165 1284 1210 sententia,
1303 1177 1517 1203 conscenso
1535 1163 1714 1215 praetorio

252 1228 417 1279 supplex
438 1229 573 1267 orabat
590 1235 629 1265 et
648 1227 915 1265 obtestabatur
928 1225 1081 1277 judices
1102 1239 1192 1264 cum
1209 1227 1302 1264 fletu
1323 1232 1362 1263 et
1378 1225 1547 1276 ploratu,
1567 1225 1715 1264 talento

251 1288 360 1327 litem
377 1295 419 1326 ut
438 1289 690 1333 aestimarent,
713 1293 827 1337 atque
848 1288 930 1338 ipse
952 1299 1178 1338 sponsorem
1199 1287 1280 1337 ejus
1301 1299 1342 1324 se
1359 1285 1555 1323 offerebat.
1614 1285 1713 1328 Quae

253 1349 407 1388 tametsi
426 1349 557 1387 multis
576 1348 701 1386 modis
716 1353 909 1392 constant,
923 1360 1013 1385 narn
1033 1353 1072 1384 et
1087 1347 1152 1397 qui
1173 1353 1255 1384 tum
1271 1346 1310 1384 in
1329 1346 1511 1396 praetorio
1524 1345 1589 1395 jus
1609 1344 1715 1383 dice-

252 1410 362 1455 bant,
391 1416 430 1447 et
460 1410 526 1460 qui
559 1408 714 1447 aliunde
747 1409 919 1453 aderant,
947 1408 1166 1458 complures
1192 1419 1238 1444 ea
1265 1412 1432 1449 norunt;
1469 1405 1718 1443 nihilominus

254 1479 384 1510 tamen
404 1472 511 1510 vobis
531 1471 645 1508 etiam
666 1477 786 1508 testes
803 1469 1009 1508 adducam.
1068 1469 1174 1519 Cape
1193 1468 1268 1505 hoc
1288 1466 1564 1504 testimonium.

780 1614 1184 1653 TESTIMONIUM.

318 1712 379 1748 11.
410 1711 472 1748 Ad
487 1710 583 1758 haec,
604 1711 626 1748 J
632 1710 775 1756 udices,
798 1723 938 1760 magno
955 1709 1098 1746 indicio
1118 1707 1230 1745 facile
1247 1705 1507 1757 cognoscitur,
1521 1703 1719 1741 mulierem

260 1783 391 1810 revera
410 1771 528 1809 fuisse
548 1770 875 1809 matremfamilias
895 1782 940 1807 ac
959 1782 1007 1806 ne
1021 1768 1143 1807 <hodie
1160 1767 1316 1818 quidem
1335 1766 1476 1804 fecisse
1497 1763 1717 1803 divortium.

262 1831 364 1870 Nam
394 1831 479 1870 haec
500 1833 585 1883 ipsa
603 1832 752 1879 mulier,
774 1838 982 1880 antequam
1002 1818 1061 1867 'ad
1092 1827 1297 1879 Aphobum
1317 1827 1477 1872 veniret,
1499 1838 1572 1863 nec
1599 1836 1719 1862 unum

262 1893 366 1930 diem
398 1894 515 1932 vidua
548 1894 653 1939 vixit,
677 1893 746 1931 sed
779 1891 953 1930 tradente
987 1891 1202 1928 Timocrate
1231 1889 1280 1926 ad
1313 1887 1422 1925 illum
1454 1900 1495 1924 se
1528 1884 1718 1924 contulit:

262 1967 366 1992 nunc
386 1967 476 1992 vero
497 1955 660 1992 triennio
687 1959 768 1990 toto
795 1952 859 1988 alii
886 1950 1017 2001 nupsit
1048 1949 1191 1987 nemini
1215 1948 1373 1986 scilicet.
1431 1947 1484 1984 At
1508 1958 1594 1984 eam
1626 1953 1721 1991 tum,

262 2028 313 2052 ne
340 2015 409 2053 viri
442 2013 722 2053 consuetudine
752 2018 912 2057 careret,
933 2024 956 2049 a
979 2011 1117 2049 marito
1145 2010 1195 2047 ad
1216 2009 1395 2047 maritum
1418 2020 1457 2045 se
1490 2006 1723 2049 contulisse;

264 2089 382 2123 nunc,
404 2076 435 2114 si
454 2089 584 2115 revera
603 2073 836 2119 discesserit,
867 2078 946 2110 tam
970 2072 1130 2121 longum
1158 2078 1311 2120 tempus
1331 2068 1487 2106 viduam
1507 2066 1637 2105 vivere
1654 2079 1722 2105 vo-

265 2137 400 2185 luisse,
419 2137 504 2187 quis
524 2135 687 2175 credat?
716 2148 805 2173 cum
821 2141 860 2171 et
881 2132 941 2170 alii
964 2132 1106 2170 nubere
1126 2130 1273 2178 liceret,
1295 2136 1335 2168 et
1351 2130 1467 2168 frater
1485 2133 1612 2166 tantas
1633 2140 1725 2178 opes

265 2194 497 2249 possideret,
515 2205 554 2236 et
583 2199 668 2248 ipsa
698 2208 745 2233 ea
775 2200 878 2232 esset
903 2199 1031 2231 aetate.
1087 2193 1121 2230 A
1141 2191 1217 2230 fide
1236 2191 1420 2237 veritatis,
1440 2188 1615 2240 Judices,
1640 2187 1724 2226 haec

269 2259 490 2306 abhorrent,
509 2258 729 2309 fabulaeque
759 2262 849 2294 sunt
877 2254 974 2292 haec.
1031 2254 1082 2291 Et
1112 2253 1247 2292 mulier
1278 2259 1409 2304 aperte
1439 2249 1725 2289 materfamilias

270 2328 343 2367 est,
363 2333 489 2372 neque
514 2331 595 2358 rem
629 2320 795 2357 obscure
823 2316 908 2355 fert.
964 2315 1093 2366 Atque
1125 2315 1221 2353 adeo
1255 2312 1501 2365 Pasiphontis
1521 2311 1628 2349 vobis
1657 2323 1722 2348 ex-

271 2382 411 2420 hibebo
430 2380 705 2426 testimonium,
734 2379 798 2430 qui
818 2390 906 2417 cum
927 2390 1009 2416 eam
1030 2382 1283 2428 aegrotantem
1306 2381 1458 2413 curaret
1488 2372 1722 2411 assidentem

273 2443 307 2482 ei
326 2442 418 2481 vidit
440 2442 660 2493 Aphobum,
678 2441 752 2479 hoc
775 2447 951 2492 praetore,
971 2440 1044 2477 hoc
1058 2439 1139 2489 jam
1159 2438 1219 2475 isti
1233 2435 1378 2488 judicio
1398 2433 1559 2472 dictato.
1616 2433 1724 2485 Cape

275 2504 522 2556 Pasiphontis
545 2504 819 2542 testimonium.

794 2644 1196 2683 TESTIMONIUM.

340 2744 397 2780 12.
431 2742 513 2794 Ego
533 2743 661 2793 igitur,
681 2740 854 2787 Judices,
873 2739 979 2790 quod
999 2747 1034 2777 et
1055 2746 1142 2790 post
1159 2737 1346 2789 judicium
1382 2737 1495 2773 istum
1528 2734 1652 2772 statim
1674 2746 1730 2770 rc-

282 2805 429 2856 cepisse
448 2805 497 2843 ad
528 2818 567 2842 se
600 2803 801 2854 pecuniam
825 2815 871 2840 ex
890 2802 1037 2839 cedibus
1063 2799 1214 2851 Aphobi
1244 2806 1282 2837 et
1311 2805 1390 2836 tum
1422 2796 1521 2834 illius
1543 2802 1619 2833 tum
1642 2806 1726 2831 mea

284 2866 410 2904 omnia
430 2867 466 2904 in
488 2879 556 2903 sua
576 2871 763 2915 potestate
784 2864 940 2909 habere,
954 2869 992 2917 ct
1006 2860 1203 2900 mulierem
1220 2873 1373 2898 manere
1395 2857 1497 2909 apud
1510 2855 1727 2907 Aphobum,
