1923 3149
750 168 827 207 DE
859 168 1101 208 CORONA.
1582 174 1652 212 197

194 257 282 279 cussa
296 245 378 286 sunt,
396 251 484 291 plane
502 252 635 284 violasse
659 262 834 294 compertus
851 261 909 290 est,
933 256 1046 294 spretis
1070 256 1277 295 jurejurandis
1304 257 1403 297 iisque
1432 259 1571 289 omnibus
1589 269 1656 299 quiz

194 301 276 339 apud
294 302 456 332 universos
473 304 599 334 Gra‘cos
616 310 720 334 sancta
743 306 949 345 perhibentur,
974 311 1005 336 et
1031 307 1124 335 urbes
1150 307 1323 337 nullatenus
1341 310 1378 338 ad
1408 320 1441 338 se
1467 310 1656 349 pertinentes

192 350 370 390 intercepit,
387 354 544 384 nonnullas
568 355 659 385 ctiam
685 367 752 394 quan
780 362 850 386 sunt
876 356 1104 386 Atheniensium
1131 357 1268 396 captivas
1290 359 1373 394 fecit,
1392 360 1473 389 nulla
1497 371 1514 389 a
1542 362 1654 401 populo

193 402 374 434 Atheniensi
391 405 554 435 lacessitus
571 406 690 445 injuria,
707 412 770 437 tum
787 408 877 437 etiam
902 408 959 437 hoc
983 412 1120 446 tempore
1143 408 1172 437 vi
1199 413 1229 438 et
1255 410 1435 439 crudelitate
1450 411 1571 450 longius
1585 423 1657 451 pro-

193 453 352 491 greditur:
377 465 443 484 nam
460 466 498 485 ex
513 457 641 486 Graeciae
659 457 797 493 urbibus,
810 457 877 487 aliis
894 457 1036 497 praesidia
1050 458 1179 497 imponit
1195 464 1226 488 et
1241 459 1417 498 reipublicae
1442 466 1550 491 statum
1567 473 1655 492 ever—

191 502 240 539 tit,
257 505 332 534 alias
348 506 470 536 civibus
485 507 515 536 in
531 507 709 537 servitutem
726 508 861 537 redactis
877 508 1042 544 exscindit,
1053 508 1080 536 in
1092 509 1160 538 aliis
1176 509 1302 539 colonos
1315 510 1460 539 barbaros
1471 521 1526 549 pro
1538 513 1656 542 Grzrcis

192 555 336 593 collocat,
351 557 382 586 in
397 567 483 586 sacra
500 563 590 596 atque
602 558 743 597 sepulcra
760 558 913 594 inductos,
927 559 1002 588 nihil
1026 560 1157 589 alienum
1174 570 1271 599 neque
1289 561 1389 599 patria
1405 571 1502 600 neque
1519 563 1654 594 moribus

193 607 258 636 suis
270 608 397 643 faciens,
418 618 514 647 enque
528 618 594 647 quae
609 619 688 638 nuuc
707 609 736 639 ei
757 610 846 639 adest
866 611 987 640 fortuna
1002 610 1240 650 intemperanter
1256 612 1431 651 perfruens,
1443 612 1558 642 oblitus
1570 624 1602 643 se
1618 625 1654 644 ex

192 657 300 687 humili
316 659 448 697 quodam
467 663 497 688 et
514 659 634 698 vulgari
649 659 762 690 factum
779 671 848 690 esse
872 661 1028 700 insperato
1047 672 1200 700 magnum,
1214 680 1265 692 —.
1291 664 1331 692 Et
1346 663 1489 701 quamdiu
1504 665 1592 693 urbes
1611 665 1654 694 vi-

191 708 285 738 debat
300 719 367 738 euru
387 708 572 748 intercipere
597 710 739 740 barbaras
760 722 795 740 ac
817 712 965 750 privatas,
984 712 1082 742 levius
1096 713 1127 742 id
1144 724 1213 743 esse
1236 714 1358 753 putabat
1377 714 1510 753 populus
1527 715 1655 745 Atheni-

190 758 284 794 ensis,
301 759 382 797 quod
401 759 431 788 in
449 769 482 788 se
499 766 695 799 peccaretur:
722 772 799 791 nunc
814 772 887 792 vero
905 773 972 792 cum
989 768 1094 792 cernat
1109 764 1237 794 Graeciae
1251 765 1341 795 urbes
1357 765 1470 803 partim
1485 765 1655 805 ignominia

190 808 280 845 affici,
295 809 405 848 partim
422 810 557 840 funditus
573 812 684 848 everti,
702 812 840 851 iniquum
854 818 884 843 et
898 815 1046 852 majorum
1063 806 1186 845 suorum
1202 815 1466 855 gloriaiudignum
1480 827 1547 847 esse
1557 818 1656 853 ducit,

189 861 216 890 si
240 871 273 890 se
291 862 473 891 connivente
489 862 591 892 Graeci
616 863 645 892 iu
671 864 853 894 servitutem
870 865 1057 904 redigantur.
1104 867 1275 906 Propterea
1291 868 1388 897 visum
1405 874 1450 898 est
1466 870 1581 899 senatui
1599 881 1654 909 po-

189 913 323 951 puloque
341 913 531 950 Atheniensi,
544 919 589 950 ut,
605 915 686 945 votis
698 926 732 945 ac
750 916 907 946 sacrificiis
920 917 974 947 rite
992 917 1081 947 sactis
1095 917 1153 948 diis
1166 923 1257 957 atque
1271 919 1415 949 heroibus
1429 920 1480 958 qui
1496 920 1652 951 civitatem

188 964 405 1003 regionemque
434 965 664 995 Atheniensium
686 966 873 1004 custodiunt,
895 973 926 997 et
947 973 1091 998 revocata
1115 969 1144 998 in
1164 970 1341 999 memoriam
1366 971 1513 1009 majorum
1528 981 1653 1002 suorum

189 1014 316 1050 virtute,
328 1015 442 1054 quippe
455 1016 507 1054 qui
524 1015 622 1055 pluris
641 1017 835 1047 aestimabant
852 1019 1027 1049 Graecorum
1046 1019 1218 1050 libertatem
1234 1031 1323 1060 quam
1338 1020 1494 1062 propriam
1505 1023 1585 1052 tueri
1600 1034 1654 1062 pa-

189 1066 289 1101 triam,
306 1067 447 1097 ducentae
460 1077 555 1097 naves
573 1066 602 1096 in
621 1078 701 1098 mare
713 1069 917 1104 deducantur,
933 1071 1104 1101 navarchus
1128 1071 1207 1100 intra
1224 1071 1316 1111 Pylas
1337 1072 1475 1111 naviget,
1488 1073 1657 1112 imperator

189 1121 219 1146 et
241 1118 378 1156 equitnm
399 1118 564 1157 praesectus
580 1119 742 1157 pedestres
758 1125 790 1149 et
806 1125 966 1159 equestres
984 1122 1092 1160 copias
1119 1122 1295 1152 Eleusinem
1321 1123 1472 1153 educant:
1495 1125 1655 1154 mittantur

188 1167 279 1198 etiam
295 1168 387 1207 legati
399 1173 463 1198 tum
485 1169 524 1198 ad
550 1174 681 1199 caeteros
697 1170 836 1205 Graeeos,
858 1175 922 1200 tum
946 1172 1078 1201 omnium
1103 1172 1234 1211 primum
1251 1174 1287 1202 ad
1309 1173 1471 1204 Thebanos
1490 1180 1655 1214 propterea

189 1219 271 1258 quod
286 1218 408 1248 illorum
425 1219 535 1248 finibus
548 1219 681 1249 maxime
698 1219 836 1250 imminet
854 1221 1035 1260 Philippus3
1063 1222 1114 1261 qui
1126 1223 1286 1253 hortentur
1301 1234 1367 1259 θος,
1383 1229 1417 1254 ut
1433 1224 1508 1254 nihil
1533 1225 1651 1265 Philip-

187 1279 261 1308 pum
277 1269 508 1299 reformidantes
519 1275 693 1300 constanter
708 1271 857 1300 retineant
870 1282 955 1301 suam
971 1272 1160 1312 aliorumque
1177 1275 1355 1304 Graecorum
1366 1275 1549 1306 libertatem.
1596 1276 1654 1306 Di-

188 1325 258 1351 cant
280 1320 370 1350 etiam
388 1321 536 1360 populum
552 1321 782 1356 Atheniensem,
795 1322 877 1351 omni
897 1322 1081 1352 offensarum
1096 1324 1244 1354 memoria
1259 1325 1413 1364 deposita,
1436 1326 1461 1355 si
1485 1327 1559 1365 quid
1579 1327 1651 1357 olim

187 1373 295 1403 durius
315 1373 394 1403 inter
411 1372 554 1403 civitates
576 1373 793 1409 intercesserit,
812 1384 901 1413 opem
918 1373 957 1403 iis
977 1374 1108 1404 laturum
1125 1386 1206 1411 esse,
1221 1376 1332 1416 copiis,
1349 1377 1490 1416 pecunia,
1509 1378 1592 1414 telis,
1606 1389 1653 1408 ar·

187 1426 259 1461 mis,
275 1436 344 1455 cum
368 1425 446 1455 sciat
469 1425 555 1465 ipsos
579 1425 659 1455 iuter
682 1436 727 1462 se,
747 1425 799 1465 qui
824 1426 924 1455 Graeci
950 1431 1030 1462 sunt,
1053 1427 1091 1456 de
1114 1427 1288 1467 principatu
1306 1429 1476 1465 decertare,
1493 1430 1653 1461 honestum

188 1487 268 1512 esse,
281 1476 460 1516 alienigenae
473 1482 574 1506 autem
597 1476 728 1506 hominis
751 1477 939 1507 dominatum
959 1477 1062 1507 subire
1086 1478 1322 1519 principatuque
1339 1481 1377 1510 ab
1394 1491 1430 1510 eo
1442 1481 1580 1520 spoliari,
1594 1482 1652 1512 hoc

188 1538 262 1557 vero
284 1534 313 1558 et
339 1530 516 1558 Graecorum
537 1527 633 1567 gloria
655 1533 686 1558 et
706 1529 854 1566 majorum
882 1538 1006 1558 suorum
1033 1529 1145 1559 virtute
1173 1540 1240 1560 esse
1265 1530 1434 1570 indignum.
1495 1532 1652 1563 Praeterea

187 1591 245 1610 nec
260 1580 396 1610 alienum
412 1591 429 1610 a
446 1590 478 1609 se
488 1584 631 1619 reputare
642 1580 788 1619 populum
806 1578 1028 1610 Atheniensem
1043 1581 1255 1611 Thebanorum
1271 1583 1429 1621 populum,
1441 1593 1540 1622 neque
1553 1584 1651 1624 stirpe

187 1641 286 1670 neque
302 1631 484 1669 gentilitate.
532 1631 698 1661 Recordari
715 1631 809 1661 etiam
822 1631 934 1661 collata
949 1641 967 1660 a
983 1632 1150 1671 majoribus
1167 1632 1231 1662 suis
1247 1633 1276 1662 in
1294 1636 1424 1673 majores
1439 1635 1651 1666 Thebanorum

187 1682 358 1711 beneficia:
382 1692 510 1721 namque
528 1681 675 1711 Herculis
692 1681 784 1717 filins,
808 1693 825 1711 a
850 1681 1084 1722 Peloponnesiis
1101 1688 1226 1723 paterno
1242 1683 1374 1723 imperio
1391 1685 1549 1724 spoliatos,
1563 1687 1653 1717 resti-

186 1733 326 1769 tuebant,
342 1733 424 1763 bello
437 1733 569 1763 devictis
582 1733 619 1763 iis
636 1733 686 1772 qui
702 1733 799 1762 soboli
819 1733 966 1763 Herculis
990 1733 1134 1763 resistere
1160 1735 1297 1774 aggressi
1321 1740 1400 1771 suut,
1424 1747 1538 1776 nosque
1563 1738 1651 1767 OEdi-

185 1795 258 1823 pum
269 1790 296 1814 et
314 1784 418 1814 exsilii
437 1785 482 1814 sui
500 1785 602 1815 socios
624 1785 820 1824 excepimus,
836 1785 957 1826 aliaque
973 1785 1069 1814 multa
1090 1785 1178 1815 nobis
1202 1791 1325 1817 exstant
1348 1788 1477 1817 humana
1505 1793 1597 1828 atque
1614 1789 1652 1819 il-

185 1837 293 1866 lustria
305 1835 455 1866 beneficia
471 1847 543 1876 erga
553 1837 726 1866 Thebanos.
772 1836 880 1875 Itaque
892 1846 930 1865 ne
947 1846 1026 1865 nunc
1043 1835 1164 1874 quidem
1178 1838 1325 1877 populum
1342 1839 1558 1869 Atheniensem
1573 1841 1652 1871 'rhe-

185 1888 332 1917 banorum
345 1887 592 1926 reliquorumque
610 1888 788 1916 Graecorum
806 1886 973 1917 commodis
989 1886 1178 1918 defuturum.
1223 1889 1396 1919 Pactionem
1414 1896 1513 1921 autem
1528 1903 1595 1922 cum
1612 1894 1652 1924 iis

184 1939 298 1970 saciant
321 1939 412 1980 legati
429 1939 468 1969 de
492 1939 626 1969 ineunda
644 1938 804 1974 societate,
818 1938 932 1979 etjure
949 1939 1091 1968 connubii
1108 1940 1280 1977 tribuendo,
1295 1942 1427 1981 dentque
1437 1944 1651 1982 jusjurandum

186 1995 218 2020 et
240 1990 402 2029 accipiant.
447 1990 557 2029 Legati
581 1990 809 2019 Demosthenes
829 1990 1049 2020 Demosthenis
1063 1991 1082 2019 f.
1098 1991 1297 2028 Paeaniensis,
1313 1993 1493 2032 Hyperides
1505 1995 1649 2026 Cleandri

186 2041 357 2080 Sphettius‚
373 2040 579 2071 Mnesithides
595 2040 776 2080 Antiphanis
794 2040 1005 2078 Phrearrhius‚
1023 2043 1225 2073 Democrates
1248 2044 1365 2084 Sophili
1384 2046 1555 2084 Phlyensis,
1577 2049 1648 2078 Cal-

185 2093 333 2122 laesehrus
350 2092 479 2122 Diotimi
496 2092 695 2122 Cothocides.

238 2169 303 2207 56.
333 2169 418 2208 Hoc
433 2182 559 2207 rerum
576 2169 847 2208 Thebanarum
868 2169 1097 2222 principium
1111 2173 1412 2225 constitutioque
1427 2175 1548 2226 prima
1559 2177 1646 2222 fuit,

185 2244 272 2268 cum
293 2237 407 2269 antea
425 2231 463 2268 in
479 2231 698 2270 inimicitias
717 2239 757 2270 et
775 2232 905 2270 odium
928 2238 967 2270 et
995 2233 1251 2272 diffidentiam
1271 2244 1444 2274 mutuam
1465 2237 1646 2276 adductae

185 2299 316 2331 essent
347 2292 521 2331 civitates
551 2293 713 2331 istorum
749 2293 862 2331 dolis.
920 2293 1007 2332 Hoc
1043 2294 1286 2345 plebiscitum
1323 2297 1525 2337 imminens
1562 2307 1644 2338 tum

184 2354 366 2406 temporis
393 2354 537 2393 civitati
558 2354 772 2406 periculum
799 2355 959 2406 dispulit
978 2355 1078 2394 sicut
1095 2358 1251 2395 nubem.
1310 2359 1403 2397 Erat
1420 2360 1536 2412 igitur
1554 2362 1646 2400 boni

185 2415 293 2462 civis,
313 2416 450 2467 siquid
470 2416 531 2455 his
551 2416 687 2455 melius
706 2417 883 2464 haberet,
896 2424 990 2456 tune
1011 2419 1230 2467 ostendere,
1250 2433 1327 2458 non
1346 2435 1423 2472 quae
1439 2429 1546 2473 gesta
1564 2431 1648 2462 sunt

184 2490 288 2515 nunc
305 2478 508 2516 criminari.
566 2479 821 2517 Consiliarius
842 2479 943 2517 enim
972 2486 1011 2518 et
1039 2480 1203 2528 delator,
1222 2495 1310 2520 cum
1330 2484 1437 2522 nulla
1454 2485 1528 2523 alia
1548 2486 1586 2523 in
1606 2500 1647 2524 re

184 2539 326 2577 similes
354 2539 443 2584 sint,
473 2547 555 2577 tum
582 2540 623 2578 in
652 2540 724 2579 hac
753 2540 961 2592 plurimum
990 2541 1225 2593 discrepant.
1284 2544 1353 2583 Ille
1372 2546 1528 2596 quidem
1557 2555 1645 2586 ante

182 2614 242 2639 res
279 2606 411 2651 gestas
440 2601 644 2639 eonsilium
673 2603 847 2653 exponit,
869 2616 989 2654 seque
1008 2603 1093 2654 ipse
1113 2605 1326 2644 rationibus
1346 2608 1557 2646 referendis
1575 2610 1643 2647 ob-

181 2661 341 2701 noxium
360 2661 478 2700 tradit
494 2662 539 2700 iis
568 2676 665 2713 quos
697 2664 904 2715 persuasit,
934 2665 1111 2711 fortunae,
1137 2668 1390 2718 temporibus,
1412 2669 1642 2719 unicuique:

181 2724 246 2763 hic
265 2731 394 2763 autem
426 2731 507 2762 tum
540 2738 628 2762 cum
648 2726 886 2776 loquendum
906 2726 1045 2766 fuisset
1064 2727 1219 2766 silentio
1240 2742 1348 2775 usus,
1369 2729 1400 2766 si
1427 2729 1519 2780 quid
1539 2742 1644 2770 acer-

179 2786 268 2825 bius
297 2786 452 2831 accidit,
481 2785 520 2823 id
551 2786 735 2825 malevole
762 2787 990 2838 proscindit.
1048 2789 1151 2827 Illud
1170 2790 1298 2840 igitur,
1321 2797 1362 2827 ut
1381 2790 1472 2837 dixi,
1491 2798 1643 2843 tempus

180 2849 266 2895 fuit,
287 2849 394 2900 quod
417 2849 539 2886 virum
567 2849 787 2899 requirebat
808 2850 857 2889 de
886 2852 1086 2902 republica
1106 2852 1296 2890 solicitum
1318 2852 1444 2902 deque
1464 2855 1644 2895 salutari-

181 2911 254 2949 bus
272 2910 444 2950 consiliis
468 2909 699 2961 prffercnclz's
715 2926 727 2948 :
755 2924 830 2962 ego
848 2925 938 2952 vero
959 2925 1132 2963 eousque
1151 2912 1272 2951 ausim
1293 2913 1512 2963 procedere,
1542 2923 1585 2954 ut
1612 2918 1644 2954 si
