1923 3149
236 153 287 189 '78
597 149 803 188 ORATIO
834 149 912 188 DE
951 149 1333 189 CHERSONESO.

241 253 338 292 Haec
357 252 388 291 si
407 251 591 299 dixerint,
611 253 702 305 quid
728 266 944 293 asseremus
973 260 1039 291 aut
1059 253 1391 304 respondebimus,
1413 253 1698 293 Athenienses?

241 314 329 365 Ego
348 315 504 366 quidem
524 328 602 354 non
619 315 746 353 video.

296 377 356 414 10.
388 376 487 414 Sunt
506 377 620 428 igitur
640 376 704 427 qui
725 383 872 427 putent,
894 390 935 414 se
957 383 1146 414 oratorem
1160 376 1215 413 ita
1228 376 1475 427 redarguere,
1491 385 1699 428 postquam

239 436 524 488 interrogarint‚
540 438 725 488 quidnam
742 451 834 488 ergo
851 438 1045 488 agendum
1060 436 1145 476 est?
1175 437 1312 487 quibus
1329 450 1403 488 ego
1417 451 1566 476 summa
1579 439 1700 489 eequi-

238 506 319 537 tate
336 500 608 550 verissimeque
628 499 683 538 sic
705 499 966 550 respondebo,
999 499 1099 537 Haec
1119 511 1196 536 non
1213 499 1364 549 agenda
1383 506 1484 544 sunt,
1498 512 1584 550 quae
1597 513 1701 538 nunc

240 562 414 611 agitatis:
444 568 483 599 et
500 568 628 599 tamen
645 561 867 611 singulatim
888 560 1001 598 etiam
1029 566 1208 598 accurate
1227 560 1353 597 omnia
1372 560 1511 598 dicam.
1544 559 1702 598 Videant

240 629 368 660 autem
387 622 452 667 illi,
473 628 517 662 ut
534 621 857 672 quemadmodum
875 621 1038 672 prompti
1069 627 1158 659 sunt
1187 621 1236 659 ad
1253 621 1573 672 percontandum,
1593 621 1647 659 ita
1664 628 1704 660 et

241 683 291 721 ad
322 696 401 721 rem
431 683 641 733 gerendam
672 683 750 721 sint
774 683 921 721 alacres
953 691 991 720 et
1019 683 1162 733 parati!
1220 682 1404 729 Primum,
1432 683 1701 728 AthenienseS,

237 757 466 796 persuasum
486 745 638 782 omnino
656 745 798 783 habere
812 744 974 790 debetis,
995 744 1217 795 Philippum
1237 744 1380 783 civitati
1400 752 1539 783 nostrae
1558 744 1703 782 bellum

238 805 377 844 inferre
392 818 604 857 pacemque
621 806 957 856 violasse—quare
976 806 1025 844 de
1043 806 1117 844 hoc
1136 806 1299 844 desinite
1317 819 1386 845 vos
1405 807 1566 845 invicem
1584 820 1702 845 accu-

241 868 530 907 sare—hostem
552 882 637 907 esse
654 876 840 920 praeterea
858 869 929 906 toti
945 868 1026 906 urbi
1046 876 1084 906 et
1105 868 1186 906 solo
1201 868 1319 915 urbis,
1333 869 1474 907 addam
1489 870 1605 908 etiam
1619 883 1701 907 om-

241 930 353 967 nibus
374 929 592 967 hominibus
622 929 688 980 qui
709 929 746 966 in
774 931 869 967 urbe
888 929 1047 979 degunt,
1067 937 1183 979 atque
1205 929 1278 966 illis
1297 930 1497 980 imprimis,
1516 931 1582 981 qui
1602 944 1643 968 se
1663 931 1702 968 in

243 990 408 1028 maxima
423 1004 509 1029 esse
522 991 627 1041 apud
639 1003 725 1028 eum
743 991 865 1040 gratia
880 990 1145 1040 putant(quod
1162 990 1193 1027 si
1208 1003 1285 1027 non
1298 991 1506 1027 credendam
1522 992 1703 1038 rideatur,

241 1054 464 1091 intueantur
492 1053 772 1104 Euthycratem
800 1059 840 1089 et
860 1052 1087 1090 Lasthenem
1109 1051 1330 1103 Olynthios,
1351 1053 1416 1103 qui
1447 1066 1534 1091 cum
1561 1053 1596 1091 ei
1620 1066 1703 1092 esse

241 1114 362 1152 intimi
389 1114 623 1160 viderentur,
649 1119 857 1165 postquam
887 1115 1018 1152 urbem
1051 1113 1317 1164 prodiderunt,
1336 1113 1505 1152 omnium
1536 1115 1703 1164 pessime

240 1175 463 1226 perierunt),
480 1175 576 1213 nulli
596 1183 722 1213 tamen
738 1174 791 1212 rei
809 1181 885 1213 tam
902 1175 1051 1213 infense
1067 1174 1303 1220 adversatur,
1319 1188 1434 1225 quam
1449 1175 1615 1214 libertati
1633 1189 1703 1214 no-

240 1243 329 1274 strae
345 1237 448 1274 urbis
462 1250 471 1280 ;
503 1250 575 1275 nec
592 1239 631 1274 in
651 1236 857 1288 quicquam
878 1237 982 1274 aliud
998 1243 1106 1274 tanto
1120 1236 1249 1274 studio
1263 1237 1459 1283 incumbit,
1474 1250 1590 1287 quam
1605 1251 1702 1288 quo-

240 1299 355 1337 modo
373 1300 474 1337 hanc
495 1299 737 1337 demoliatur.
794 1299 917 1349 quue
937 1312 1025 1336 cum
1045 1298 1190 1336 ratione
1209 1298 1289 1349 agit
1307 1298 1616 1349 quodammodo:
1639 1313 1701 1338 sa-

239 1360 287 1398 tis
306 1361 407 1398 enim
426 1361 499 1398 hoe
518 1367 761 1411 perspectum
779 1360 909 1407 habet,
929 1361 1079 1399 etiamsi
1092 1367 1254 1399 caeteros
1270 1373 1406 1399 omnes
1425 1373 1506 1399 suae
1526 1361 1702 1400 domina-

241 1422 337 1460 tioni
355 1423 575 1473 subjecerit,
596 1436 638 1460 se
665 1429 796 1461 tamen
826 1422 920 1460 nihil
949 1435 1084 1460 secure
1104 1429 1402 1473 constanterque
1421 1428 1554 1461 tenere
1573 1435 1700 1474 posse,

238 1483 330 1520 dum
349 1485 458 1522 vobis
477 1484 598 1522 libera
620 1484 670 1522 sit
697 1484 930 1535 respublica,
949 1490 990 1522 at
1017 1484 1048 1521 si
1066 1483 1150 1535 quis
1171 1496 1286 1521 casus
1305 1484 1489 1521 adversus
1508 1484 1702 1530 inciderit,

236 1548 369 1596 quales
389 1547 533 1585 homini
553 1547 703 1586 evenire
722 1547 833 1585 multi
849 1553 1026 1598 possunt,
1046 1547 1127 1584 fore
1147 1554 1190 1583 ut
1209 1559 1356 1590 omnes,
1375 1546 1439 1596 qui
1451 1546 1534 1597 jam
1550 1547 1586 1584 vi
1606 1547 1698 1584 sub-

238 1609 316 1645 acti
347 1608 399 1646 illi
420 1616 570 1659 parent,
592 1609 643 1646 ad
672 1621 741 1646 vos
775 1607 1014 1658 confugiant.
1072 1607 1179 1645 Estis
1209 1607 1310 1644 enim
1334 1620 1416 1652 vos,
1438 1620 1515 1645 non
1542 1607 1615 1658 ipsi
1648 1607 1699 1645 ad

239 1669 364 1708 aliena
383 1669 600 1721 arripienda
620 1669 997 1720 dominationemque
1024 1667 1280 1707 affectandam
1309 1675 1449 1706 natura
1476 1668 1702 1719 comparati,

240 1730 311 1770 sed
331 1732 449 1769 alium
463 1745 511 1770 ne
526 1731 682 1782 arripiat
694 1730 894 1782 prohibere
914 1736 982 1768 aut
996 1730 1157 1780 arreptis
1171 1731 1373 1768 exturbare
1385 1730 1516 1776 validi,
1532 1729 1700 1780 denique

239 1794 509 1833 affectantibus
529 1793 727 1844 imperium
758 1792 949 1830 facessere
972 1791 1172 1841 negotium
1204 1797 1242 1828 et
1273 1790 1449 1828 omnibus
1480 1790 1700 1829 hominibus

236 1856 448 1894 libertatem
468 1854 668 1892 restituere
689 1854 825 1904 parati.
882 1852 974 1890 Non
990 1852 1106 1902 igitur
1117 1851 1198 1890 vult
1210 1852 1422 1889 libertatem
1439 1859 1603 1890 vestram
1620 1852 1701 1891 suis

237 1918 431 1955 imminere
446 1916 697 1967 temporibus,
717 1915 881 1953 multum
900 1914 1007 1952 abest
1027 1919 1070 1951 ut
1087 1913 1163 1952 hoc
1183 1913 1287 1959 velit,
1308 1926 1394 1951 cum
1409 1926 1486 1951 rem
1504 1925 1583 1951 non
1599 1913 1700 1953 male

239 1991 311 2017 nec
331 1978 502 2028 segniter
522 1976 752 2015 consideret.

295 2041 354 2078 11.
388 2039 557 2076 Primum
575 2037 692 2088 igitur
711 2037 761 2074 ob
794 2035 870 2074 hoc
903 2035 1199 2074 existimandum
1219 2041 1290 2080 est,
1309 2034 1461 2073 hostem
1481 2034 1589 2072 illum
1613 2048 1699 2074 esse

235 2100 458 2152 reipublicae
487 2113 532 2138 ac
559 2099 746 2137 libertatis
776 2097 1150 2140 irreconciliabilem;
1179 2096 1284 2148 quod
1314 2096 1387 2134 nisi
1406 2095 1542 2134 animis
1562 2096 1700 2135 vestris

235 2163 393 2201 infixum
414 2162 560 2207 sedeat,
580 2173 705 2198 rerum
731 2172 864 2198 curam
893 2158 994 2197 serio
1018 2158 1212 2209 suscipere
1240 2171 1318 2196 non
1338 2157 1496 2196 voletis:
1526 2158 1699 2195 secundo

235 2226 324 2264 loco
343 2224 438 2263 illud
455 2230 560 2262 certo
574 2222 787 2268 sciendum,
799 2220 929 2258 omnia
939 2233 1026 2271 quae
1045 2220 1200 2258 molitur
1211 2226 1251 2257 et
1263 2225 1374 2270 parat
1386 2231 1502 2264 nunc,
1514 2218 1700 2256 adversus

237 2300 358 2337 remp.
379 2293 549 2324 nostram
571 2289 744 2335 apparat,
759 2289 799 2321 et
816 2282 1034 2332 ubicunque
1054 2281 1192 2331 aliquis
1213 2280 1246 2318 ei
1267 2279 1432 2325 obsistit,
1447 2279 1479 2316 is
1500 2292 1569 2330 pro
1586 2279 1699 2317 nobis

238 2348 316 2386 illic
342 2347 515 2385 obsistet.
573 2345 712 2395 Neque
739 2344 839 2382 enim
872 2343 1073 2394 quisquam
1094 2348 1263 2380 vestrum
1294 2341 1346 2378 ita
1377 2340 1539 2392 simplex
1564 2349 1636 2386 est,
1657 2350 1700 2381 ut

239 2409 459 2460 Philippum
479 2406 672 2445 existimet
690 2406 829 2443 misera
855 2405 919 2442 illa
938 2404 976 2442 in
1002 2403 1310 2441 Thracia-nam
1337 2415 1413 2453 quo
1439 2402 1514 2440 alio
1541 2405 1698 2444 nomine

238 2470 411 2522 appelles
439 2468 674 2518 Drongilum
698 2473 737 2504 et
762 2466 938 2517 Cabylen
959 2471 997 2503 et
1019 2464 1218 2502 Mastiram
1243 2471 1283 2502 et
1308 2476 1355 2501 ea
1383 2476 1469 2514 quae
1504 2476 1608 2502 nunc
1630 2478 1698 2503 ex-

237 2538 389 2583 pugnat
407 2531 556 2580 sibique
577 2528 733 2579 subjicit
743 2527 970 2578 ?—cupere‚
989 2532 1109 2577 utque
1140 2525 1206 2563 illa
1234 2526 1406 2563 obtineat
1431 2531 1471 2562 et
1489 2523 1639 2564 labores
1659 2533 1700 2565 et

236 2593 394 2644 hyemes
413 2599 452 2630 et
466 2598 639 2628 extrema
656 2588 826 2640 pericula
845 2588 1056 2631 sustinere;
1089 2586 1389 2624 Atheniensium
1405 2598 1494 2624 vero
1513 2593 1646 2638 portus
1660 2594 1701 2626 et

238 2655 390 2693 navalia
407 2660 446 2692 et
462 2653 630 2691 triremes
651 2658 692 2688 et
703 2650 852 2700 argenti
866 2649 1018 2687 fodinas
1035 2655 1075 2686 et
1089 2655 1216 2686 tantos
1230 2654 1438 2699 proventus
1452 2659 1531 2685 non
1544 2660 1697 2698 cupere,

237 2724 305 2754 aut
322 2728 524 2767 passurum
541 2722 583 2751 ut
596 2726 665 2751 vos
681 2712 754 2749 ista
767 2711 929 2749 teneatis
947 2724 956 2753 ;
979 2723 1067 2748 cum
1079 2717 1233 2761 propter
1246 2709 1424 2761 panicum
1440 2715 1479 2746 et
1492 2709 1695 2759 siliginem,

237 2779 275 2816 in
295 2777 468 2815 Thraciis
495 2774 684 2814 cuniculis
712 2773 882 2819 defossa,
907 2772 945 2809 in
975 2772 1155 2809 barathro
1184 2785 1261 2809 non
1290 2770 1440 2809 dubitet
1466 2770 1696 2821 hyberuare.

239 2839 329 2878 Non
350 2840 403 2878 ita
422 2846 494 2886 cst,
515 2838 585 2878 sed
611 2844 650 2876 ct
676 2836 755 2883 illa,
776 2842 817 2873 ut
846 2835 905 2873 his
933 2834 1115 2886 potiatur,
1141 2840 1180 2872 et
1200 2841 1341 2872 caetera
1369 2832 1496 2886 omnia
1526 2833 1695 2873 molitur.
