1923 3149
714 183 768 219 IN
801 184 1072 223 APHOBUM
1106 187 1135 223 Ι.
1565 183 1636 219 481

185 285 383 337 mophonti
415 286 494 324 duo
527 287 689 332 talenta,
720 300 940 338 quanquam
975 288 1004 324 is
1036 300 1159 324 meam
1182 285 1539 324 sororemnondum
1569 284 1642 322 du—

182 353 314 385 cturus
344 355 459 392 esset,
491 348 655 386 fruenda
684 349 804 393 dedit,
821 362 898 398 quo
921 348 1148 386 alterutrum
1177 354 1491 397 consequeretur,
1510 354 1554 384 ut
1583 346 1645 383 vel

182 407 455 447 donationibus
489 410 635 447 deliniti
669 409 826 447 meliore
859 409 936 446 fide
966 409 1125 446 tutelam
1155 415 1350 458 gererent,
1376 408 1451 453 vel,
1473 408 1502 444 si
1524 406 1642 445 tantis

181 469 310 508 affecti
330 471 524 508 beneficiis
557 471 605 508 ad
635 470 738 509 hunc
764 471 921 508 modum
944 482 1014 507 nos
1035 469 1258 515 violassent,
1286 483 1309 506 a
1335 470 1440 506 vobis
1462 468 1542 506 sine
1563 467 1644 505 ulla

180 532 296 569 venia
313 532 550 582 punirentur.
606 532 659 570 At
686 533 758 569 iste
778 531 844 581 qui
865 539 904 569 et
924 531 1005 582 ipse
1035 530 1083 567 ad
1108 530 1237 568 dotem
1260 530 1420 568 ancillas
1442 530 1558 567 etiam
1579 542 1642 567 ac-

181 593 281 643 cepit
302 600 341 631 et
359 593 395 630 in
411 592 561 630 aedibus
575 593 738 639 habitat,
757 599 965 643 postquam
979 591 1113 630 harum
1128 592 1162 629 ei
1183 605 1307 630 rerum
1327 592 1423 629 ratio
1444 590 1643 628 reddenda

180 661 255 699 est,
274 667 383 692 suum
404 667 444 691 se
461 653 656 704 negotium
671 666 784 703 agere
799 653 866 697 ait,
887 660 925 690 et
938 652 1037 690 adeo
1049 652 1204 690 sordide
1219 664 1357 690 avarus
1377 658 1449 697 est,
1469 657 1511 687 ut
1527 651 1640 688 etiam

180 722 441 766 praeceptores
461 727 568 751 meos
589 714 769 752 mercede
788 714 967 752 fraudare
987 727 1063 752 non
1093 714 1292 760 dubitarit,
1313 720 1351 751 et
1375 711 1555 763 quaedam
1577 710 1641 748 tri-

179 777 286 820 buta,
309 789 396 826 quae
417 774 497 825 ipse
528 787 606 812 non
635 775 863 822 numeravit,
882 775 974 813 mihi
1010 781 1139 812 tamen
1171 786 1342 826 expensa
1366 773 1476 811 ferat.
1533 772 1640 821 Cape

179 843 218 874 et
236 837 320 876 haec
335 837 555 875 testimonia
570 844 608 875 et
627 837 746 875 recita
764 837 835 876 his.

733 986 1087 1026 TESTIMONIA.

180 1081 361 1125 Quonam
381 1081 496 1133 igitur
514 1090 631 1134 pacto
656 1083 896 1122 manifestius
916 1080 1173 1122 demonstrari
1195 1087 1314 1131 queat
1330 1091 1416 1117 eum
1438 1076 1637 1127 diripuisse

178 1143 309 1181 omnia
329 1157 401 1182 nec
430 1157 453 1181 a
471 1145 599 1194 parvis
621 1145 867 1190 abstinuisse,
887 1158 1004 1196 quam
1034 1157 1074 1181 re
1104 1143 1177 1180 hoc
1198 1141 1314 1179 modo
1335 1147 1393 1179 tot
1413 1138 1577 1177 testibus
1601 1143 1639 1174 ct

178 1205 417 1254 argumentis
433 1205 722 1244 demonstrata?
738 1220 857 1256 quum
878 1213 917 1243 et
936 1206 1017 1256 ipse
1027 1205 1157 1242 dotem
1172 1216 1212 1241 se
1232 1202 1433 1253 accepisse
1454 1199 1639 1238 confitea-

179 1271 240 1302 tur
261 1272 301 1303 et
319 1266 461 1304 habere
481 1267 601 1305 literis
622 1268 813 1305 tutoribus
841 1268 941 1305 datis
964 1267 1014 1305 sit
1034 1265 1228 1304 testatus?
1257 1271 1297 1302 et
1323 1263 1487 1301 officinae
1509 1273 1638 1298 usum-

177 1325 346 1363 fructum
366 1327 528 1378 ceperit,
549 1328 677 1366 nullos
707 1336 834 1366 tamen
862 1328 1007 1366 reditus
1029 1326 1226 1378 proferat?
1255 1333 1295 1363 et
1325 1337 1347 1362 e
1379 1323 1531 1361 caeteris
1564 1321 1638 1358 alia

177 1387 392 1426 vendiderit
420 1389 542 1439 pretio
573 1403 651 1428 non
681 1389 847 1435 recidito,
869 1389 944 1427 alia
967 1388 1016 1426 ad
1044 1401 1085 1425 se
1111 1393 1269 1437 recepta
1299 1382 1572 1423 dissimularit?
1601 1389 1641 1418 et

177 1460 290 1498 porro
311 1449 349 1486 in
367 1450 594 1495 rationibus,
616 1463 714 1501 quas
734 1451 816 1501 ipse
836 1449 1020 1494 retulerit,
1040 1455 1189 1486 tantum
1211 1448 1260 1486 sit
1278 1445 1452 1484 furatus?
1481 1451 1639 1494 praeter-

176 1521 299 1559 eaque
328 1516 603 1548 testamentum
632 1511 831 1557 deleverit,
860 1510 1052 1560 mancipia
1084 1508 1314 1552 vendiderit,
1345 1513 1561 1555 caeteraque
1590 1504 1639 1542 ad

176 1583 264 1608 eum
298 1570 457 1609 modum
491 1571 780 1616 administrarit,
803 1584 917 1621 quern
940 1571 989 1607 ad
1016 1570 1172 1606 modum
1201 1581 1271 1605 nec
1297 1567 1549 1604 inimicissimi
1569 1565 1637 1603 ad-

177 1631 470 1670 ministrarent?
501 1632 588 1683 Ego
606 1639 709 1670 certe
728 1632 834 1670 haud
849 1632 943 1676 scio,
960 1644 1008 1669 an
1028 1631 1113 1668 haec
1132 1629 1345 1668 evidentius
1367 1642 1389 1666 a
1403 1628 1555 1666 nemine
1571 1628 1637 1665 de-

177 1694 384 1732 monstrari
402 1694 483 1732 ullo
499 1694 613 1733 modo
635 1700 793 1745 queant.

234 1757 296 1794 12.
326 1756 378 1793 At
395 1769 484 1794 vero
515 1756 620 1808 apud
647 1757 831 1794 arbitrum
861 1755 989 1794 dicere
1015 1768 1133 1793 ausus
1158 1760 1231 1800 est,
1251 1766 1292 1791 se
1315 1753 1363 1791 de
1383 1752 1442 1789 his
1463 1752 1637 1802 pecuniis

178 1817 341 1855 multum
363 1818 448 1856 aeris
470 1817 582 1856 alieni
602 1818 830 1856 dissolvisse
848 1830 918 1869 pro
947 1830 1007 1855 me
1032 1815 1296 1867 Demophonti
1325 1821 1363 1853 et
1391 1812 1639 1864 Therippidae

176 1879 444 1918 contutoribus
464 1880 558 1926 suis,
589 1887 628 1918 et
654 1879 739 1918 illos
768 1880 818 1918 de
845 1893 932 1918 meo
959 1879 1155 1930 accepisse
1184 1877 1316 1922 multa,
1338 1889 1457 1927 quum
1476 1875 1638 1925 probare

176 1947 357 1979 neutrum
376 1948 505 1992 queat.
527 1941 681 1992 -Neque
701 1942 801 1979 enim
821 1954 883 1979 me
903 1953 926 1978 a
946 1947 1053 1992 patre
1072 1939 1198 1977 alieno
1218 1951 1292 1976 aere
1310 1937 1536 1975 obstrictum
1556 1948 1638 1973 esse

175 2002 368 2049 relictum,
390 2003 430 2040 in
450 2003 568 2042 literis
592 2003 776 2049 ostendit,
797 2016 923 2054 neque
949 2002 1051 2048 illos,
1072 2001 1212 2053 quibus
1243 2013 1283 2038 se
1312 1998 1536 2037 dissolvisse
1570 1999 1636 2041 ait,

176 2069 298 2101 testes
329 2063 515 2109 exhibuit,
547 2077 671 2115 neque
698 2064 809 2102 etiam
831 2077 1035 2101 numerum
1066 2063 1242 2113 pecuniae
1262 2068 1429 2105 tantum,
1449 2066 1635 2110 quantum

176 2137 265 2162 eum
279 2125 476 2176 accepisse
490 2132 658 2171 constat,
672 2125 710 2163 in
727 2131 873 2163 tutores
888 2125 1061 2162 conferre
1075 2130 1215 2174 potest,
1232 2122 1303 2160 sed
1323 2133 1466 2172 magna
1476 2119 1638 2171 pecunia

176 2186 375 2226 minorem.
432 2187 699 2238 Interrogatus
724 2193 854 2225 autem
882 2199 952 2237 per
978 2185 1163 2223 arbitrum
1193 2197 1281 2223 curn
1307 2183 1355 2222 de
1380 2183 1440 2221 his
1459 2182 1637 2234 singulis,

177 2255 258 2286 turn
280 2255 405 2286 utrum
426 2262 507 2287 rem
529 2262 640 2288 suam
655 2244 880 2287 familiarem
896 2261 944 2286 ex
964 2247 1166 2285 usufructu
1183 2245 1367 2291 auxisset,
1383 2257 1432 2282 an
1448 2257 1538 2282 vero
1553 2244 1638 2294 ipsa

175 2310 322 2362 praedia
340 2317 379 2348 et
399 2317 543 2349 sortem
562 2309 870 2362 absumpsisset?
899 2309 1007 2355 item,
1027 2315 1151 2346 utrum
1171 2308 1250 2359 ipse
1271 2307 1321 2345 ad
1349 2306 1453 2344 hunc
1478 2305 1636 2343 modum

175 2378 330 2421 curatus
357 2384 381 2410 a
400 2372 592 2410 tutoribus
611 2372 671 2410 his
700 2372 826 2410 verbis
848 2371 918 2409 sibi
939 2370 1117 2409 satisfieri
1138 2375 1348 2421 pateretur,
1373 2381 1420 2406 an
1435 2380 1531 2413 ¹vero
1552 2379 1635 2404 sor-

176 2439 255 2470 tem
275 2445 355 2470 una
378 2445 468 2470 curn
499 2432 627 2470 usuris
649 2433 931 2484 efflagitaturus
953 2430 1087 2469 esset?
1117 2430 1180 2468 Ad
1199 2430 1284 2468 haec
1304 2428 1397 2467 nihil
1426 2427 1635 2478 respondit,

177 2494 247 2532 sed
268 2493 486 2545 spondebat
506 2507 548 2533 se
566 2501 809 2533 ostensurum
821 2494 1089 2545 patrimonium
1113 2504 1240 2530 meum
1255 2504 1341 2529 esse
1358 2490 1493 2528 decem
1512 2489 1635 2526 talen-

175 2562 283 2592 tum:
312 2555 451 2605 quibus
467 2555 498 2593 si
516 2555 608 2606 quid
629 2557 798 2603 abesset,
817 2555 856 2593 id
876 2568 958 2593 sese
979 2554 1239 2605 expleturum.
1273 2552 1340 2590 Me
1352 2563 1464 2603 porro
1475 2551 1634 2600 jubente

176 2615 261 2654 haec
280 2622 322 2653 ut
340 2617 482 2655 arbitro
501 2617 737 2664 ostenderet,
757 2630 833 2656 non
854 2616 1038 2662 ostendit,
1058 2628 1184 2666 neque
1208 2628 1250 2653 se
1270 2612 1536 2653 contutoribus
1556 2617 1635 2647 tra*

176 2677 323 2716 didisse
343 2677 799 2729 demonstravit—neque
824 2678 926 2717 enim
954 2677 1098 2717 arbiter
1117 2688 1205 2715 eum
1237 2676 1524 2716 damnasset—,
1563 2671 1633 2708 sed

175 2739 253 2778 tale
273 2739 532 2778 testimonium
553 2740 724 2791 protulit,
746 2740 794 2778 de
813 2754 892 2791 quo
912 2740 1040 2778 dicere
1061 2738 1206 2790 aliquid
1225 2735 1414 2778 instituet.
1463 2731 1633 2777 Proinde

177 2799 209 2838 si
230 2813 334 2839 nunc
353 2813 507 2852 quoque
527 2814 588 2839 me
612 2801 883 2853 patrimonium
915 2801 1056 2840 habere
1087 2800 1238 2845 dixerit,
1269 2797 1502 2846 interrogate
1530 2805 1632 2837 eum,

176 2861 320 2912 aquo?
350 2870 390 2900 et
408 2862 456 2900 de
473 2862 632 2913 singulis
647 2863 826 2905 exhibere
844 2870 963 2903 testes
975 2863 1132 2914 jubete:
1165 2862 1223 2898 sin
1249 2859 1288 2897 id
1316 2871 1376 2895 me
1404 2856 1546 2893 habere
1572 2854 1631 2892 di-

178 2923 273 2962 xerit
293 2923 366 2963 hoc
392 2925 508 2964 modo
528 2930 570 2962 ut
589 2931 788 2975 computet
811 2937 857 2963 ea
879 2938 967 2974 quae
982 2925 1029 2963 ab
1049 2931 1208 2973 utroque
1229 2927 1354 2958 tutore
1375 2918 1576 2965 debentur,
1593 2924 1643 2954 et*

867 2988 888 3022 3
910 2999 933 3028 Q
