1923 3149
288 200 364 235 278
606 195 682 234 DE
712 195 862 234 MALE
891 195 1068 234 GESTA
1100 194 1424 234 LEGATIONE.

288 303 500 344 servantur,
522 311 599 336 non
620 298 788 350 Apollini
816 299 981 350 pecunia
1010 298 1207 349 redigitur,
1229 298 1299 336 sed
1321 297 1491 347 germani
1512 298 1735 350 Amphicty-

288 371 381 397 ones
401 359 582 398 exsulant
609 366 648 397 et
672 360 984 406 exterminantur,
1014 371 1220 408 eorumque
1250 359 1353 409 regio
1380 366 1490 396 vasta
1516 359 1633 409 jacet,
1669 360 1734 410 qui

286 433 375 458 vero
407 427 496 458 ante
525 433 721 471 nunquam
753 421 909 458 fuerunt
929 420 1250 471 Amphictyones,
1269 419 1420 456 barbari
1443 419 1690 466 Macedones,
1709 419 1734 456 ii

286 494 389 519 nunc
407 482 444 519 vi
464 482 766 533 Amphictyones
787 495 874 519 esse
888 482 1034 519 volunt.
1092 480 1207 522 Quod
1231 482 1261 518 si
1283 481 1368 530 quis
1400 481 1448 518 de
1483 494 1593 519 sacra
1618 494 1735 532 pecu-

286 542 351 579 nia
378 543 610 580 mentionem
642 542 788 588 fecerit,
821 542 869 579 de
902 555 994 580 saxo
1026 542 1213 592 dejicitur,
1245 547 1283 578 et
1307 541 1389 578 urbi
1422 549 1562 579 nostrae
1591 542 1735 580 oraculi

285 604 537 654 praerogativa
570 611 629 642 est
659 609 801 653 erepta,
831 610 870 640 et
898 609 1018 641 totum
1049 603 1245 652 negotium
1265 601 1480 652 reipublicae
1506 609 1649 639 nostrae
1676 602 1734 639 fa-

287 670 394 702 ctum
409 671 468 702 est
487 664 703 714 aenigmatis
725 664 856 700 instar.
897 663 968 701 Ille
987 671 1025 701 et
1044 663 1135 700 nihil
1156 663 1337 700 mentitus
1363 670 1434 708 est,
1455 669 1494 700 et
1513 675 1599 712 quae
1619 663 1739 700 voluit

286 725 453 763 confecit
473 725 614 769 omnia,
629 737 710 770 vos,
731 737 820 762 cum
840 737 886 761 ea
903 725 1040 774 quibus
1061 724 1183 774 optari
1204 723 1361 761 meliora
1381 729 1587 773 nequeant,
1606 735 1737 774 spera-

285 786 428 831 veritis,
450 798 581 823 eorum
601 787 791 822 contraria
809 785 890 822 fieri
907 784 1068 829 vidistis,
1098 791 1149 830 et,
1170 798 1258 822 cum
1288 784 1326 821 in
1345 797 1444 835 pace
1462 784 1588 822 vivere
1605 784 1735 822 videa—

285 847 390 892 mini,
407 846 602 884 acerbiora
622 847 794 897 perpessi
813 846 921 893 estis,
943 859 1056 896 quam
1090 846 1121 882 si
1147 845 1289 882 bellum
1318 845 1513 895 gereretis,
1533 858 1579 883 ex
1597 845 1654 883 his
1674 845 1737 882 isti

287 909 492 959 pecuniam
505 908 664 952 habent,
686 915 724 945 et
742 908 780 944 in
799 908 902 945 hunc
917 920 1038 958 usque
1059 906 1158 944 diem
1177 919 1311 956 poenas
1331 918 1407 942 non
1427 905 1631 943 dederunt.

339 970 404 1006 92.
441 969 538 1006 Haee
561 976 688 1006 autem
722 968 877 1005 omnino
909 968 1086 1005 confecta
1105 979 1192 1004 esse
1221 965 1499 1016 largitionibus,
1520 972 1558 1002 et
1575 965 1738 1016 pretium

283 1042 414 1068 eorum
434 1030 603 1068 omniurn
624 1030 765 1067 habere
793 1030 899 1076 istos,
921 1028 1151 1076 Jamduduin
1172 1026 1281 1064 vobis
1300 1026 1545 1064 multifariam
1566 1026 1738 1064 deelara-

283 1096 365 1127 tum
380 1103 466 1128 esse
486 1089 661 1135 arbitror,
682 1096 721 1126 et
740 1102 885 1135 vereor,
904 1103 953 1126 ne
973 1095 1107 1126 contra
1126 1100 1242 1137 quam
1262 1087 1350 1124 volo
1366 1088 1516 1132 faciam,
1533 1094 1572 1124 et
1587 1087 1677 1124 dum
1697 1087 1736 1125 id

281 1158 460 1189 accurate
479 1163 597 1188 conor
616 1149 833 1196 ostendere,
853 1149 960 1186 vobis
980 1149 1164 1185 molestus
1185 1148 1269 1192 sim,
1286 1147 1336 1185 rei
1345 1147 1573 1197 jamdudum
1590 1148 1734 1197 gnaris,

284 1212 352 1250 sed
372 1219 501 1250 tamen
519 1219 557 1249 et
574 1211 646 1248 hoc
667 1211 811 1248 audite.
869 1210 990 1247 Estne
1010 1209 1223 1259 legatorum
1245 1209 1396 1259 aliquis,
1416 1222 1512 1258 quos
1535 1209 1734 1260 Philippus

283 1273 360 1311 huc
389 1273 548 1317 miserit,
580 1272 642 1310 eui
674 1285 743 1309 vos
775 1283 914 1308 aeream
947 1271 984 1307 in
1019 1270 1101 1307 foro
1133 1275 1297 1307 statuam
1332 1269 1614 1314 decerneretis?
1643 1271 1736 1320 quid

283 1334 405 1373 vero?
435 1348 483 1372 an
504 1334 646 1372 victum
665 1333 704 1370 in
723 1333 918 1383 Prytaneo
938 1331 1109 1369 daretis?
1139 1337 1206 1368 aut
1224 1330 1378 1380 aliquod
1399 1329 1502 1367 aliud
1522 1332 1735 1381 praemium,

283 1410 360 1446 quo
390 1395 644 1433 benemeritos
682 1393 908 1431 honoratis?
938 1392 1126 1442 Equidem
1157 1405 1235 1429 non
1269 1391 1416 1442 opinor.
1461 1392 1570 1429 Cur?
1601 1392 1735 1443 Neque

283 1457 386 1495 enim
405 1470 473 1495 vos
493 1456 634 1506 ingrati
665 1456 771 1499 estis,
793 1468 916 1504 neque
950 1453 1125 1490 homines
1153 1452 1290 1502 injurii,
1313 1465 1438 1502 neque
1457 1452 1570 1489 mali:
1601 1453 1671 1490 sed
1690 1466 1736 1490 eo

283 1533 351 1558 vos
385 1520 555 1556 facturos
588 1517 780 1567 negaretis
814 1515 946 1565 (idque
978 1527 1066 1552 vere
1100 1520 1139 1551 et
1157 1514 1290 1560 reete),
1322 1513 1426 1562 quod
1457 1526 1524 1563 pro
1557 1513 1739 1564 Philippo

283 1580 427 1625 omnia,
449 1592 519 1630 pro
544 1578 654 1616 vobis
684 1577 777 1614 nihil
804 1589 959 1626 prorsus
992 1574 1174 1625 egissent.
1221 1574 1320 1611 Cum
1350 1586 1416 1611 vos
1444 1573 1558 1624 igitur
1577 1575 1630 1612 ita
1648 1587 1736 1612 sen-

283 1641 401 1686 tiatis,
420 1640 562 1691 putatis
584 1639 693 1676 aliter
728 1637 948 1687 Philippum
977 1648 1062 1674 esse
1096 1635 1321 1681 animatum,
1351 1642 1466 1685 atque
1495 1635 1577 1672 istis
1608 1642 1667 1673 tot
1697 1642 1737 1673 et

282 1709 392 1740 tanta
410 1702 538 1752 largiri
558 1713 717 1738 munera
741 1705 957 1749 propterea,
978 1697 1081 1747 quod
1101 1710 1170 1748 pro
1196 1697 1303 1734 vobis
1323 1696 1555 1747 legationem
1575 1703 1679 1735 reete
1698 1703 1739 1735 et

281 1777 368 1802 vere
388 1761 578 1801 obierint?
610 1761 709 1799 Fieri
726 1773 804 1798 non
823 1764 963 1810 potest.
1022 1758 1287 1808 Hegesippum
1321 1757 1436 1803 enim,
1466 1764 1505 1795 et
1524 1757 1737 1808 collegatos

284 1826 365 1875 ejus
385 1824 521 1862 videtis
543 1830 586 1861 ut
604 1822 810 1872 acceperit.
868 1820 1007 1858 Cetera
1025 1825 1149 1857 taceo.
1206 1819 1285 1856 Sed
1305 1819 1558 1856 Xenoclidem
1578 1826 1736 1869 poetam

284 1887 364 1936 egit
394 1886 432 1923 in
462 1885 649 1929 exsilium,
672 1883 776 1934 quod
814 1895 894 1926 eos,
927 1881 1028 1918 cives
1062 1893 1166 1926 suos,
1202 1880 1368 1931 hospitio
1397 1887 1616 1931 exceperat.
1672 1881 1737 1918 Sic

284 1946 459 1985 cumillis
480 1946 560 1996 agit
578 1945 644 1995 qui
672 1957 758 1981 vere
791 1950 830 1981 et
863 1955 912 1980 ex
938 1942 1064 1979 animo
1085 1954 1242 1979 causam
1272 1947 1439 1979 vestram
1469 1948 1602 1992 agunt.
1659 1944 1736 1985 Qui

283 2021 375 2046 vero
395 2008 541 2057 seipsos
560 2004 827 2049 vendiderunt,
846 2016 911 2041 eos
928 2009 1081 2049 tractat,
1110 2009 1154 2039 ut
1181 2002 1290 2040 istos.
1348 2002 1448 2039 Haec
1468 2002 1584 2052 igitur
1602 2010 1735 2049 testes,

283 2069 368 2107 haee
401 2068 529 2118 aliqua
564 2067 708 2116 majora
741 2070 970 2115 argumenta
1006 2063 1233 2113 requirunt?
1280 2063 1363 2100 haee
1392 2062 1593 2113 quisquam
1627 2065 1737 2102 vobis

287 2129 524 2180 extorquebit
541 2128 555 2164 2

338 2193 402 2229 93.
433 2190 594 2228 Dudum
610 2196 738 2227 autem
759 2194 847 2226 ante
868 2187 1011 2225 curiam
1032 2187 1187 2237 quidam
1214 2188 1331 2232 venit,
1354 2194 1393 2225 et
1421 2187 1512 2225 mihi
1543 2200 1622 2225 rem
1643 2187 1738 2225 dixit

285 2253 454 2291 omnium
468 2250 781 2290 absurdissimam
799 2263 807 2287 z
838 2249 1053 2287 instituisse
1073 2261 1157 2285 eum
1182 2249 1386 2286 Charetem
1404 2260 1600 2294 accusare,
1621 2255 1735 2298 atque

285 2327 330 2352 eo
349 2314 465 2351 modo
485 2319 524 2350 et
542 2313 586 2349 iis
607 2311 733 2349 verbis
753 2309 878 2360 decipi
899 2322 1013 2360 posse
1032 2322 1100 2346 vos
1123 2321 1287 2359 sperare.
1345 2308 1428 2358 Ego
1447 2321 1550 2353 vero,
1570 2308 1600 2346 si
1619 2322 1735 2347 accu-

285 2382 387 2413 setur
414 2375 575 2419 Chares,
590 2373 783 2410 inventum
803 2371 846 2408 iri
866 2384 953 2409 eum
974 2370 1136 2408 fideliter
1156 2377 1196 2408 et
1213 2369 1397 2407 benevole
1419 2369 1542 2406 modis
1565 2370 1737 2409 omnibus

284 2449 354 2488 pro
375 2436 481 2472 vobis
513 2435 651 2485 egisse,
683 2433 866 2484 quicquid
895 2433 934 2469 in
962 2433 1044 2482 ipso
1076 2432 1213 2468 fuerit:
1244 2437 1401 2481 propter
1420 2444 1485 2469 eos
1507 2438 1649 2478 autem,
1670 2432 1735 2483 qui

286 2497 366 2535 suis
386 2496 609 2546 corruptelis
625 2494 780 2544 negotia
794 2494 1011 2544 perderent,
1033 2499 1139 2530 tanto
1159 2492 1276 2528 fuisse
1303 2491 1534 2538 inferiorem,
1555 2505 1633 2530 non
1653 2505 1735 2530 ma-

286 2570 452 2610 gnopere
469 2556 674 2594 contendo.
735 2554 812 2592 Sed
833 2555 991 2591 nimium
1011 2553 1072 2591 isti
1093 2552 1244 2602 largIar.
1304 2553 1415 2598 Esto,
1430 2566 1519 2590 vere
1534 2553 1736 2592 AEschines

285 2621 332 2658 de
353 2633 397 2657 eo
417 2618 520 2656 dieat
538 2617 690 2655 omnia:
722 2616 836 2653 etiam
858 2616 911 2653 sic
931 2621 1060 2652 tamen
1086 2613 1294 2651 admodum
1321 2613 1524 2651 ridiculum
1545 2615 1627 2660 erit,
1647 2628 1736 2653 eum

286 2682 333 2719 ab
353 2681 427 2718 isto
447 2678 632 2717 accusari.
684 2677 768 2727 Ego
800 2676 899 2713 enim
934 2675 1026 2712 nihil
1059 2674 1163 2724 quod
1195 2674 1231 2710 in
1257 2673 1358 2710 bello
1388 2674 1634 2711 commissum
1664 2681 1736 2723 est,

288 2742 457 2780 AEscliini
478 2740 624 2789 imputo
643 2737 699 2786 (id
718 2736 817 2774 enim
840 2750 862 2773 a
883 2735 1044 2772 (lucibus
1075 2733 1344 2783 requirendum
1365 2735 1439 2783 est)
1461 2747 1583 2784 neque
1602 2747 1735 2784 pacem

285 2804 427 2841 factam
449 2815 471 2839 a
490 2799 706 2851 republica:
728 2797 797 2835 scd
814 2797 999 2834 hactenus
1015 2795 1192 2833 condono
1206 2795 1346 2833 omnia.
1379 2795 1482 2836 Quid
1498 2795 1609 2845 igitur
1623 2795 1734 2833 dico?

286 2865 389 2902 unde
409 2875 589 2901 accusare
606 2859 766 2911 incipio?
788 2857 1025 2900 Quothdum
1046 2870 1179 2907 pacem
1197 2857 1414 2907 respublica
1429 2856 1585 2902 faceret,
1605 2855 1736 2895 Philo-

285 2925 379 2964 crati
411 2923 644 2973 suffragatus
673 2927 744 2966 est,
765 2933 838 2957 non
860 2919 904 2956 iis
922 2919 985 2970 qui
1007 2918 1221 2957 suadebant
1252 2918 1415 2969 optima:
1447 2916 1550 2967 quod
1577 2929 1735 2956 munera
