1923 3149
241 213 319 250 440
642 209 864 248 CONTRA
897 209 1277 247 TIMOCRATEM.

234 316 342 352 vobis
375 313 600 365 placuisset,
620 314 733 351 sicuti
756 327 824 365 par
852 321 945 358 erat,
975 326 1029 350 ms
1050 313 1216 350 alienum
1235 311 1360 362 potius
1380 311 1495 361 exigi,
1516 323 1582 361 spe
1615 323 1681 348 vos

232 376 468 417 subducens,
503 382 543 411 et
573 375 802 412 auctoritate
841 375 976 417 fretus,
1009 385 1124 422 quam
1151 385 1218 422 per
1245 373 1311 409 illa
1338 380 1511 422 tempora
1547 380 1682 408 nactus

235 446 331 480 crat,
348 436 512 486 receptis
534 436 684 486 legibus
706 435 890 472 utendum
909 435 980 471 sibi
997 446 1081 470 esse
1101 446 1178 470 non
1198 434 1361 477 censuit,
1385 441 1464 477 aut,
1485 433 1515 470 si
1535 433 1627 481 quid
1647 432 1683 467 in

236 499 295 536 his
309 498 602 540 desideraretur,
621 496 714 534 alias
731 495 938 545 rogandam,
951 495 1020 532 sed
1041 494 1145 544 apud
1165 507 1234 531 vos
1254 494 1411 531 decreta
1425 494 1515 530 fecit
1533 495 1685 533 acerba,

236 568 276 598 et
295 559 442 608 legibus
461 558 663 603 contraria,
686 570 752 607 per
772 570 858 607 quae
879 569 949 593 suo
969 555 1134 605 quaestui
1156 555 1396 599 consulebat,
1424 555 1497 591 isto
1515 553 1684 591 sordium

234 620 482 659 conciliatore
500 626 626 663 utenS,
648 626 686 656 et
714 618 836 655 multa
863 618 971 654 vobis
1000 617 1212 654 furabatur.
1256 617 1343 653 Hoc
1362 617 1535 665 adjutore
1561 615 1684 652 unde-

236 682 411 720 cimxiros
432 688 471 718 et
491 687 700 731 quaestores
721 681 903 724 urbanos,
923 687 962 716 et
981 679 1175 715 ministros
1196 678 1369 715 comitari
1392 690 1432 714 se
1452 678 1608 714 decreto
1621 677 1685 726 ju-

230 745 361 787 bebat,
382 742 523 780 deinde
543 741 586 778 iis
608 740 839 778 satellitibus
856 748 1003 777 vestras
1023 740 1126 776 aedes
1147 739 1369 776 invadebat.
1412 738 1459 774 Et
1480 746 1535 781 tu,
1556 738 1684 773 'simo-

235 812 374 849 cratcs,
393 803 499 839 solus
516 815 535 839 e
557 801 732 851 collegis,
754 814 916 851 quorum
936 813 1095 837 numero
1111 800 1244 838 decem
1266 808 1388 846 erant,
1407 812 1493 838 eum
1516 806 1686 836 assecta-

235 868 339 903 bare.
403 863 540 913 Neque
573 876 663 900 vero
695 875 754 899 inc
781 862 982 911 quisquam
1014 852 1125 911 putet
1163 861 1306 905 dicere,
1344 875 1420 898 non
1449 860 1683 909 exigendum

234 928 352 964 fuisse
371 938 425 962 aes
447 925 626 961 alienum.
669 923 757 959 Fuit
778 924 879 960 enim
907 922 1154 973 exigendum.
1194 922 1272 959 Sed
1291 921 1513 971 quomodo?
1545 921 1600 958 Ut
1623 921 1684 958 lex

228 988 356 1038 jubet,
378 985 538 1022 aliorum
558 996 688 1022 causa.
721 984 820 1020 Nam
837 983 912 1021 hoc
931 983 1117 1033 populare
1139 990 1211 1020 est.
1243 982 1380 1032 Neque
1401 982 1501 1020 enim
1519 988 1682 1025 tantum,

235 1048 512 1091 Athenienses,
540 1046 706 1096 quinque
738 1046 883 1082 talenta
907 1058 975 1095 per
1006 1045 1099 1082 istos
1126 1050 1277 1081 extorta
1309 1044 1416 1082 vobis
1447 1044 1685 1094 profuerunt,

233 1115 418 1160 quantum
439 1107 537 1144 tales
553 1106 851 1144 consuetudines
873 1107 910 1143 in
930 1107 1064 1143 urbem
1081 1105 1311 1142 introductae
1326 1112 1553 1142 nocuerunt.
1583 1105 1684 1141 Nam

237 1172 268 1209 si
303 1176 476 1220 spectare
504 1168 642 1212 velitis,
671 1168 921 1218 quamobrem
950 1166 1085 1216 aliquis
1107 1167 1143 1203 in
1164 1166 1398 1204 democratia
1422 1166 1549 1202 vivere
1579 1165 1687 1202 malit

231 1244 347 1282 quam
367 1231 405 1267 in
425 1229 645 1278 oligarcliia‚
663 1229 739 1265 hoc
760 1228 888 1265 statim
908 1235 997 1265 ante
1014 1228 1142 1265 omnia
1160 1228 1199 1264 in
1218 1234 1397 1277 promptu
1416 1228 1500 1270 erit,
1522 1227 1626 1277 quod
1646 1228 1684 1264 in
1702 1248 1704 1250 v

233 1290 486 1330 Democratia
504 1289 633 1326 omnia
647 1295 737 1326 sunt
750 1288 990 1326 humaniora.
1020 1289 1122 1325 Istos
1143 1294 1271 1325 autem
1286 1288 1408 1325 multo
1428 1288 1685 1338 petulantiora

232 1362 272 1392 et
283 1352 498 1390 crudeliora
511 1350 750 1401 designasse,
760 1363 874 1400 quam
888 1351 925 1387 in
938 1350 1018 1387 ulla
1029 1349 1180 1400 uspiam
1201 1349 1412 1399 oligarchia
1426 1349 1506 1387 fieri
1519 1350 1684 1392 soleant,

231 1413 461 1467 praeteribo:
492 1411 560 1450 sed
595 1413 750 1461 quando
783 1424 953 1462 unquam
979 1412 1018 1448 in
1044 1411 1136 1448 urbe
1160 1418 1294 1448 nostra
1314 1410 1481 1448 maxima
1507 1411 1683 1448 inhuma-

229 1477 330 1515 nitas
352 1481 527 1525 grassata
546 1473 630 1510 est?
662 1473 745 1510 Nec
776 1473 848 1510 sub
871 1472 1030 1521 triginta
1057 1471 1242 1522 tyrannis,
1263 1485 1397 1509 omnes
1418 1485 1486 1508 vos
1507 1472 1680 1510 dicturos

231 1543 472 1587 compertum
490 1535 629 1572 habeo.
666 1535 764 1570 Tum
784 1533 884 1570 enim
905 1546 1015 1570 nemo
1041 1532 1125 1577 fuit,
1145 1532 1206 1570 cui
1226 1546 1303 1570 non
1323 1545 1546 1570 conservare
1567 1533 1683 1570 vitam

230 1597 394 1642 licuerit,
414 1595 445 1632 si
471 1608 512 1632 se
532 1595 633 1632 domi
654 1595 877 1631 abdidisset.
922 1594 1002 1631 Sed
1021 1594 1070 1630 ob
1090 1593 1164 1631 hoc
1183 1593 1340 1644 triginta
1366 1601 1547 1645 tyrannos
1568 1607 1684 1632 accu-

232 1673 374 1703 samus,
395 1656 500 1708 quod
521 1656 694 1693 homines
712 1656 748 1692 in
765 1656 860 1701 foro,
880 1668 948 1705 per
967 1655 1144 1705 injuriam
1165 1655 1478 1705 comprehensos,
1498 1656 1684 1693 violenter

233 1720 491 1758 abducebant.
535 1718 605 1754 Isti
625 1723 753 1753 autem
773 1723 882 1753 tanto
904 1715 1056 1752 illorum
1083 1715 1366 1765 improbitatem
1393 1715 1594 1753 intervallo
1619 1729 1682 1753 su·

229 1787 425 1834 pei-arunt,
447 1787 488 1817 ut
505 1779 543 1816 in
564 1778 799 1816 democratia
823 1777 1100 1827 rempublicam
1129 1783 1322 1827 gerentes,
1353 1777 1533 1814 adductis
1563 1779 1685 1815 unde-

232 1842 411 1887 cimviris,
432 1853 523 1878 suas
543 1840 681 1888 cuique
702 1838 806 1875 aedes
833 1838 867 1875 in
890 1851 1085 1875 carcerem
1110 1844 1389 1875 converterent.
1437 1838 1539 1879 Quid
1567 1839 1684 1887 igitur

230 1904 346 1942 animi
365 1903 546 1940 habuisse
565 1901 745 1945 censetis,
773 1900 940 1951 judices,
964 1899 1155 1937 hominem
1186 1911 1409 1949 pauperem,
1439 1906 1556 1949 atque
1583 1901 1682 1938 adeo

232 1965 388 2002 divitem
426 1963 554 2007 etiam,
586 1963 802 2012 sumptibus
840 1960 1085 2003 exhaustum,
1120 1960 1196 1996 imo
1224 1960 1337 1996 etiam
1365 1959 1491 2009 aliqua
1517 1959 1681 1998 fortasse

231 2024 421 2077 probabili
448 2024 496 2060 de
518 2035 637 2060 causa
662 2021 840 2072 praesenti
859 2021 1026 2071 pecunia
1056 2027 1264 2065 carentem,
1287 2034 1375 2058 cum
1404 2033 1480 2057 non
1510 2021 1626 2059 modo
1644 2022 1680 2059 in

232 2088 358 2125 sorum
386 2084 564 2136 progredi
591 2095 668 2120 non
698 2082 843 2126 liceret,
873 2081 943 2118 sed
972 2094 1043 2118 nec
1074 2081 1177 2118 domi
1207 2094 1248 2119 se
1275 2087 1361 2118 tuto
1387 2093 1540 2119 manere
1568 2095 1682 2133 posse

230 2152 416 2190 cerneret,
437 2157 647 2194 earumque
677 2156 802 2180 rerum
823 2149 956 2180 auctor
976 2150 1080 2180 esset
1098 2142 1299 2187 Androtio,
1317 2155 1427 2192 quern
1449 2156 1520 2180 sua
1537 2143 1682 2181 facino-

230 2221 275 2246 ra
292 2214 332 2246 et
357 2213 546 2245 anteactae
574 2205 663 2242 vitae
691 2205 799 2249 ratio,
828 2216 900 2241 nec
929 2203 1001 2240 sibi
1033 2203 1156 2241 factas
1185 2203 1340 2254 injurias
1368 2203 1682 2254 ulciscijudicio,

232 2268 376 2306 nedum
411 2267 564 2304 nomine
601 2265 766 2302 civitatis
805 2264 947 2302 tributa
975 2264 1157 2314 colligere
1190 2263 1463 2314 patiebantur?
1498 2265 1619 2315 Atqui
1651 2267 1682 2303 si

232 2331 319 2379 quis
339 2341 426 2366 eum
450 2327 716 2377 interrogaret,
744 2332 810 2363 aut
838 2332 890 2371 te,
909 2326 1160 2371 Timocrates,
1190 2324 1430 2362 laudatorem
1462 2325 1620 2362 istorum
1643 2334 1683 2364 et

231 2390 513 2433 administrum,
533 2401 692 2438 corpora
714 2400 760 2424 ne
781 2387 925 2424 tributa
953 2387 1133 2430 debeant,
1155 2399 1203 2424 an
1225 2385 1504 2436 possessiones,
1528 2399 1680 2436 posses-

231 2451 360 2488 siones
389 2449 540 2495 dicetis,
566 2449 597 2486 si
618 2448 733 2486 modo
763 2447 872 2485 fateri
894 2460 984 2485 vera
1002 2447 1212 2486 volueritis.
1260 2446 1361 2483 Nam
1390 2446 1438 2484 de
1458 2445 1517 2484 his
1538 2448 1682 2486 tributa

234 2511 450 2563 pendimus.
1556 2524 1563 2525 ff

289 2573 352 2609 39.
382 2572 461 2625 Cur
491 2570 619 2619 igitur,
649 2570 864 2607 mortalium
893 2569 1062 2607 omnium
1096 2569 1380 2619 improbissimi,
1412 2569 1557 2607 omissa
1581 2583 1681 2621 prae·

232 2635 381 2672 diorum
401 2639 440 2671 et
465 2631 604 2669 aedium
623 2632 897 2681 publicatione,
920 2638 961 2668 et
979 2631 1110 2668 talium
1132 2643 1257 2667 rerum
1280 2630 1572 2681 proscriptione,
1597 2633 1680 2670 vin-
1713 2669 1718 2673 ,

231 2695 405 2738 ciebatis,
426 2699 465 2730 et
483 2692 726 2730 contumeliis
746 2692 972 2729 afficiebatis
991 2691 1165 2729 homines
1186 2692 1300 2736 cives,
1320 2698 1358 2729 ct
1377 2691 1534 2729 miseros
1557 2693 1680 2743 inqui-

231 2756 344 2800 linos,
357 2754 495 2804 quibus
508 2766 576 2790 vos
592 2748 829 2790 libidinosius
844 2752 1068 2796 insultastis,
1083 2765 1196 2802 quam
1213 2752 1348 2789 vestris
1361 2752 1583 2802 mancipiis?
1606 2755 1679 2791 At-

229 2816 293 2865 qui
315 2816 345 2853 si
365 2814 469 2865 apud
489 2827 554 2851 vos
581 2813 650 2864 ipsi
666 2813 929 2857 consideretis,
957 2812 1124 2863 judices,
1154 2813 1286 2863 quanti
1304 2812 1444 2850 reserat
1469 2813 1677 2863 ingenuum

234 2889 335 2921 esse,
359 2889 405 2912 an
427 2888 592 2918 servum,
612 2874 708 2911 illud
733 2874 938 2910 maximum
971 2873 1175 2911 discrimen
1201 2874 1420 2924 reperietis:
1449 2873 1549 2923 quod
1580 2875 1677 2911 servi

230 2936 411 2987 quicquid
432 2936 715 2981 commiserunt,
736 2948 893 2985 corpore
922 2934 1025 2973 luere
1045 2941 1250 2986 coguntur,
1270 2935 1423 2984 ingenui
1450 2942 1578 2972 autem
1606 2935 1679 2972 hoc
