1923 3149
455 194 529 231 DE
561 194 709 231 MALE
738 194 922 233 GESTA
950 194 1286 233 LEGATIONE.
1531 198 1609 232 279

155 295 304 345 accepit
319 307 328 332 :
346 296 451 345 quod
468 296 607 335 deinde
622 298 661 334 in
677 298 888 348 posteriore
907 295 1099 347 legatione
1114 304 1289 347 tempora
1308 297 1561 347 consumpsit,
1574 305 1613 334 ct

154 355 248 393 nihil
263 368 394 394 eorum
409 371 494 407 quar
510 372 577 396 vos
592 358 887 403 mandaveratis,
899 357 1001 401 fecit,
1012 357 1117 406 quod
1133 357 1261 394 fucum
1274 359 1366 395 fecit
1380 358 1613 408 reipublicae.

156 416 206 453 Et
223 418 390 456 excitata
407 432 488 469 spe,
509 432 595 469 quae
615 419 802 457 vellemus
821 431 905 463 nos,
928 417 1147 467 Philippum
1168 430 1252 454 esse
1266 418 1470 462 facturum,
1483 421 1613 456 omnia

154 477 447 529 perdidit,quod
462 487 611 530 postea,
624 492 710 517 cum
727 479 788 516 alii
803 484 1099 529 praemonerent,
1113 478 1327 516 cavendum
1341 492 1425 515 esse
1439 492 1539 523 eum,
1550 480 1613 529 qui

155 550 222 576 vos
236 546 293 576 tot
311 540 452 591 injuriis
471 540 676 586 affecisset,
692 540 773 590 ipse
792 538 977 577 defendit.
1009 538 1105 576 Haec
1126 551 1283 584 accuso,
1299 538 1381 576 haec
1402 540 1615 577 memineri-

155 599 216 636 tis.
257 600 358 638 Nam
385 601 531 652 justam
550 614 685 651 pacem
705 606 744 638 et
762 612 927 650 aequam,
946 599 1120 636 homines
1142 599 1233 637 item
1252 599 1483 649 incorruptae
1512 601 1615 647 fidei,

155 668 195 697 et
211 667 299 711 post
318 661 410 699 nihil
429 661 625 708 mentitos,
645 662 759 699 etiam
775 661 1008 707 laudassem,
1028 667 1067 698 et
1085 673 1229 698 corona
1248 661 1383 698 donari
1396 662 1614 712 jussissem.

158 721 198 758 Si
217 722 303 771 quis
323 729 452 760 autem
470 735 538 759 vos
559 722 640 759 dux
658 722 788 760 affecit
801 721 959 772 injuriis,
978 721 1017 758 id
1039 721 1089 759 ad
1108 721 1209 760 hanc
1228 721 1438 760 reddendae
1457 723 1614 760 rationis

155 795 313 821 causam
332 783 424 820 nihil
443 783 593 821 attinet.
640 784 737 827 Quis
758 783 859 821 enim
880 783 960 820 dux
980 783 1109 830 Alum,
1129 784 1213 834 quis
1235 784 1456 822 Phocenses
1486 785 1614 835 perdi-

156 843 240 882 dit?
269 845 354 894 quis
383 845 615 883 Doriscum?
657 845 742 896 quis
776 845 1096 896 Cersobleptem?
1126 846 1211 896 quis
1243 859 1392 883 sacrum
1422 847 1617 884 montem?

155 905 240 954 quis
262 905 379 957 Pylas
398 906 413 942 ἲ
441 906 526 956 quis
547 906 686 952 effecit,
707 913 750 944 ut
767 920 835 957 per
865 907 990 944 socios
1014 913 1055 944 et
1074 906 1216 944 amicos
1236 920 1358 957 usque
1378 908 1427 945 ad
1449 908 1616 946 Atticam

157 966 337 1018 Philippo
356 975 461 1005 esset
478 968 579 1005 iter?
607 967 691 1018 quis
714 969 944 1013 Coroneam,
977 968 1061 1018 quis
1096 968 1401 1015 Orchomenum,
1422 970 1509 1019 quis
1537 969 1617 1006 Eu-

156 1027 284 1064 boeam
304 1028 509 1066 alienavit?
538 1030 623 1079 quis
645 1029 812 1080 Megara
826 1029 942 1080 paulo
960 1036 1047 1067 ante
1063 1029 1078 1065 ἲ
1098 1030 1183 1080 quis
1196 1029 1414 1069 Thebanos
1428 1029 1618 1068 firmavit?

158 1089 258 1130 Quae
271 1102 491 1140 quanquam
511 1096 568 1128 tot
588 1097 773 1140 tantaque
793 1098 897 1137 sunt,
916 1091 1011 1128 nihil
1027 1097 1158 1128 tamen
1179 1104 1327 1137 eorum,
1341 1092 1456 1142 culpa
1476 1091 1620 1129 ducum

157 1150 284 1200 periit,
306 1164 432 1201 neque
451 1159 579 1190 vestro
599 1165 794 1190 consensu
825 1165 1053 1190 concessum
1074 1152 1112 1189 in
1132 1165 1241 1203 pace,
1265 1153 1468 1205 Philippus
1490 1160 1618 1191 tenet:

157 1210 227 1249 sed
245 1224 292 1249 ea
309 1225 378 1262 per
396 1212 491 1251 istos
510 1213 718 1263 perierunt,
739 1206 948 1264 eorumque
967 1213 1219 1265 corruptelas.

212 1274 276 1309 94.
307 1273 424 1315 Quod
445 1275 477 1311 si
495 1274 579 1311 haec
605 1274 760 1325 fugerit,
782 1282 821 1312 et
850 1275 995 1321 errarit,
1015 1282 1054 1313 et
1074 1275 1224 1325 quidvis
1245 1277 1371 1326 potius
1393 1277 1542 1322 dixerit,
1563 1278 1618 1315 sic

156 1334 192 1371 ei
211 1335 414 1373 occurrite.
448 1335 538 1373 Non
559 1335 606 1373 de
627 1336 726 1374 duce
740 1336 932 1386 judicium
952 1337 1138 1374 facimus:
1169 1351 1248 1375 non
1267 1338 1403 1375 horum
1417 1339 1617 1376 criminum

155 1407 243 1432 reus
264 1408 320 1442 es,
334 1409 382 1434 ne
402 1395 478 1442 dic,
500 1397 614 1434 etiam
635 1396 750 1434 alium
763 1397 980 1448 quempiam
996 1398 1211 1448 praebuisse
1231 1412 1386 1436 causam
1407 1399 1622 1444 Phocensie

157 1469 222 1492 um
242 1457 416 1495 excidio:
447 1457 517 1495 sed
535 1465 573 1495 te
592 1458 783 1496 insontem
805 1472 891 1497 esse
923 1458 1130 1497 ostendito.
1189 1460 1293 1504 Quid
1327 1460 1457 1510 igitur,
1480 1462 1511 1498 si
1529 1462 1625 1512 quid

158 1516 316 1568 deliquit
331 1519 631 1566 Demosthenes,
650 1533 752 1558 nunc
774 1533 917 1567 narras,
937 1527 976 1558 et
992 1534 1084 1567 non,
1105 1534 1194 1559 cum
1214 1522 1399 1559 rationem
1430 1523 1622 1570 redderet,

160 1581 401 1618 accusabas?
435 1581 537 1618 Nam
552 1588 707 1632 propter
726 1581 799 1620 hoc
818 1582 942 1633 ipsum
956 1582 1097 1633 dignus
1117 1596 1157 1620 es
1171 1583 1299 1620 exitio.
1331 1583 1368 1620 N
1372 1596 1392 1620 e
1411 1583 1488 1631 dic,
1506 1598 1623 1636 quam

159 1653 218 1678 res
239 1642 343 1679 bona
356 1642 404 1679 sit
418 1655 493 1693 pax
508 1649 622 1692 atque
638 1642 753 1679 utilis.
793 1643 918 1680 Nemo
931 1644 1031 1680 enim
1047 1644 1155 1694 pacis
1175 1657 1198 1681 a
1216 1643 1412 1694 republica
1426 1645 1540 1683 factae
1555 1659 1623 1684 au-

159 1708 303 1740 ctorem
321 1709 358 1740 te
379 1716 466 1740 esse
486 1703 584 1740 dicit
599 1715 608 1739 :
629 1701 710 1748 sed,
723 1715 800 1740 non
814 1703 975 1754 turpiter
990 1712 1029 1741 et
1041 1704 1344 1755 flagitiose,post
1356 1705 1486 1744 multis
1506 1707 1544 1744 in
1563 1720 1622 1746 re-

158 1764 232 1801 bus
251 1777 321 1801 nos
341 1777 427 1802 esse
447 1764 644 1814 deceptos,
660 1776 738 1809 non
768 1764 897 1801 omnia
921 1764 1094 1814 periisse,
1112 1765 1153 1801 id
1168 1764 1297 1803 dicito.
1355 1765 1506 1804 Horum
1521 1769 1622 1806 enim

159 1825 328 1875 omnium
343 1832 381 1863 te
396 1837 481 1863 esse
499 1831 708 1870 auctorem,
722 1823 761 1861 id
781 1825 892 1862 nobis
909 1831 970 1862 est
990 1832 1199 1869 ostensum.
1231 1825 1311 1863 Cur
1327 1839 1418 1865 vero
1432 1827 1621 1868 hactenus

159 1899 249 1924 eum
272 1887 337 1937 qui
358 1887 451 1924 talia
469 1885 700 1937 designavit,
715 1885 882 1923 laudas?
918 1885 959 1922 Si
979 1886 1034 1924 sic
1055 1888 1102 1924 ab
1118 1900 1163 1924 eo
1183 1887 1375 1937 caventis,
1393 1888 1487 1926 nihil
1504 1890 1625 1930 habe-

157 1947 226 1995 bit,
247 1948 351 1999 quod
368 1947 622 1999 respondeat:
656 1947 725 1984 sed
745 1947 888 1985 frustra
906 1960 1042 1985 vocem
1055 1948 1118 1986 hic
1140 1954 1269 1994 acuet,
1290 1956 1330 1986 et
1346 1948 1622 1991 declamitabit.

213 2010 279 2049 95.
309 2010 388 2047 Sed
406 2008 578 2053 fortassis
596 2014 636 2046 et
654 2008 702 2045 de
721 2020 817 2046 voce
836 2008 1056 2046 necessario
1076 2008 1298 2055 ,dicendum
1324 2016 1396 2048 est.
1452 2011 1555 2051 Nam
1576 2026 1623 2052 ea

161 2084 315 2121 quoque
340 2083 573 2121 magnopere
590 2065 724 2107 >fretus
757 2082 843 2107 esse
872 2070 1005 2116 fertur,
1025 2076 1067 2108 ut
1101 2071 1262 2109 actionis
1281 2071 1526 2112 vehementia
1553 2089 1622 2114 vos

160 2132 434 2170 debellaturus.
491 2130 646 2168 Facturi
668 2137 793 2168 autem
816 2131 922 2177 estis,
940 2144 1027 2169 mea
1045 2131 1202 2182 quidem
1233 2132 1424 2184 opinione,
1452 2137 1625 2174 omnium

159 2193 410 2244 ineptissime,
426 2192 457 2230 si
475 2205 590 2242 quem
610 2191 790 2242 Thyestis
812 2198 851 2230 et
872 2192 1031 2244 Trojani
1049 2193 1141 2231 belli
1159 2194 1263 2231 mala
1282 2202 1624 2245 repraesentantem

161 2255 340 2306 ejecistiS,
361 2260 400 2292 et
420 2252 652 2291 exsibilastis
673 2266 694 2290 e
712 2252 886 2300 theatris,
909 2260 948 2291 et
977 2260 1129 2291 tantum
1159 2267 1238 2292 non
1266 2255 1459 2306 lapidibus
1494 2259 1623 2296 obrui-

162 2316 243 2362 stis,
258 2328 382 2366 usque
398 2314 495 2352 adeo
511 2314 638 2352 donec
659 2327 681 2351 a
699 2314 899 2352 tertiarum
915 2315 1065 2353 actione
1081 2315 1248 2366 partium
1258 2316 1471 2355 dimovistis
1490 2332 1499 2356 :
1521 2332 1621 2366 eum,

161 2383 369 2428 postquam
388 2375 517 2414 nonin
539 2388 669 2422 scena,
691 2375 761 2413 sed
776 2376 815 2413 in
835 2375 1031 2427 republica
1051 2383 1090 2414 et
1108 2377 1284 2415 maximis
1304 2379 1470 2429 negotiis
1490 2380 1622 2420 civita-

162 2439 211 2476 tis
252 2438 401 2476 infinita
427 2437 577 2476 scelera
607 2438 855 2489 perpetravit,
889 2443 973 2475 tum
1020 2437 1176 2476 demum
1211 2445 1254 2476 ut
1284 2439 1385 2477 belle
1419 2449 1623 2481 sonantem

164 2505 309 2538 attente
337 2499 515 2537 audietis.
573 2498 734 2536 Minime
755 2511 860 2536 vero.
917 2498 1031 2537 Absit
1051 2511 1074 2536 a
1101 2500 1209 2537 vobis
1241 2513 1288 2538 ea
1313 2501 1503 2540 stultitia:
1534 2517 1623 2541 cum

162 2574 289 2613 praeco
310 2560 583 2611 approbandus
605 2565 679 2606 est,
700 2559 740 2597 id
759 2559 1016 2611 spectandum
1041 2573 1125 2598 esse
1145 2560 1287 2609 ducite,
1315 2575 1365 2600 an
1397 2563 1448 2601 sit
1464 2565 1622 2603 vocalis.

162 2622 358 2673 Legatum
377 2627 504 2659 autem
525 2628 565 2659 et
582 2621 804 2672 reipublicae
831 2622 1143 2672 gubernatorem,
1165 2635 1254 2660 cum
1275 2623 1403 2661 'virum
1435 2637 1522 2663 esse
1550 2627 1618 2663 bo-

163 2696 254 2721 num
274 2689 357 2720 tum
376 2694 557 2733 magnum
575 2695 643 2733 pro
662 2683 771 2720 vobis
805 2689 845 2720 et
877 2696 1031 2734 aequum
1063 2696 1155 2734 erga
1185 2696 1254 2722 vos
1288 2684 1458 2722 animum
1477 2685 1621 2724 habere

163 2751 327 2796 oportet.
386 2743 495 2781 Sicut
513 2755 586 2794 ego
611 2742 834 2795 Philippum
863 2757 942 2783 non
977 2758 1062 2782 sum
1089 2745 1315 2791 admiratus,
1351 2746 1420 2784 sed
1450 2747 1620 2797 captivos

164 2806 374 2846 admiratus
399 2803 562 2851 servavi,
580 2817 707 2855 neque
726 2805 965 2845 dissimulavi
990 2806 1210 2862 quicquam.
1269 2807 1348 2844 Iste
1368 2820 1457 2846 vero
1476 2814 1516 2846 et
1529 2814 1620 2848 ante

163 2868 272 2907 illum
291 2866 533 2919 procidebat,
555 2871 595 2904 et
611 2879 770 2917 paeanas
789 2869 984 2915 cantabat,
1006 2875 1045 2907 et
1063 2881 1131 2906 vos
1153 2866 1403 2919 despiciebat.

217 2930 282 2967 96.
313 2928 374 2968 Ad
410 2928 510 2975 haec,
548 2927 626 2966 sive
663 2928 894 2978 eloquentia,
933 2930 1011 2969 sive
1049 2929 1221 2968 claritate
1255 2927 1376 2975 vociS,
1421 2929 1500 2969 sive
1542 2932 1616 2970 alio
