1923 3149
711 156 783 194 DE
815 154 1055 194 CORONA.
1536 154 1606 190 183

167 263 297 300 omnia
314 262 384 299 rite
403 261 558 299 flebant.
616 260 666 297 Et
683 260 854 311 profecto
873 258 933 295 vel
952 257 1025 294 hoc
1052 255 1202 292 nomine
1224 255 1307 293 laus
1327 256 1417 293 mihi
1437 256 1610 302 debetur,

169 323 271 373 quod
301 324 395 361 istas
425 323 518 373 reip.
551 320 728 372 gerendae
760 320 926 357 rationes
952 317 1060 354 unice
1092 322 1247 354 secutus
1278 329 1375 362 sum,
1396 330 1443 355 ex
1473 317 1611 368 quibus

169 383 280 420 simul
307 384 427 434 gloria
456 391 495 421 et
514 383 678 420 honores
698 380 894 431 copiaeque
914 379 964 416 ad
989 377 1178 416 civitatem
1209 376 1489 415 redundarent:
1519 379 1614 416 invi-

171 443 263 480 dum
282 457 371 481 vero
387 449 453 481 aut
469 443 649 480 acerbum
665 448 731 479 aut
753 440 983 477 malitiosum
1005 438 1042 474 in
1063 438 1107 475 iis
1128 451 1215 487 quae
1234 437 1386 488 publice
1401 439 1502 487 gessi
1521 438 1613 476 nihil

169 511 242 550 est,
276 505 365 542 nibil
400 504 592 555 abjectum
629 514 754 552 neque
787 499 985 551 republica
1020 499 1234 549 indignum.
1289 499 1416 548 Atque
1452 499 1614 536 eandem

171 566 282 615 plane
301 565 469 603 indolem
485 576 657 601 servasse
669 575 730 600 me
742 561 932 599 constabit
950 567 989 598 et
1004 560 1041 597 in
1060 560 1212 598 urbanis
1227 560 1615 598 administrationibus

169 633 209 663 et
228 627 264 663 in
283 626 506 664 Graecorum
527 623 713 674 negotiis:
743 636 831 661 nam
851 635 974 673 neque
994 623 1031 659 in
1051 621 1204 660 civitate
1222 621 1456 672 locupletum
1476 621 1618 671 gratias

169 687 290 738 pluris
304 699 418 737 quam
434 685 689 723 multitudinis
697 683 880 735 jurafeci,
892 697 1017 734 neque
1030 684 1068 721 in
1079 683 1314 722 Graecanicis
1327 684 1439 721 rebus
1452 681 1618 734 Philippi

170 760 329 784 munera
344 754 460 797 atque
480 745 684 796 hospitium
705 745 892 782 universae
912 744 1077 782 Graeciae
1096 744 1431 783 commoditatibus
1443 743 1618 781 antetuli.

224 810 287 846 32.
315 809 341 846 J
345 822 405 846 am
425 807 538 859 igitur
556 807 646 845 mihi
666 807 853 857 reliquum
874 820 958 845 esse
984 807 1144 845 arbitror
1162 813 1206 844 ut
1220 807 1267 844 de
1287 806 1474 856 praeconio
1493 805 1619 843 dicam

171 876 210 907 et
230 868 278 906 de
296 868 506 907 rationibus
526 868 735 907 referendis
751 881 759 905 z
790 881 953 919 namque
973 881 1033 906 me
1049 876 1088 906 et
1106 868 1248 918 optime
1264 867 1399 905 fecisse
1415 873 1454 904 et
1468 879 1619 918 semper

171 943 264 981 erga
279 943 347 968 vos
359 930 588 968 benevolum
607 943 693 968 esse
714 936 753 967 et
764 930 993 967 benefacere
1012 936 1201 980 paratum,
1216 929 1306 967 satis
1327 942 1375 966 ex
1395 928 1621 979 supradictis

171 1005 194 1029 a
213 1005 273 1030 me
293 998 491 1030 ostensum
511 1004 596 1029 esse
615 998 721 1041 puto.
777 991 1021 1041 Quamquam
1049 990 1204 1041 quidem
1236 989 1441 1027 maximam
1470 996 1620 1040 partem

170 1065 296 1090 rerum
316 1066 339 1090 a
352 1066 412 1090 me
431 1052 585 1104 publice
600 1052 857 1090 institutarum
882 1059 922 1090 et
941 1058 1113 1089 actarum
1128 1051 1389 1102 praetermitto,
1406 1051 1510 1101 quod
1524 1051 1621 1089 arbi-

171 1121 248 1150 trer
266 1113 444 1164 primum,
461 1114 554 1151 mihi
573 1113 621 1151 de
641 1113 797 1151 crimine
812 1113 897 1163 ipso
913 1112 1056 1151 decreti
1070 1120 1205 1151 contra
1217 1113 1323 1163 leges
1337 1111 1429 1150 facti
1449 1126 1531 1151 esse
1546 1113 1624 1150 dis-

169 1174 388 1219 serendum,
409 1173 560 1218 deinde,
578 1173 726 1210 etiamsi
754 1173 845 1210 nihil
874 1173 922 1211 de
942 1173 1094 1224 reliquis
1115 1173 1331 1211 actionibus
1351 1173 1444 1211 meis
1464 1173 1624 1224 publicis

171 1235 312 1282 dicam,
339 1247 470 1274 earum
506 1243 634 1273 tamen
667 1234 886 1273 adfuturam
918 1236 1009 1273 mihi
1038 1242 1178 1274 testem
1202 1242 1368 1274 vestram
1388 1237 1623 1287 singulorum

171 1297 462 1336 conscientiam.

225 1360 287 1395 33.
318 1358 461 1396 Eorum
480 1358 595 1410 igitur
615 1371 846 1406 sermonum,
865 1371 963 1410 quos
984 1359 1056 1397 iste
1076 1372 1227 1397 sursum
1256 1372 1301 1397 ac
1329 1359 1509 1398 deorsum
1538 1372 1625 1411 per-

171 1419 304 1458 mistos
336 1419 470 1457 habuit
501 1419 549 1457 de
585 1420 736 1470 legibus
769 1420 1010 1470 exceptoriis,
1039 1434 1164 1471 neque
1191 1420 1408 1459 mehercule
1436 1433 1503 1458 vos
1532 1427 1627 1472 puto

172 1494 352 1531 magnam
372 1487 520 1531 partem
541 1480 788 1526 intellexisse,
808 1493 933 1530 neque
960 1481 1040 1531 ipse
1068 1482 1194 1520 animo
1213 1482 1536 1533 comprehendere
1558 1495 1627 1533 po-

174 1543 256 1580 tui:
287 1555 360 1593 ego
379 1554 471 1579 vero
491 1542 713 1592 simpliciter
732 1554 777 1579 ac
806 1549 911 1579 recta
929 1542 992 1579 via
1016 1543 1064 1579 de
1085 1543 1168 1592 jure
1196 1543 1411 1594 disputabo.
1459 1544 1626 1581 Tantum

176 1603 275 1641 enim
305 1605 413 1641 abest
431 1610 475 1641 ut
494 1603 619 1641 dicam
640 1616 699 1640 me
716 1603 923 1640 referendis
952 1602 1162 1641 rationibus
1189 1617 1267 1640 non
1295 1618 1379 1643 esse
1407 1606 1628 1651 obnoxium,

176 1663 281 1715 quod
292 1663 368 1701 iste
383 1677 506 1715 nuper
520 1662 711 1702 multoties
732 1663 937 1714 objiciebat
954 1663 1051 1701 falso
1072 1671 1110 1701 et
1129 1666 1388 1712 asseverabat,
1408 1673 1451 1703 ut
1466 1679 1534 1717 per
1549 1679 1631 1703 om-

176 1738 263 1763 nem
294 1725 409 1763 vitam
440 1737 571 1762 eorum
597 1737 658 1762 me
676 1724 809 1762 rationi
828 1724 1038 1762 reddendae
1064 1725 1269 1762 obnoxium
1290 1739 1375 1764 esse
1401 1727 1521 1764 fatear
1544 1741 1629 1778 quae

177 1785 282 1836 apud
300 1798 368 1823 vos
388 1785 541 1837 publice
560 1785 620 1822 vel
638 1785 800 1823 tractavi
818 1785 879 1822 vel
898 1785 1171 1823 administravi.
1204 1786 1281 1824 Sed
1295 1800 1382 1837 quae
1402 1788 1451 1825 de
1470 1789 1630 1839 propriis

176 1848 286 1884 bonis
306 1846 499 1898 pollicitus
519 1852 558 1884 et
575 1846 738 1897 largitus
757 1860 840 1885 sum
857 1847 1018 1898 populo,
1048 1860 1179 1885 eorum
1204 1848 1387 1885 rationem
1412 1849 1518 1886 nullo
1535 1856 1632 1887 tem-

178 1921 270 1959 pore
298 1921 321 1946 a
339 1921 399 1946 me
428 1908 667 1946 referendam
695 1922 779 1947 esse
799 1908 1051 1946 dico—audis
1078 1908 1259 1947 AEschine
1275 1909 1470 1961 ?—neque
1490 1911 1538 1948 ab
1558 1910 1631 1948 alio

179 1982 383 2020 quoquam,
406 1982 455 2007 ne
475 1970 505 2007 si
527 1982 573 2007 ex
593 1982 729 2008 novem
749 1969 903 2021 quidem
925 1970 974 2008 sit
997 1969 1271 2009 Archontibus.
1305 1971 1404 2008 Nam
1433 1985 1520 2022 quae
1550 1978 1634 2010 tan-

182 2031 269 2068 dem
288 2031 351 2069 lex
372 2038 432 2068 est
459 2037 568 2069 tanta
588 2031 772 2080 injustitia
790 2038 907 2082 atque
936 2032 1211 2070 inhumanitate
1244 2033 1371 2084 plena,
1391 2040 1435 2071 ut
1460 2047 1549 2072 eum
1568 2035 1633 2085 qui

183 2091 230 2129 de
262 2104 332 2130 suo
365 2091 414 2129 sit
444 2091 605 2143 largitus
639 2092 805 2143 fecitque
832 2093 979 2130 facinus
1005 2093 1215 2144 benignum
1247 2107 1293 2132 ac
1320 2094 1474 2132 liberale
1501 2095 1633 2146 gratiae

182 2153 338 2203 quidem
357 2153 488 2191 fructu
507 2153 642 2204 privet,
662 2154 712 2191 ad
731 2154 1026 2193 calumniatores
1047 2161 1175 2193 autem
1207 2155 1382 2206 abripiat,
1402 2156 1549 2207 hosque
1577 2170 1635 2195 ra-

180 2213 349 2252 tionibus
381 2227 511 2252 eorum
540 2228 627 2264 quae
663 2214 771 2253 dedit
798 2216 1043 2266 reposcendis
1072 2215 1285 2266 praeficiat?
1315 2216 1435 2254 Nulla
1462 2218 1635 2268 profecto

180 2284 251 2316 cst.
291 2277 371 2315 Aut
389 2277 420 2315 si
435 2290 552 2328 quam
571 2277 643 2315 iste
668 2290 755 2316 esse
775 2277 893 2323 dicat,
914 2277 1108 2324 ostendat,
1130 2284 1245 2329 atque
1274 2291 1347 2329 ego
1366 2279 1636 2329 conquiescam

182 2345 222 2377 et
237 2341 386 2377 tacebo.
436 2340 514 2377 Sed
545 2339 653 2377 nulla
671 2346 745 2390 est,
772 2339 1042 2387 Athenienses,
1073 2346 1114 2378 at
1137 2340 1210 2378 iste
1241 2340 1505 2386 calumniator,
1532 2342 1636 2391 quod

183 2414 270 2438 cum
290 2413 363 2451 ego
381 2401 556 2440 theatrali
575 2402 749 2453 pecuniae
772 2402 981 2453 praefectus
1006 2415 1131 2441 essem
1152 2416 1329 2441 nummos
1356 2416 1439 2440 sum
1462 2403 1635 2454 largitus,

184 2461 424 2500 laudavit
451 2476 552 2501 eum
579 2462 704 2514 inquit
733 2469 943 2501 senatus
975 2463 1280 2501 rationibus
1319 2464 1634 2502 referendis

186 2534 208 2559 o
221 2523 245 2560 b
258 2536 282 2559 n
298 2536 321 2560 o
333 2536 357 2560 x
372 2523 383 2559 i
397 2536 422 2560 u
436 2536 488 2561 m.
525 2524 614 2562 Non
631 2525 679 2562 ob
698 2524 818 2562 ullam
834 2537 911 2571 rem
926 2524 1038 2576 cujus
1057 2525 1244 2563 rationem
1263 2525 1403 2563 referre
1424 2525 1552 2572 debui,
1565 2524 1634 2563 sed

186 2584 234 2620 ob
261 2596 307 2620 ea
327 2596 413 2633 quae
431 2583 592 2635 largitus
613 2598 711 2634 sum,
731 2585 983 2637 sycophanta.

240 2645 303 2683 34.
337 2644 437 2682 Sed
473 2652 522 2683 et
556 2646 718 2685 muris
752 2646 1061 2684 reficiendis
1105 2654 1318 2686 curator
1355 2659 1462 2685 eras
1499 2645 1636 2696 inquit.

187 2708 316 2756 Atque
335 2707 384 2744 ob
399 2706 475 2744 hoc
494 2706 619 2757 ipsum
638 2708 772 2746 merito
800 2708 999 2756 laudabar,
1028 2710 1133 2761 quod
1162 2722 1208 2748 ea
1229 2723 1314 2761 quae
1333 2709 1529 2759 insumpta
1547 2714 1638 2746 sunt

188 2767 327 2805 donavi
348 2780 472 2817 neque
491 2779 660 2818 expensa
677 2769 760 2807 tuli.
818 2770 922 2808 Nam
941 2770 1098 2821 expensi
1125 2771 1219 2809 latio
1249 2770 1439 2808 rationum
1467 2769 1636 2806 calculos

186 2835 228 2866 et
245 2828 484 2879 inquisitores
507 2828 713 2876 desiderat,
742 2829 898 2869 donatio
918 2844 1007 2869 vero
1035 2832 1197 2881 gratiam
1231 2831 1460 2880 laudemque
1487 2842 1636 2879 prome-

190 2897 318 2928 retur:
347 2904 462 2941 quam
481 2892 530 2929 ob
549 2904 706 2930 causam
725 2890 807 2930 haec
826 2893 874 2931 de
892 2905 953 2931 me
975 2893 1127 2943 scripsit
1146 2892 1371 2942 Ctesiphon.
1402 2893 1534 2942 Atque
1553 2891 1634 2929 haec
