1923 3149
773 351 902 396 ARG
916 350 1236 394 UMENTUM

560 471 1098 520 PHILIPPICAE
1166 469 1516 518 PRIMAE-

989 598 1033 618 tx

800 677 1219 720 TOURELLIO.

287 808 703 849 DEMOSTHENES,
722 809 869 854 triginta
886 821 995 844 annos
1007 815 1116 848 natus,
1128 808 1281 853 primam
1297 814 1416 841 contra
1430 806 1633 852 Philippum
1646 805 1738 840 Ora-

287 872 411 904 tionem
425 870 545 904 habuit
558 883 571 909 ,·
596 871 775 906 Archonte
794 871 1025 911 Aristodemo,
1041 870 1146 914 regni
1162 869 1322 914 Philippi
1337 880 1425 902 anno
1441 880 1540 908 none,
1559 868 1739 913 Olympia-

285 933 340 966 dis
355 939 468 966 autem
484 932 672 966 centesima>
694 933 846 978 septima>
861 933 990 977 primo.
1024 930 1203 974 Philippa,
1226 930 1286 963 suh
1302 931 1402 963 initia
1420 931 1494 975 ejus
1511 931 1622 973 reflui,
1637 930 1738 963 obsti-

285 1000 402 1028 terant
424 993 676 1033 Atheniensem
701 995 951 1038 Argoeumque,
969 991 1027 1036 qui
1049 1003 1125 1024 cum
1153 1003 1191 1023 eo
1213 991 1253 1023 de
1278 1003 1409 1025 sumnia
1434 1003 1551 1025 rerum
1575 991 1738 1032 certabat,

285 1064 419 1091 strenue
441 1056 658 1101 adjuverant.
708 1056 801 1090 Vicit
818 1054 1006 1099 Philippus
1019 1066 1032 1092 ;
1050 1064 1174 1098 pacem
1191 1059 1304 1087 tamen
1320 1066 1393 1087 cum
1409 1055 1465 1095 iis,
1482 1061 1518 1088 vt
1534 1060 1608 1087 erat
1623 1065 1739 1087 cersu-

287 1126 352 1159 tns,
369 1118 479 1150 missis
496 1116 615 1160 Ieyatis
630 1116 723 1151 ultro
738 1117 838 1150 iniit:
863 1117 930 1149 sice
946 1123 983 1149 ut
996 1126 1117 1148 novum
1129 1116 1310 1160 imperium
1323 1115 1505 1156 stabiliret,
1521 1116 1590 1148 sive
1601 1116 1686 1149 utin
1699 1127 1738 1149 eo

283 1179 491 1226 proferendo
493 1178 639 1223 felicius
652 1180 864 1224 procederet.
891 1178 1014 1223 Igitur
1028 1176 1165 1211 initium
1181 1177 1269 1222 cepit
1285 1177 1326 1211 ab
1345 1177 1483 1223 Illyriis
1498 1184 1529 1211 et
1549 1177 1739 1212 Paonibus

284 1237 524 1284 subjuywudiae
548 1241 666 1274 deinde
691 1240 762 1274 loca
782 1240 946 1285 plurima,
976 1239 1192 1284 diversasque
1219 1240 1388 1284 regiones,
1416 1252 1491 1284 quoe
1521 1239 1738 1290 BIacect'oniae

286 1308 385 1335 erant
398 1302 555 1347 confines,
575 1314 712 1347 quoeque
727 1303 810 1335 adeo
821 1301 1011 1346 plurimum
1027 1301 1058 1334 ei
1073 1301 1314 1342 conducebant,
1327 1302 1514 1347 occupavit.
1542 1302 1654 1336 Brevi
1666 1303 1740 1348 ejus

284 1363 436 1397 victoria
449 1366 658 1398 commodum
670 1364 777 1398 locum
793 1363 942 1397 obtulere
959 1364 1002 1397 iis
1013 1363 1163 1398 consiliis
1176 1365 1407 1409 exsequendis,
1417 1376 1492 1409 quae
1507 1371 1628 1397 contra
1641 1364 1742 1399 Grae-

284 1426 372 1460 ciam
397 1427 635 1461 meditabatur.
688 1427 844 1461 Thessali
866 1438 939 1460 eum
959 1427 1178 1469 advocabant,
1201 1435 1241 1461 ut
1264 1439 1299 1460 se
1323 1439 1343 1460 a
1370 1427 1529 1472 tyrannis
1548 1426 1713 1461 liberaret
1725 1441 1740 1468 ;

283 1488 390 1532 isque,
403 1490 463 1522 sub
481 1489 673 1524 liberatoris
689 1491 833 1532 nomine,
847 1490 955 1535 ipsum
972 1491 1063 1535 quod
1072 1490 1248 1524 sustulisse
1265 1491 1353 1523 visus
1365 1497 1425 1530 cst,
1438 1490 1473 1523 in
1487 1502 1542 1523 eos
1555 1490 1738 1535 imperium

283 1551 444 1584 excreuit.
494 1552 630 1586 Eorum
647 1553 781 1597 oppidis
798 1552 835 1585 in
851 1552 1015 1586 ditionem
1030 1564 1127 1586 suam
1144 1552 1298 1597 receptis,
1303 1551 1452 1597 facilem
1469 1552 1547 1585 inde
1563 1558 1665 1597 atque
1679 1565 1738 1598 op-

277 1619 466 1656 portunam
491 1613 528 1646 in
552 1614 746 1647 Phocenses
769 1614 950 1648 invadendi
975 1614 1182 1647 occasionem
1204 1613 1377 1658 arripuit‚·
1401 1613 1464 1647 hoc
1481 1614 1627 1648 maxime
1643 1626 1739 1659 proe-

281 1680 384 1716 textu,
410 1676 500 1719 qnod
525 1675 767 1710 Thessalorum
791 1676 903 1709 hostes
930 1682 1052 1716 essent,
1077 1676 1345 1709 Atheniensibus
1366 1688 1446 1710 vero
1473 1678 1627 1711 amicitia
1656 1691 1736 1712 con-

273 1735 498 1780 junctissiini.
550 1737 691 1771 Bellum
723 1738 836 1782 itaque
863 1738 905 1771 iis
930 1737 1055 1770 indixit
1067 1751 1080 1776 ‚·
1105 1749 1261 1783 annoque
1288 1738 1375 1772 hanc
1398 1740 1583 1773 orationem
1610 1750 1739 1785 proece-

282 1798 395 1839 tlente,
409 1809 530 1841 mayuo
545 1810 600 1831 eos
613 1798 734 1842 pralio
749 1800 932 1843 superavit.
971 1798 1052 1832 Hac
1068 1800 1210 1832 victoria
1228 1799 1346 1841 elatus,
1357 1812 1412 1834 eos
1424 1800 1634 1846 subjugandi
1643 1814 1736 1847 spem

281 1861 369 1905 cepit
381 1873 394 1899 ,·
417 1862 524 1905 adque
540 1861 787 1907 Thermopylas
800 1863 978 1908 profectus
990 1870 1049 1902 est,
1067 1875 1134 1908 qua
1151 1864 1270 1898 unicus
1283 1871 1381 1909 patet
1395 1865 1563 1900 transitus
1575 1879 1615 1899 ex
1628 1867 1736 1900 Thes-

280 1921 366 1956 salia
380 1923 415 1956 in
431 1923 615 1957 Phocidem
632 1924 799 1959 euntibus.
842 1924 1078 1966 Athenienses,
1099 1926 1217 1959 audito
1238 1927 1311 1971 ejus
1327 1926 1457 1969 itinere,
1474 1929 1565 1973 quod
1580 1941 1646 1973 quo
1662 1936 1736 1963 ten-

280 1984 385 2026 deret,
401 1997 475 2018 cum
502 1985 586 2029 ipsis
611 1993 681 2020 tum
710 1987 844 2021 Gracis
869 1987 1020 2021 omnibus
1043 1995 1121 2021 crat
1147 1989 1462 2032 pertimescendum,
1486 1991 1533 2024 ad
1555 1992 1736 2036 angustias

283 2045 592 2092 'l't'termopylarum
608 2048 843 2093 confluxerunt
852 2062 864 2088 ;
888 2050 998 2094 iisque
1014 2057 1205 2095 opportuno
1222 2058 1370 2096 tempore
1391 2053 1577 2098 occupatis,
1596 2053 1734 2099 Philip-

275 2119 334 2153 po,
352 2120 393 2142 ne
411 2109 446 2142 in
466 2110 636 2144 Graeciam
658 2111 834 2153 transiret,
854 2112 940 2145 viam
958 2112 1168 2146 obstruxere.
1220 2113 1381 2147 Periculi
1396 2121 1464 2148 tam
1482 2116 1613 2161 magni,
1631 2128 1651 2149 a
1668 2129 1735 2162 quo

278 2183 395 2205 recens
417 2172 549 2206 Iit—erati
566 2181 655 2214 sunt,
676 2175 838 2208 memoria
854 2187 959 2220 usque
974 2176 1098 2210 animis
1116 2177 1304 2211 inhccrebat
1318 2189 1331 2216 ;
1358 2184 1460 2223 utque
1476 2178 1577 2213 rebus
1595 2180 1668 2214 suis
1683 2180 1737 2214 vel

277 2233 385 2266 adhuc
401 2234 606 2277 diffiderent,
624 2235 750 2280 effecit.
801 2236 1056 2278 Demosthenes,
1074 2238 1136 2272 hac
1152 2251 1266 2272 eornm
1280 2239 1500 2284 dispositione
1517 2253 1609 2283 usus,
1623 2243 1734 2277 vivam

276 2294 320 2327 iis
336 2294 520 2340 imaginem
537 2297 694 2342 depingit
716 2298 924 2332 imminentis
937 2300 1096 2344 periculi,
1114 2301 1206 2346 quod
1219 2300 1262 2335 iis
1278 2301 1459 2346 cffroenata
1478 2303 1642 2348 Philippi
1662 2317 1736 2339 am-

276 2356 357 2390 bflio
374 2357 565 2398 minitatur,
581 2371 745 2404 quamque
761 2367 895 2394 mature
911 2367 1008 2394 cauto
1024 2374 1108 2407 opus
1129 2363 1185 2402 sit,
1207 2362 1244 2396 in
1267 2364 1398 2397 animos
1423 2365 1534 2398 studet
1560 2365 1733 2411 ingerere.

279 2421 448 2458 Quoniam
464 2422 589 2468 igitur,
606 2423 645 2456 ob
668 2424 828 2467 rapidum
847 2425 1009 2470 Philippi
1031 2438 1270 2471 progressum,
1293 2439 1536 2473 armorumque
1561 2430 1635 2475 ejus
1660 2443 1736 2466 suc-

276 2494 417 2522 cessum,
442 2484 669 2519 Athenienses
694 2493 826 2520 tantum
850 2499 917 2520 non
938 2488 1187 2533 clcsperarent;
1207 2490 1362 2534 primum
1385 2492 1517 2525 animos
1545 2492 1588 2526 iis
1608 2494 1736 2528 addere

275 2546 483 2589 agg-reditur
500 2545 657 2587 Oratam
681 2548 818 2582 unicam
835 2549 1066 2584 calamitatum
1088 2564 1224 2585 cansam
1249 2565 1365 2586 corum
1391 2554 1565 2599 ignaviam
1587 2567 1657 2589 esse
1680 2556 1733 2589 di-

277 2621 306 2641 ct
317 2620 375 2642 ns:
400 2609 517 2642 deinde
532 2609 611 2643 belli
626 2612 773 2655 gerendi
790 2613 957 2646 rationem
970 2614 1150 2658 proponit,
1174 2622 1287 2659 aptam
1304 2627 1382 2649 sane
1399 2629 1472 2650 cnm
1489 2629 1606 2651 corum
1623 2618 1733 2664 negli-

274 2671 398 2713 gentice
416 2673 640 2717 corrigemIoe,
657 2680 730 2707 tum
747 2675 814 2718 ipsi
829 2675 1205 2722 infor!nnioruntsontz'
1221 2684 1251 2711 et
1266 2679 1398 2723 origini
1409 2680 1732 2726 aufercnda’,atqne

277 2734 360 2764 mico
377 2734 628 2778 speisaciendre
646 2735 797 2770 melioris
814 2737 849 2770 in
865 2740 1212 2784 posteramjortnncc.
1264 2741 1356 2786 Ejus
1371 2754 1502 2776 summa
1519 2754 1556 2776 eo
1573 2743 1674 2783 redit,
1692 2751 1730 2778 ut

276 2797 357 2829 duos
380 2795 543 2855 colligant
566 2799 733 2834 exercitus
743 2813 756 2840 ,·
782 2812 926 2846 quorum
943 2814 1041 2846 unus,
1059 2802 1152 2847 isqnc
1169 2803 1293 2847 major,
1311 2817 1350 2838 cx
1367 2805 1492 2839 civibus
1508 2805 1590 2840 solis
1605 2805 1730 2852 confia-
