1923 3149
271 379 482 419 LIBANII
515 381 916 423 ARGUMENTUM
947 382 1242 420 ORATIONIS
1273 383 1501 421 CONTRA

627 444 1095 482 ARISTOGITONEM.

188 535 450 569 PYTHANGELUS
463 545 493 568 et
504 539 637 578 Scapho,
647 539 816 578 conspicati
829 538 1006 568 Hieroclem
1018 537 1161 566 serentem
1173 546 1273 566 sacras
1284 536 1514 575 vestes‚quibus
1521 536 1611 566 etiam

165 597 258 617 aurea
274 590 424 629 scriptura
441 591 551 626 inerat,
567 600 671 620 eorum
696 590 748 629 qui
771 591 959 624 dedicarunt,
987 587 1106 617 nomina
1133 587 1317 626 significans,
1341 589 1379 617 ad
1400 593 1536 617 senatum
1559 589 1612 617 ab·

165 636 292 673 ducunt,
303 643 335 668 ut
348 640 538 679 sacrilegum.
565 640 708 678 Quicum
718 650 787 670 eum
804 639 953 679 postridie
966 639 995 668 iu
1010 638 1185 668 concionem
1201 639 1355 674 duxisset,
1373 638 1424 668 ille
1437 649 1468 668 se
1487 649 1504 667 a
1518 639 1613 668 sacri-

167 687 256 717 ucula
271 688 396 719 missum
413 700 464 720 eas
477 691 636 729 accepisse
651 691 728 720 dicit
743 696 856 725 vestes,
873 695 906 719 ut
921 690 1013 719 ferret
1030 689 1065 718 ad
1084 699 1199 718 sacram
1216 680 1420 719 venationem.
1449 689 1526 718 Tum
1543 688 1612 718 Ari-

166 739 278 776 stogito
302 740 458 770 decretum
475 741 558 777 facit,
575 742 706 780 primum
723 742 788 771 sine
805 747 929 771 senatus
946 740 1138 775 auctoritate,
1160 740 1270 770 deinde
1295 740 1530 775 atrocissimum,
1551 750 1612 778 quo

161 788 261 824 jubet,
276 789 301 818 si
317 789 447 820 fateatur
463 801 496 820 se
516 797 618 821 vestes
635 792 792 827 extulisse,
809 802 875 821 enm
901 790 1029 820 interfici
1047 790 1161 826 statim,
1178 791 1223 820 siu
1239 796 1340 829 neget,
1352 790 1503 829 judicium
1521 792 1559 820 de
1575 799 1613 821 eo

165 840 249 869 fieri:
277 842 344 880 ejus
359 842 479 872 decreti
495 853 530 872 ea
548 843 593 872 vis
609 848 684 878 erat,
709 843 736 873 si
754 844 898 873 fateretur
916 853 1034 877 verum,
1050 847 1083 871 ut
1107 852 1179 871 mox
1197 842 1402 877 occideretur,
1418 842 1462 871 sin
1485 842 1543 871 iret
1567 840 1614 870 in-

165 891 262 927 ficias,
276 897 310 921 ut
326 893 418 931 paulo
434 898 504 933 post
522 894 602 923 idem
618 898 786 933 pateretur.
817 895 852 925 ld
868 894 1025 923 decretum
1042 898 1076 922 ut
1092 898 1196 922 contra
1211 894 1296 932 leges
1314 894 1423 922 factum
1437 903 1505 922 cum
1522 902 1614 922 accu-

166 946 265 971 sasset
277 943 496 973 Phanostrutus
513 943 666 974 Hieroclis
682 944 726 974 rei
740 950 837 984 pater,
850 944 934 974 socio
945 944 1164 979 Demosthene,
1177 944 1357 973 condemnat
1368 947 1399 972 ut
1412 947 1517 972 contra
1527 943 1614 982 leges

164 992 276 1022 sactum
287 1002 293 1021 ε
306 994 427 1032 judices
441 995 524 1025 litem
538 995 688 1024 aestimant
698 995 900 1034 Aristogitoni
913 994 1046 1033 quinque
1057 994 1190 1024 talentis.
1205 995 1275 1023 Hoc
1288 993 1416 1032 primum
1431 1003 1473 1022 aes
1483 993 1613 1022 alienum

164 1043 314 1073 contrahit
333 1044 516 1084 Aristogito.
549 1044 670 1074 Deinde
693 1055 762 1075 cum
780 1045 990 1083 Hegemonem
1007 1049 1196 1079 accusasset,
1218 1050 1250 1073 et
1269 1054 1391 1073 causam
1413 1044 1444 1074 in
1463 1043 1615 1083 judicium

164 1092 357 1130 deduxisset,
380 1095 485 1134 quinta
502 1095 715 1132 suffragiorum
732 1099 820 1134 parte
841 1105 899 1124 non
924 1099 1060 1134 accepta,
1085 1093 1170 1123 mille
1196 1094 1351 1123 drachmis
1372 1098 1420 1124 est
1439 1095 1614 1124 mulctatus.

164 1143 242 1172 Cum
258 1148 357 1173 autem
374 1144 517 1174 muletam
535 1145 615 1174 intra
638 1145 819 1183 praefinitum
836 1148 958 1182 tempus
975 1155 1031 1174 non
1049 1143 1206 1180 solvisset,
1222 1155 1261 1173 ex
1279 1144 1348 1182 lege
1366 1144 1529 1183 duplicatae
1545 1148 1616 1173 sunt

163 1193 297 1230 mulctae,
312 1199 344 1224 et
359 1195 466 1225 decem
480 1196 592 1225 talenta
608 1196 699 1231 facta,
716 1201 747 1224 et
762 1195 810 1224 bis
826 1195 908 1224 mille
922 1195 1086 1224 drachmae.
1110 1196 1173 1224 Pro
1194 1194 1251 1223 hae
1266 1194 1398 1233 pecunia
1413 1205 1502 1224 suum
1518 1194 1616 1233 quod·
1647 1196 1653 1203 ⁸

162 1242 233 1273 dam
254 1245 403 1283 praedium
423 1244 601 1284 reipublicae
626 1245 814 1281 transcribit,
840 1246 931 1284 idque
956 1244 1106 1284 praedium
1128 1245 1284 1274 Eunomus
1309 1243 1394 1280 emit,
1417 1245 1512 1274 frater
1535 1247 1617 1283 ejus,

163 1293 263 1332 spatio
276 1294 421 1324 reddendi
433 1295 502 1324 aeris
515 1294 606 1324 alieni
619 1297 786 1333 postulato,
800 1300 832 1324 ut
847 1295 954 1324 decem
967 1293 1234 1324 annisuniversum
1251 1294 1448 1330 dissolveret,
1458 1294 1618 1334 quotannis

163 1344 357 1374 convenienti
380 1349 467 1384 parte
486 1349 652 1374 numerata.
687 1346 733 1374 Ac
748 1346 825 1374 duas
846 1345 970 1383 quidem
992 1345 1154 1383 pensiones
1176 1344 1332 1382 praestitit,
1354 1345 1467 1374 talenta
1487 1346 1562 1380 duo,
1584 1348 1616 1374 et

162 1393 322 1424 drachmas
331 1394 582 1434 quadringentas.
605 1395 739 1434 Reliqua
754 1396 906 1425 debentur
922 1395 1036 1424 talenta
1049 1399 1132 1430 octo,
1143 1394 1224 1423 mille
1236 1394 1388 1424 drachmae
1401 1400 1433 1424 et
1445 1399 1614 1425 sexoentae.

163 1445 240 1475 Cum
256 1445 351 1484 igitur
367 1446 539 1485 Aristogito
554 1446 677 1475 dicendi
699 1447 811 1476 habere
828 1445 886 1475 sibi
901 1449 1086 1484 potestatem
1103 1445 1271 1481 videretur,
1294 1449 1326 1474 et
1341 1455 1399 1475 non
1412 1446 1474 1484 jam
1490 1446 1615 1475 aerarius

163 1506 245 1531 esse,
262 1497 401 1527 debitore
426 1507 482 1536 pro
498 1507 531 1526 se
553 1497 719 1527 constituto
736 1497 927 1536 reipublicae,
951 1501 983 1525 et
999 1496 1163 1525 accusabat
1178 1495 1304 1530 multos,
1318 1500 1349 1525 et
1368 1495 1615 1533 concionabatur,

163 1547 285 1585 legibus
300 1558 370 1578 eum
385 1549 436 1587 qui
453 1548 560 1578 aerario
577 1548 717 1583 deberet,
732 1554 891 1587 antequam
908 1547 1063 1583 solvisset,
1079 1546 1246 1586 ignominia
1258 1546 1444 1577 notantibus.
1473 1549 1617 1587 Quapro-

164 1602 234 1637 pter
246 1609 315 1628 eum
332 1600 494 1638 Lycurgus
505 1610 588 1629 reum
604 1599 688 1634 fecit,
702 1604 736 1629 ut
749 1599 801 1639 qui
813 1598 976 1628 conciones
989 1597 1126 1633 haberet,
1142 1607 1210 1627 cnm
1223 1597 1254 1626 id
1271 1597 1300 1627 ei
1312 1598 1412 1628 facere
1427 1607 1487 1628 non
1497 1599 1614 1629 liceret.

165 1648 248 1686 Quia
262 1659 338 1679 vero
354 1650 488 1680 nondum
506 1659 548 1679 ex
564 1659 634 1679 arce
650 1650 772 1680 deletus
787 1655 852 1680 erat
866 1649 1053 1688 Aristogito‚
1071 1649 1125 1679 sed
1141 1649 1257 1678 mulcta
1278 1648 1442 1679 etiamnum
1456 1650 1617 1690 inscripta,

163 1703 195 1730 et
210 1704 311 1730 tamen
327 1704 448 1740 emptor
472 1699 582 1740 praedii
603 1700 726 1745 debit-or
747 1701 931 1730 constitutus
956 1700 1066 1735 fuerat,
1089 1699 1184 1729 oritur
1209 1699 1350 1738 qnaestio,
1374 1704 1475 1731 utrum
1496 1706 1618 1740 emptor

163 1752 272 1790 praedii
285 1752 436 1782 duntaxat
450 1752 574 1787 debeat,
589 1762 627 1781 an
642 1762 716 1782 vero
732 1752 758 1782 is
774 1752 878 1786 etiarn,
892 1751 946 1789 qui
960 1751 1078 1790 primus
1094 1761 1136 1780 aes
1152 1750 1281 1780 alienum
1299 1751 1450 1788 conflarit,
1464 1762 1502 1782 eo
1518 1762 1616 1792 usque

165 1802 238 1832 dum
259 1803 436 1832 solutum'id
454 1802 568 1832 fuerit?
591 1806 693 1841 Atque
709 1802 775 1831 haec
790 1802 829 1832 de
844 1801 962 1840 duplici
979 1801 1084 1831 debito
1101 1801 1310 1831 controversia
1324 1806 1382 1832 est.
1407 1802 1500 1832 Aiunt
1514 1808 1616 1832 nutem

164 1858 369 1888 accusatores,
384 1863 453 1882 enm
477 1857 510 1882 et
524 1852 643 1882 tertiam
665 1853 778 1882 debere
793 1852 937 1882 mulctam
963 1851 1082 1882 aerario.
1113 1852 1151 1881 Id
1167 1851 1248 1890 quod
1270 1851 1441 1891 Aristogito
1461 1863 1521 1882 non
1544 1863 1617 1882 con-

164 1903 259 1939 cedit,
275 1913 370 1942 seque
383 1913 436 1943 per
449 1902 588 1942 injuriam
599 1903 780 1942 inscriptum
798 1913 867 1933 esse
879 1903 1000 1938 asserit,
1015 1907 1236 1942 proptereaque
1250 1902 1331 1932 diem
1347 1902 1482 1933 Aristoni
1499 1903 1617 1933 dixisse

162 1954 350 1992 inscriptori.
376 1954 599 1983 Demosthenes
615 1958 714 1983 autem
732 1958 762 1982 et
777 1955 947 1993 Lycurgus,
967 1955 1088 1992 justane
1105 1963 1141 1982 an
1159 1953 1273 1992 injusta
1291 1953 1384 1983 suerit
1397 1953 1569 1992 inscriptio,
1584 1954 1617 1984 in

165 2004 267 2034 medio
281 2004 466 2043 relinquunt,
482 2005 537 2034 sed
552 2004 649 2040 aiunt,
670 2005 698 2033 si
713 2004 884 2044 Aristogito
902 2003 1077 2034 Aristonem
1095 2003 1217 2040 vicerit,
1240 2008 1305 2034 tum
1329 2004 1539 2044 Aristogitone
1562 2015 1617 2035 ex-

164 2059 292 2094 puncto,
306 2055 390 2084 illum
407 2064 446 2083 ex
462 2055 531 2094 lege
547 2055 727 2094 inscriptum
740 2054 797 2084 iri:
820 2055 996 2095 priusquam
1014 2060 1113 2084 autem
1130 2055 1168 2084 de
1189 2065 1222 2084 re
1240 2054 1390 2093 judicium
1410 2055 1471 2091 fiat,
1485 2066 1545 2085 non
1561 2057 1615 2086 de-

165 2116 235 2136 cere
251 2115 318 2135 eum
334 2105 365 2134 iu
382 2105 506 2144 publico
524 2106 617 2135 verba.
639 2098 751 2140 facere,
775 2106 827 2144 qni
849 2107 919 2144 jure
938 2106 1067 2134 fortasse
1083 2105 1122 2134 sit
1146 2105 1322 2143 inscriptus,
1345 2111 1376 2135 et
1392 2105 1470 2135 salso
1490 2111 1615 2136 accuset

165 2157 352 2195 Aristonem.
381 2157 419 2185 Et
435 2155 482 2185 hm
497 2157 665 2195 suntbujus
682 2166 782 2185 causa:
797 2156 1003 2195 quaestiones·‚
1028 2156 1066 2184 de
1082 2155 1190 2194 quibus
1206 2155 1344 2185 conflixit
1357 2156 1529 2195 Lycurgus,
1544 2167 1614 2187 cum

165 2207 285 2246 priores
301 2205 330 2236 in
342 2205 475 2234 dicendo
494 2211 599 2244 partes
615 2206 777 2236 obtineret.
806 2206 1030 2235 Demosthenes
1046 2210 1145 2235 autem
1158 2205 1294 2235 breviter
1303 2216 1354 2235 eas
1366 2206 1487 2236 omnino
1502 2208 1617 2247 attigit,

164 2263 200 2288 ut
223 2261 291 2287 ante
307 2260 473 2295 occupatas
487 2267 494 2285 :
518 2260 642 2295 totaque
658 2259 726 2296 ejus
741 2257 838 2287 oratio
855 2258 927 2287 vitae
947 2256 1167 2295 Aristogitonis
1184 2256 1408 2287 accusationem
1424 2258 1570 2288 continet.

208 2308 377 2347 Dionysius
389 2306 645 2338 Halicarnasseus
659 2319 718 2338 non
735 2308 845 2347 recipit
861 2309 915 2337 has
931 2309 1084 2337 orationes
1100 2317 1154 2346 pro
1170 2307 1425 2343 Demosffleuicis,
1440 2310 1615 2347 conjectura

162 2370 203 2390 ex
215 2368 328 2398 genere
338 2358 462 2388 dicendi
474 2363 575 2397 capta.
592 2359 653 2388 Alii
667 2358 774 2388 dicunt
783 2359 823 2388 de
835 2358 985 2388 industria
996 2363 1146 2388 oratorem
1158 2357 1211 2387 tali
1226 2358 1322 2387 sonna
1331 2367 1398 2387 esse
1409 2368 1508 2395 usum,
1520 2371 1614 2390 temu-

163 2411 274 2440 latioue
288 2409 420 2448 Lycurgi
438 2409 534 2448 gloria
549 2409 687 2439 florentis
700 2410 781 2448 apud
798 2409 1020 2439 Athenienses:
1043 2408 1107 2444 alii,
1125 2418 1193 2437 cum
1209 2408 1324 2438 ratione
1339 2408 1438 2438 :etatis
1453 2410 1566 2447 primas
1583 2410 1614 2439 iu

163 2461 295 2490 dicendo
304 2463 406 2499 partes
421 2459 602 2490 obtinuisset
619 2461 790 2498 Lycurgus,
805 2463 837 2488 et
852 2459 992 2489 omnibus
1003 2459 1071 2498 ipse
1085 2457 1271 2498 argumentis
1284 2458 1394 2487 fuisset
1410 2459 1533 2494 abusuS,
1549 2462 1613 2490 De-

165 2511 351 2542 mosthenem
367 2509 480 2539 deinde
490 2520 614 2541 necesse
630 2510 775 2540 habuisse
787 2519 909 2540 causam
922 2520 1012 2548 agere
1025 2509 1231 2544 artificiosius,
1244 2513 1274 2538 et
1285 2508 1425 2548 periodis
1436 2509 1592 2540 includere
1608 2522 1614 2539 :

163 2561 215 2590 alii
232 2561 364 2600 priorem
376 2565 410 2588 ut
423 2560 691 2591 Demosthenicum
701 2560 879 2598 admittunt,
891 2560 1095 2600 posteriorem
1107 2569 1307 2600 nequaquam,
1318 2560 1399 2599 quod
1415 2560 1488 2589 nihil
1502 2561 1610 2591 habeat

166 2613 223 2641 hoe
239 2616 359 2642 oratore
373 2610 510 2650 dignum.
