<?xml version="1.0" encoding="UTF-8"?>
<!DOCTYPE html PUBLIC "-//W3C//DTD XHTML 1.0 Transitional//EN"
    "http://www.w3.org/TR/xhtml1/DTD/xhtml1-transitional.dtd">
<html xmlns="http://www.w3.org/1999/xhtml" xml:lang="en" lang="en">
 <head>
  <title>
</title>
<meta http-equiv="Content-Type" content="text/html;charset=utf-8" />
  <meta name='ocr-system' content='tesseract 3.04.00' />
  <meta name='ocr-capabilities' content='ocr_page ocr_carea ocr_par ocr_line ocrx_word'/>
</head>
<body>
  <div class='ocr_page' id='page_1' title='image "./oratoresatticie15dobs_0339.png"; bbox 0 0 1923 3149; ppageno 0'>
   <div class='ocr_carea' id='block_1_1' title="bbox 708 232 1674 272">
    <p class='ocr_par' dir='ltr' id='par_1_1' title="bbox 708 232 1674 272">
     <span class='ocr_line' id='line_1_1' title="bbox 708 232 1674 272; baseline -0.001 -2"><span class='ocrx_word' id='word_1_1' title='bbox 708 232 935 270; x_wconf 88' lang='lat' dir='ltr'><strong>CONTRA</strong></span> <span class='ocrx_word' id='word_1_2' title='bbox 965 232 1186 270; x_wconf 72' lang='lat' dir='ltr'>MIDIAM.</span> <span class='ocrx_word' id='word_1_3' title='bbox 1600 237 1674 272; x_wconf 69' lang='lat'>325³,</span> 
     </span>
    </p>
   </div>
   <div class='ocr_carea' id='block_1_2' title="bbox 214 333 1672 813">
    <p class='ocr_par' dir='ltr' id='par_1_2' title="bbox 214 333 1672 813">
     <span class='ocr_line' id='line_1_2' title="bbox 218 333 1672 386; baseline 0.001 -16"><span class='ocrx_word' id='word_1_4' title='bbox 218 333 339 371; x_wconf 81' lang='lat' dir='ltr'>aedilis</span> <span class='ocrx_word' id='word_1_5' title='bbox 356 333 525 378; x_wconf 83' lang='lat' dir='ltr'>fuissem,</span> <span class='ocrx_word' id='word_1_6' title='bbox 545 335 785 372; x_wconf 86' lang='lat' dir='ltr'>contumeliae</span> <span class='ocrx_word' id='word_1_7' title='bbox 807 341 954 373; x_wconf 83' lang='lat' dir='ltr'>tantum</span> <span class='ocrx_word' id='word_1_8' title='bbox 968 335 1049 385; x_wconf 89' lang='lat' dir='ltr'>ejus</span> <span class='ocrx_word' id='word_1_9' title='bbox 1069 335 1239 372; x_wconf 69' lang='lat' dir='ltr'>facinora</span> <span class='ocrx_word' id='word_1_10' title='bbox 1258 335 1428 373; x_wconf 77' lang='lat' dir='ltr'>damnari</span> <span class='ocrx_word' id='word_1_11' title='bbox 1442 336 1672 386; x_wconf 82' lang='lat' dir='ltr'>potuissent.</span> 
     </span>
     <span class='ocr_line' id='line_1_3' title="bbox 219 393 1668 446; baseline 0.002 -16"><span class='ocrx_word' id='word_1_12' title='bbox 219 393 346 440; x_wconf 87' lang='lat' dir='ltr'>Nunc,</span> <span class='ocrx_word' id='word_1_13' title='bbox 368 395 397 431; x_wconf 91' lang='lat' dir='ltr'>si</span> <span class='ocrx_word' id='word_1_14' title='bbox 429 395 512 445; x_wconf 79' lang='lat' dir='ltr'>quis</span> <span class='ocrx_word' id='word_1_15' title='bbox 541 409 626 433; x_wconf 88' lang='lat' dir='ltr'>cum</span> <span class='ocrx_word' id='word_1_16' title='bbox 647 396 800 434; x_wconf 76' lang='lat' dir='ltr'>violatae</span> <span class='ocrx_word' id='word_1_17' title='bbox 821 396 1016 446; x_wconf 83' lang='lat' dir='ltr'>religionis</span> <span class='ocrx_word' id='word_1_18' title='bbox 1037 395 1205 439; x_wconf 85' lang='lat' dir='ltr'>damnet,</span> <span class='ocrx_word' id='word_1_19' title='bbox 1239 403 1341 433; x_wconf 82' lang='lat' dir='ltr'>recte</span> <span class='ocrx_word' id='word_1_20' title='bbox 1374 397 1462 434; x_wconf 88' lang='lat' dir='ltr'>mihi</span> <span class='ocrx_word' id='word_1_21' title='bbox 1496 398 1668 434; x_wconf 83' lang='lat' dir='ltr'>facturus</span> 
     </span>
     <span class='ocr_line' id='line_1_4' title="bbox 215 453 1668 506; baseline 0.003 -16"><span class='ocrx_word' id='word_1_22' title='bbox 215 453 418 493; x_wconf 86' lang='lat' dir='ltr'>videbitur.</span> <span class='ocrx_word' id='word_1_23' title='bbox 450 456 586 506; x_wconf 84' lang='lat' dir='ltr'>Neque</span> <span class='ocrx_word' id='word_1_24' title='bbox 607 457 706 494; x_wconf 85' lang='lat' dir='ltr'>enim</span> <span class='ocrx_word' id='word_1_25' title='bbox 729 465 829 495; x_wconf 87' lang='lat' dir='ltr'>certe</span> <span class='ocrx_word' id='word_1_26' title='bbox 849 457 924 494; x_wconf 90' lang='lat' dir='ltr'>hoc</span> <span class='ocrx_word' id='word_1_27' title='bbox 944 455 1143 506; x_wconf 85' lang='lat' dir='ltr'>ignoratis,</span> <span class='ocrx_word' id='word_1_28' title='bbox 1162 469 1229 493; x_wconf 87' lang='lat' dir='ltr'>vos</span> <span class='ocrx_word' id='word_1_29' title='bbox 1248 455 1342 493; x_wconf 84' lang='lat' dir='ltr'>istos</span> <span class='ocrx_word' id='word_1_30' title='bbox 1361 457 1497 495; x_wconf 89' lang='lat' dir='ltr'>choros</span> <span class='ocrx_word' id='word_1_31' title='bbox 1518 458 1668 495; x_wconf 85' lang='lat' dir='ltr'>univer-</span> 
     </span>
     <span class='ocr_line' id='line_1_5' title="bbox 216 516 1667 569; baseline 0.003 -18"><span class='ocrx_word' id='word_1_32' title='bbox 216 528 280 552; x_wconf 87' lang='lat' dir='ltr'>sos</span> <span class='ocrx_word' id='word_1_33' title='bbox 301 523 340 553; x_wconf 82' lang='lat' dir='ltr'>et</span> <span class='ocrx_word' id='word_1_34' title='bbox 360 516 535 568; x_wconf 86' lang='lat' dir='ltr'>hymnos,</span> <span class='ocrx_word' id='word_1_35' title='bbox 555 518 592 554; x_wconf 86' lang='lat' dir='ltr'>in</span> <span class='ocrx_word' id='word_1_36' title='bbox 614 518 753 556; x_wconf 86' lang='lat' dir='ltr'>Bacchi</span> <span class='ocrx_word' id='word_1_37' title='bbox 774 518 955 555; x_wconf 85' lang='lat' dir='ltr'>honorem</span> <span class='ocrx_word' id='word_1_38' title='bbox 984 517 1195 560; x_wconf 74' lang='lat' dir='ltr'>instituere,</span> <span class='ocrx_word' id='word_1_39' title='bbox 1217 529 1294 553; x_wconf 85' lang='lat' dir='ltr'>non</span> <span class='ocrx_word' id='word_1_40' title='bbox 1315 518 1429 555; x_wconf 85' lang='lat' dir='ltr'>modo</span> <span class='ocrx_word' id='word_1_41' title='bbox 1451 532 1497 555; x_wconf 89' lang='lat' dir='ltr'>ex</span> <span class='ocrx_word' id='word_1_42' title='bbox 1518 519 1667 569; x_wconf 81' lang='lat' dir='ltr'>legibus</span> 
     </span>
     <span class='ocr_line' id='line_1_6' title="bbox 216 575 1665 626; baseline 0.003 -14"><span class='ocrx_word' id='word_1_43' title='bbox 216 575 537 622; x_wconf 81' lang='lat' dir='ltr'>Bacchanalibus,</span> <span class='ocrx_word' id='word_1_44' title='bbox 559 579 628 616; x_wconf 86' lang='lat' dir='ltr'>sed</span> <span class='ocrx_word' id='word_1_45' title='bbox 653 578 765 616; x_wconf 88' lang='lat' dir='ltr'>etiam</span> <span class='ocrx_word' id='word_1_46' title='bbox 792 591 838 615; x_wconf 82' lang='lat' dir='ltr'>ex</span> <span class='ocrx_word' id='word_1_47' title='bbox 859 577 1037 623; x_wconf 87' lang='lat' dir='ltr'>oraculis,</span> <span class='ocrx_word' id='word_1_48' title='bbox 1069 577 1108 613; x_wconf 88' lang='lat' dir='ltr'>in</span> <span class='ocrx_word' id='word_1_49' title='bbox 1137 577 1274 626; x_wconf 81' lang='lat' dir='ltr'>quibus</span> <span class='ocrx_word' id='word_1_50' title='bbox 1308 578 1493 615; x_wconf 84' lang='lat' dir='ltr'>universis</span> <span class='ocrx_word' id='word_1_51' title='bbox 1526 586 1665 616; x_wconf 88' lang='lat' dir='ltr'>nostrae</span> 
     </span>
     <span class='ocr_line' id='line_1_7' title="bbox 216 638 1666 690; baseline 0.002 -16"><span class='ocrx_word' id='word_1_52' title='bbox 216 638 298 675; x_wconf 86' lang='lat' dir='ltr'>urbi</span> <span class='ocrx_word' id='word_1_53' title='bbox 319 639 496 676; x_wconf 87' lang='lat' dir='ltr'>divinitus</span> <span class='ocrx_word' id='word_1_54' title='bbox 517 639 589 677; x_wconf 91' lang='lat' dir='ltr'>hoc</span> <span class='ocrx_word' id='word_1_55' title='bbox 609 653 694 677; x_wconf 88' lang='lat' dir='ltr'>esse</span> <span class='ocrx_word' id='word_1_56' title='bbox 713 640 1000 690; x_wconf 86' lang='lat' dir='ltr'>promulgatum</span> <span class='ocrx_word' id='word_1_57' title='bbox 1022 638 1236 684; x_wconf 88' lang='lat' dir='ltr'>invenietis,</span> <span class='ocrx_word' id='word_1_58' title='bbox 1262 651 1337 676; x_wconf 89' lang='lat' dir='ltr'>non</span> <span class='ocrx_word' id='word_1_59' title='bbox 1359 639 1483 676; x_wconf 85' lang='lat' dir='ltr'>minus</span> <span class='ocrx_word' id='word_1_60' title='bbox 1504 639 1666 690; x_wconf 78' lang='lat' dir='ltr'>Delphis</span> 
     </span>
     <span class='ocr_line' id='line_1_8' title="bbox 214 699 1667 751; baseline 0.002 -16"><span class='ocrx_word' id='word_1_61' title='bbox 214 712 330 749; x_wconf 80' lang='lat' dir='ltr'>quain</span> <span class='ocrx_word' id='word_1_62' title='bbox 351 700 542 746; x_wconf 78' lang='lat' dir='ltr'>Dodonae,</span> <span class='ocrx_word' id='word_1_63' title='bbox 562 707 604 738; x_wconf 91' lang='lat' dir='ltr'>ut</span> <span class='ocrx_word' id='word_1_64' title='bbox 623 701 760 738; x_wconf 89' lang='lat' dir='ltr'>choros</span> <span class='ocrx_word' id='word_1_65' title='bbox 788 701 961 738; x_wconf 85' lang='lat' dir='ltr'>instituat</span> <span class='ocrx_word' id='word_1_66' title='bbox 988 699 1062 737; x_wconf 88' lang='lat' dir='ltr'>ritu</span> <span class='ocrx_word' id='word_1_67' title='bbox 1090 699 1226 751; x_wconf 80' lang='lat' dir='ltr'>patrio,</span> <span class='ocrx_word' id='word_1_68' title='bbox 1259 706 1298 737; x_wconf 88' lang='lat' dir='ltr'>et</span> <span class='ocrx_word' id='word_1_69' title='bbox 1316 701 1421 738; x_wconf 80' lang='lat' dir='ltr'>vicos</span> <span class='ocrx_word' id='word_1_70' title='bbox 1450 700 1599 746; x_wconf 79' lang='lat' dir='ltr'>lustret,</span> <span class='ocrx_word' id='word_1_71' title='bbox 1630 708 1667 738; x_wconf 85' lang='lat' dir='ltr'>et</span> 
     </span>
     <span class='ocr_line' id='line_1_9' title="bbox 215 761 1265 813; baseline 0.001 -16"><span class='ocrx_word' id='word_1_72' title='bbox 215 773 376 798; x_wconf 81' lang='lat' dir='ltr'>coronas</span> <span class='ocrx_word' id='word_1_73' title='bbox 397 768 534 812; x_wconf 79' lang='lat' dir='ltr'>gestet,</span> <span class='ocrx_word' id='word_1_74' title='bbox 571 762 649 800; x_wconf 86' lang='lat' dir='ltr'>Sed</span> <span class='ocrx_word' id='word_1_75' title='bbox 669 774 762 812; x_wconf 86' lang='lat' dir='ltr'>cape</span> <span class='ocrx_word' id='word_1_76' title='bbox 782 761 867 813; x_wconf 85' lang='lat' dir='ltr'>ipsa</span> <span class='ocrx_word' id='word_1_77' title='bbox 886 761 1058 808; x_wconf 86' lang='lat' dir='ltr'>oracula,</span> <span class='ocrx_word' id='word_1_78' title='bbox 1078 769 1117 799; x_wconf 86' lang='lat' dir='ltr'>et</span> <span class='ocrx_word' id='word_1_79' title='bbox 1134 761 1265 799; x_wconf 87' lang='lat' dir='ltr'>recita.</span> 
     </span>
    </p>
   </div>
   <div class='ocr_carea' id='block_1_3' title="bbox 795 902 1066 940">
    <p class='ocr_par' dir='ltr' id='par_1_3' title="bbox 795 902 1066 940">
     <span class='ocr_line' id='line_1_10' title="bbox 795 902 1066 940; baseline 0 -1"><span class='ocrx_word' id='word_1_80' title='bbox 795 902 1066 940; x_wconf 87' lang='lat' dir='ltr'>ORACULA.</span> 
     </span>
    </p>
   </div>
   <div class='ocr_carea' id='block_1_4' title="bbox 538 995 1328 1236">
    <p class='ocr_par' dir='ltr' id='par_1_4' title="bbox 538 995 1328 1236">
     <span class='ocr_line' id='line_1_11' title="bbox 539 995 1328 1034; baseline 0.001 -10"><span class='ocrx_word' id='word_1_81' title='bbox 539 996 661 1034; x_wconf 84' lang='lat' dir='ltr'>Impero</span> <span class='ocrx_word' id='word_1_82' title='bbox 674 995 881 1030; x_wconf 80' lang='lat' dir='ltr'>Erechthidis,</span> <span class='ocrx_word' id='word_1_83' title='bbox 900 995 1067 1024; x_wconf 81' lang='lat' dir='ltr'>Pandionis</span> <span class='ocrx_word' id='word_1_84' title='bbox 1085 995 1170 1025; x_wconf 86' lang='lat' dir='ltr'>urbis</span> <span class='ocrx_word' id='word_1_85' title='bbox 1186 996 1328 1031; x_wconf 79' lang='lat' dir='ltr'>alumnis,</span> 
     </span>
     <span class='ocr_line' id='line_1_12' title="bbox 538 1045 1288 1084; baseline 0 -10"><span class='ocrx_word' id='word_1_86' title='bbox 538 1045 597 1083; x_wconf 83' lang='lat' dir='ltr'>Qui</span> <span class='ocrx_word' id='word_1_87' title='bbox 614 1045 704 1074; x_wconf 86' lang='lat' dir='ltr'>solito</span> <span class='ocrx_word' id='word_1_88' title='bbox 718 1045 827 1084; x_wconf 85' lang='lat' dir='ltr'>regitis</span> <span class='ocrx_word' id='word_1_89' title='bbox 844 1056 964 1084; x_wconf 81' lang='lat' dir='ltr'>semper</span> <span class='ocrx_word' id='word_1_90' title='bbox 980 1056 1066 1075; x_wconf 81' lang='lat' dir='ltr'>sacra</span> <span class='ocrx_word' id='word_1_91' title='bbox 1078 1046 1176 1084; x_wconf 81' lang='lat' dir='ltr'>patria</span> <span class='ocrx_word' id='word_1_92' title='bbox 1192 1047 1288 1080; x_wconf 76' lang='lat' dir='ltr'>cultu,</span> 
     </span>
     <span class='ocr_line' id='line_1_13' title="bbox 538 1096 1299 1136; baseline -0.001 -11"><span class='ocrx_word' id='word_1_93' title='bbox 538 1097 582 1125; x_wconf 87' lang='lat' dir='ltr'>Ut</span> <span class='ocrx_word' id='word_1_94' title='bbox 599 1096 713 1125; x_wconf 89' lang='lat' dir='ltr'>Bacchi</span> <span class='ocrx_word' id='word_1_95' title='bbox 730 1106 889 1131; x_wconf 78' lang='lat' dir='ltr'>memoreS,</span> <span class='ocrx_word' id='word_1_96' title='bbox 903 1096 1012 1136; x_wconf 87' lang='lat' dir='ltr'>amplis</span> <span class='ocrx_word' id='word_1_97' title='bbox 1025 1096 1199 1135; x_wconf 87' lang='lat' dir='ltr'>regionibus</span> <span class='ocrx_word' id='word_1_98' title='bbox 1216 1096 1299 1126; x_wconf 83' lang='lat' dir='ltr'>urbis</span> 
     </span>
     <span class='ocr_line' id='line_1_14' title="bbox 538 1146 1258 1182; baseline 0.001 -7"><span class='ocrx_word' id='word_1_99' title='bbox 538 1146 694 1176; x_wconf 83' lang='lat' dir='ltr'>Primitias</span> <span class='ocrx_word' id='word_1_100' title='bbox 712 1147 833 1176; x_wconf 85' lang='lat' dir='ltr'>Bromio</span> <span class='ocrx_word' id='word_1_101' title='bbox 850 1147 961 1177; x_wconf 83' lang='lat' dir='ltr'>celebri</span> <span class='ocrx_word' id='word_1_102' title='bbox 975 1147 1116 1177; x_wconf 84' lang='lat' dir='ltr'>tribuatis</span> <span class='ocrx_word' id='word_1_103' title='bbox 1132 1147 1258 1182; x_wconf 82' lang='lat' dir='ltr'>honore,</span> 
     </span>
     <span class='ocr_line' id='line_1_15' title="bbox 540 1197 1272 1236; baseline 0 -10"><span class='ocrx_word' id='word_1_104' title='bbox 540 1198 632 1226; x_wconf 85' lang='lat' dir='ltr'>Sacra</span> <span class='ocrx_word' id='word_1_105' title='bbox 649 1197 708 1226; x_wconf 85' lang='lat' dir='ltr'>aris</span> <span class='ocrx_word' id='word_1_106' title='bbox 725 1197 808 1236; x_wconf 79' lang='lat' dir='ltr'>fiant,</span> <span class='ocrx_word' id='word_1_107' title='bbox 824 1208 910 1228; x_wconf 88' lang='lat' dir='ltr'>coma</span> <span class='ocrx_word' id='word_1_108' title='bbox 926 1198 966 1227; x_wconf 88' lang='lat' dir='ltr'>sit</span> <span class='ocrx_word' id='word_1_109' title='bbox 982 1197 1122 1227; x_wconf 79' lang='lat' dir='ltr'>redimita</span> <span class='ocrx_word' id='word_1_110' title='bbox 1139 1198 1272 1228; x_wconf 85' lang='lat' dir='ltr'>coronis.</span> 
     </span>
    </p>
   </div>
   <div class='ocr_carea' id='block_1_5' title="bbox 208 1301 1666 1491">
    <p class='ocr_par' dir='ltr' id='par_1_5' title="bbox 208 1301 1666 1491">
     <span class='ocr_line' id='line_1_16' title="bbox 253 1301 1666 1341; baseline 0.001 -12"><span class='ocrx_word' id='word_1_111' title='bbox 253 1301 346 1330; x_wconf 79' lang='lat' dir='ltr'>Sacra</span> <span class='ocrx_word' id='word_1_112' title='bbox 358 1310 413 1339; x_wconf 83' lang='lat' dir='ltr'>pro</span> <span class='ocrx_word' id='word_1_113' title='bbox 426 1301 556 1330; x_wconf 75' lang='lat' dir='ltr'>sanitate</span> <span class='ocrx_word' id='word_1_114' title='bbox 568 1301 637 1330; x_wconf 78' lang='lat' dir='ltr'>liant</span> <span class='ocrx_word' id='word_1_115' title='bbox 650 1305 681 1330; x_wconf 89' lang='lat' dir='ltr'>et</span> <span class='ocrx_word' id='word_1_116' title='bbox 698 1306 768 1330; x_wconf 83' lang='lat' dir='ltr'>vota</span> <span class='ocrx_word' id='word_1_117' title='bbox 782 1301 855 1332; x_wconf 86' lang='lat' dir='ltr'>Jovi</span> <span class='ocrx_word' id='word_1_118' title='bbox 871 1312 1025 1340; x_wconf 86' lang='lat' dir='ltr'>supremo,</span> <span class='ocrx_word' id='word_1_119' title='bbox 1042 1302 1185 1336; x_wconf 83' lang='lat' dir='ltr'>Herculi,</span> <span class='ocrx_word' id='word_1_120' title='bbox 1203 1301 1337 1341; x_wconf 87' lang='lat' dir='ltr'>Apollini</span> <span class='ocrx_word' id='word_1_121' title='bbox 1355 1301 1497 1340; x_wconf 79' lang='lat' dir='ltr'>praesidi:</span> <span class='ocrx_word' id='word_1_122' title='bbox 1516 1312 1572 1341; x_wconf 85' lang='lat' dir='ltr'>pro</span> <span class='ocrx_word' id='word_1_123' title='bbox 1589 1303 1666 1331; x_wconf 79' lang='lat' dir='ltr'>bona</span> 
     </span>
     <span class='ocr_line' id='line_1_17' title="bbox 208 1350 1666 1390; baseline 0.002 -11"><span class='ocrx_word' id='word_1_124' title='bbox 208 1351 339 1386; x_wconf 73' lang='lat' dir='ltr'>fortuna,</span> <span class='ocrx_word' id='word_1_125' title='bbox 363 1351 499 1389; x_wconf 88' lang='lat' dir='ltr'>Apollini</span> <span class='ocrx_word' id='word_1_126' title='bbox 516 1350 729 1389; x_wconf 80' lang='lat' dir='ltr'>compitalitio,</span> <span class='ocrx_word' id='word_1_127' title='bbox 747 1352 882 1387; x_wconf 78' lang='lat' dir='ltr'>Latonoe,</span> <span class='ocrx_word' id='word_1_128' title='bbox 907 1352 1025 1386; x_wconf 85' lang='lat' dir='ltr'>Dianae,</span> <span class='ocrx_word' id='word_1_129' title='bbox 1050 1352 1122 1382; x_wconf 85' lang='lat' dir='ltr'>item</span> <span class='ocrx_word' id='word_1_130' title='bbox 1146 1352 1176 1381; x_wconf 88' lang='lat' dir='ltr'>in</span> <span class='ocrx_word' id='word_1_131' title='bbox 1194 1352 1336 1390; x_wconf 77' lang='lat' dir='ltr'>compitis</span> <span class='ocrx_word' id='word_1_132' title='bbox 1363 1356 1496 1382; x_wconf 77' lang='lat' dir='ltr'>crateres</span> <span class='ocrx_word' id='word_1_133' title='bbox 1513 1353 1666 1382; x_wconf 75' lang='lat' dir='ltr'>statuendi</span> 
     </span>
     <span class='ocr_line' id='line_1_18' title="bbox 208 1401 1666 1441; baseline 0.002 -11"><span class='ocrx_word' id='word_1_134' title='bbox 208 1405 277 1430; x_wconf 85' lang='lat' dir='ltr'>sunt</span> <span class='ocrx_word' id='word_1_135' title='bbox 293 1407 323 1430; x_wconf 86' lang='lat' dir='ltr'>et</span> <span class='ocrx_word' id='word_1_136' title='bbox 338 1401 421 1430; x_wconf 87' lang='lat' dir='ltr'>chori</span> <span class='ocrx_word' id='word_1_137' title='bbox 438 1401 583 1437; x_wconf 85' lang='lat' dir='ltr'>ducendi,</span> <span class='ocrx_word' id='word_1_138' title='bbox 597 1406 627 1431; x_wconf 87' lang='lat' dir='ltr'>et</span> <span class='ocrx_word' id='word_1_139' title='bbox 641 1411 760 1430; x_wconf 86' lang='lat' dir='ltr'>coronae</span> <span class='ocrx_word' id='word_1_140' title='bbox 778 1402 944 1439; x_wconf 71' lang='lat' dir='ltr'>gestandae,</span> <span class='ocrx_word' id='word_1_141' title='bbox 960 1403 1018 1432; x_wconf 88' lang='lat' dir='ltr'>ritu</span> <span class='ocrx_word' id='word_1_142' title='bbox 1036 1402 1136 1441; x_wconf 83' lang='lat' dir='ltr'>patrio</span> <span class='ocrx_word' id='word_1_143' title='bbox 1153 1402 1281 1431; x_wconf 82' lang='lat' dir='ltr'>sublatis</span> <span class='ocrx_word' id='word_1_144' title='bbox 1297 1402 1383 1441; x_wconf 78' lang='lat' dir='ltr'>puris</span> <span class='ocrx_word' id='word_1_145' title='bbox 1398 1403 1534 1433; x_wconf 89' lang='lat' dir='ltr'>manibus</span> <span class='ocrx_word' id='word_1_146' title='bbox 1548 1404 1666 1434; x_wconf 71' lang='lat' dir='ltr'>dextris</span> 
     </span>
     <span class='ocr_line' id='line_1_19' title="bbox 209 1451 1470 1491; baseline 0.001 -9"><span class='ocrx_word' id='word_1_147' title='bbox 209 1456 240 1482; x_wconf 79' lang='lat' dir='ltr'>et</span> <span class='ocrx_word' id='word_1_148' title='bbox 257 1451 401 1488; x_wconf 82' lang='lat' dir='ltr'>sinistris,</span> <span class='ocrx_word' id='word_1_149' title='bbox 413 1452 452 1482; x_wconf 85' lang='lat' dir='ltr'>ad</span> <span class='ocrx_word' id='word_1_150' title='bbox 468 1451 556 1483; x_wconf 89' lang='lat' dir='ltr'>divos</span> <span class='ocrx_word' id='word_1_151' title='bbox 572 1452 723 1491; x_wconf 81' lang='lat' dir='ltr'>divasque</span> <span class='ocrx_word' id='word_1_152' title='bbox 740 1452 882 1482; x_wconf 84' lang='lat' dir='ltr'>coelestes</span> <span class='ocrx_word' id='word_1_153' title='bbox 899 1463 1017 1488; x_wconf 81' lang='lat' dir='ltr'>omnes,</span> <span class='ocrx_word' id='word_1_154' title='bbox 1031 1458 1062 1482; x_wconf 87' lang='lat' dir='ltr'>et</span> <span class='ocrx_word' id='word_1_155' title='bbox 1077 1453 1225 1482; x_wconf 83' lang='lat' dir='ltr'>donorum</span> <span class='ocrx_word' id='word_1_156' title='bbox 1240 1453 1470 1483; x_wconf 86' lang='lat' dir='ltr'>recordandum.</span> 
     </span>
    </p>
   </div>
   <div class='ocr_carea' id='block_1_6' title="bbox 634 1560 1239 1600">
    <p class='ocr_par' dir='ltr' id='par_1_6' title="bbox 634 1560 1239 1600">
     <span class='ocr_line' id='line_1_20' title="bbox 634 1560 1239 1600; baseline -0.003 0"><span class='ocrx_word' id='word_1_157' title='bbox 634 1562 902 1600; x_wconf 86' lang='lat' dir='ltr'>ORACULA</span> <span class='ocrx_word' id='word_1_158' title='bbox 936 1560 1239 1598; x_wconf 87' lang='lat' dir='ltr'>DODONAEA.</span> 
     </span>
    </p>
   </div>
   <div class='ocr_carea' id='block_1_7' title="bbox 206 1654 1666 1901">
    <p class='ocr_par' dir='ltr' id='par_1_7' title="bbox 206 1654 1666 1901">
     <span class='ocr_line' id='line_1_21' title="bbox 243 1654 1664 1697; baseline -0.003 -9"><span class='ocrx_word' id='word_1_159' title='bbox 243 1658 363 1697; x_wconf 89' lang='lat' dir='ltr'>Populo</span> <span class='ocrx_word' id='word_1_160' title='bbox 379 1657 561 1687; x_wconf 78' lang='lat' dir='ltr'>Atheniensi</span> <span class='ocrx_word' id='word_1_161' title='bbox 577 1657 665 1688; x_wconf 84' lang='lat' dir='ltr'>Jovis</span> <span class='ocrx_word' id='word_1_162' title='bbox 681 1657 762 1686; x_wconf 78' lang='lat' dir='ltr'>silius</span> <span class='ocrx_word' id='word_1_163' title='bbox 774 1657 875 1697; x_wconf 86' lang='lat' dir='ltr'>jubet.</span> <span class='ocrx_word' id='word_1_164' title='bbox 906 1656 1075 1694; x_wconf 83' lang='lat' dir='ltr'>Propterea</span> <span class='ocrx_word' id='word_1_165' title='bbox 1090 1655 1170 1694; x_wconf 91' lang='lat' dir='ltr'>quod</span> <span class='ocrx_word' id='word_1_166' title='bbox 1189 1659 1311 1694; x_wconf 84' lang='lat' dir='ltr'>tempus</span> <span class='ocrx_word' id='word_1_167' title='bbox 1328 1654 1522 1684; x_wconf 80' lang='lat' dir='ltr'>solennitatis</span> <span class='ocrx_word' id='word_1_168' title='bbox 1539 1658 1664 1693; x_wconf 74' lang='lat' dir='ltr'>praeler-</span> 
     </span>
     <span class='ocr_line' id='line_1_22' title="bbox 208 1705 1664 1749; baseline -0.003 -11"><span class='ocrx_word' id='word_1_169' title='bbox 208 1707 351 1744; x_wconf 76' lang='lat' dir='ltr'>misistis,</span> <span class='ocrx_word' id='word_1_170' title='bbox 366 1709 504 1738; x_wconf 78' lang='lat' dir='ltr'>delectos</span> <span class='ocrx_word' id='word_1_171' title='bbox 523 1708 641 1749; x_wconf 85' lang='lat' dir='ltr'>[jubet]</span> <span class='ocrx_word' id='word_1_172' title='bbox 662 1707 848 1749; x_wconf 75' lang='lat' dir='ltr'>sacrificulos</span> <span class='ocrx_word' id='word_1_173' title='bbox 871 1706 961 1741; x_wconf 79' lang='lat' dir='ltr'>mitti,</span> <span class='ocrx_word' id='word_1_174' title='bbox 990 1705 1041 1744; x_wconf 86' lang='lat' dir='ltr'>qui</span> <span class='ocrx_word' id='word_1_175' title='bbox 1058 1705 1133 1735; x_wconf 88' lang='lat' dir='ltr'>Jovi</span> <span class='ocrx_word' id='word_1_176' title='bbox 1152 1705 1295 1735; x_wconf 84' lang='lat' dir='ltr'>Tomario</span> <span class='ocrx_word' id='word_1_177' title='bbox 1312 1709 1374 1734; x_wconf 86' lang='lat' dir='ltr'>tres</span> <span class='ocrx_word' id='word_1_178' title='bbox 1396 1706 1503 1741; x_wconf 85' lang='lat' dir='ltr'>boves,</span> <span class='ocrx_word' id='word_1_179' title='bbox 1518 1705 1664 1744; x_wconf 79' lang='lat' dir='ltr'>binasque</span> 
     </span>
     <span class='ocr_line' id='line_1_23' title="bbox 207 1755 1663 1797; baseline -0.002 -9"><span class='ocrx_word' id='word_1_180' title='bbox 207 1769 274 1789; x_wconf 88' lang='lat' dir='ltr'>cum</span> <span class='ocrx_word' id='word_1_181' title='bbox 293 1759 424 1797; x_wconf 85' lang='lat' dir='ltr'>singulis</span> <span class='ocrx_word' id='word_1_182' title='bbox 443 1769 529 1794; x_wconf 78' lang='lat' dir='ltr'>oves,</span> <span class='ocrx_word' id='word_1_183' title='bbox 553 1758 690 1788; x_wconf 81' lang='lat' dir='ltr'>offerant.</span> <span class='ocrx_word' id='word_1_184' title='bbox 723 1757 783 1792; x_wconf 70' lang='lat' dir='ltr'>Qui</span> <span class='ocrx_word' id='word_1_185' title='bbox 808 1757 916 1786; x_wconf 82' lang='lat' dir='ltr'>Dionae</span> <span class='ocrx_word' id='word_1_186' title='bbox 932 1766 1024 1795; x_wconf 86' lang='lat' dir='ltr'>porro</span> <span class='ocrx_word' id='word_1_187' title='bbox 1041 1756 1151 1785; x_wconf 87' lang='lat' dir='ltr'>bovem</span> <span class='ocrx_word' id='word_1_188' title='bbox 1175 1760 1206 1785; x_wconf 88' lang='lat' dir='ltr'>et</span> <span class='ocrx_word' id='word_1_189' title='bbox 1230 1755 1305 1785; x_wconf 85' lang='lat' dir='ltr'>alias</span> <span class='ocrx_word' id='word_1_190' title='bbox 1323 1755 1475 1790; x_wconf 73' lang='lat' dir='ltr'>victimas,</span> <span class='ocrx_word' id='word_1_191' title='bbox 1501 1761 1531 1785; x_wconf 80' lang='lat' dir='ltr'>et</span> <span class='ocrx_word' id='word_1_192' title='bbox 1555 1766 1663 1786; x_wconf 69' lang='lat' dir='ltr'>aeream</span> 
     </span>
     <span class='ocr_line' id='line_1_24' title="bbox 206 1805 1666 1850; baseline -0.002 -11"><span class='ocrx_word' id='word_1_193' title='bbox 206 1820 352 1846; x_wconf 82' lang='lat' dir='ltr'>mensam,</span> <span class='ocrx_word' id='word_1_194' title='bbox 364 1809 499 1850; x_wconf 58' lang='lat' dir='ltr'>offerant.</span> <span class='ocrx_word' id='word_1_195' title='bbox 519 1809 639 1848; x_wconf 80' lang='lat' dir='ltr'>Quique</span> <span class='ocrx_word' id='word_1_196' title='bbox 648 1808 786 1849; x_wconf 84' lang='lat' dir='ltr'>insuper,</span> <span class='ocrx_word' id='word_1_197' title='bbox 797 1808 828 1838; x_wconf 89' lang='lat' dir='ltr'>id</span> <span class='ocrx_word' id='word_1_198' title='bbox 839 1807 1008 1841; x_wconf 78' lang='lat' dir='ltr'>donarium,</span> <span class='ocrx_word' id='word_1_199' title='bbox 1018 1807 1098 1845; x_wconf 85' lang='lat' dir='ltr'>quod</span> <span class='ocrx_word' id='word_1_200' title='bbox 1110 1806 1244 1846; x_wconf 89' lang='lat' dir='ltr'>populus</span> <span class='ocrx_word' id='word_1_201' title='bbox 1254 1805 1484 1836; x_wconf 84' lang='lat' dir='ltr'>Atheniensium</span> <span class='ocrx_word' id='word_1_202' title='bbox 1498 1806 1666 1842; x_wconf 77' lang='lat' dir='ltr'>dedicarit,</span> 
     </span>
     <span class='ocr_line' id='line_1_25' title="bbox 206 1859 341 1901; baseline 0.022 -13"><span class='ocrx_word' id='word_1_203' title='bbox 206 1859 341 1901; x_wconf 76' lang='lat' dir='ltr'>off&#39;eraut.</span> 
     </span>
    </p>
   </div>
   <div class='ocr_carea' id='block_1_8' title="bbox 839 1956 1020 1994">
    <p class='ocr_par' dir='ltr' id='par_1_8' title="bbox 839 1956 1020 1994">
     <span class='ocr_line' id='line_1_26' title="bbox 839 1956 1020 1994; baseline -0.011 0"><span class='ocrx_word' id='word_1_204' title='bbox 839 1956 1020 1994; x_wconf 85' lang='lat' dir='ltr'>ALIUD.</span> 
     </span>
    </p>
   </div>
   <div class='ocr_carea' id='block_1_9' title="bbox 205 2039 1664 2225">
    <p class='ocr_par' dir='ltr' id='par_1_9' title="bbox 205 2039 1664 2225">
     <span class='ocr_line' id='line_1_27' title="bbox 237 2039 1664 2082; baseline -0.004 -9"><span class='ocrx_word' id='word_1_205' title='bbox 237 2042 329 2074; x_wconf 74' lang='lat' dir='ltr'>,lovis</span> <span class='ocrx_word' id='word_1_206' title='bbox 345 2043 425 2072; x_wconf 83' lang='lat' dir='ltr'>filius</span> <span class='ocrx_word' id='word_1_207' title='bbox 439 2044 578 2073; x_wconf 68' lang='lat' dir='ltr'>Dodonae</span> <span class='ocrx_word' id='word_1_208' title='bbox 590 2044 678 2082; x_wconf 82' lang='lat' dir='ltr'>jubet</span> <span class='ocrx_word' id='word_1_209' title='bbox 692 2053 699 2071; x_wconf 73' lang='grc' dir='ltr'><strong><em>ι</em></strong></span> <span class='ocrx_word' id='word_1_210' title='bbox 717 2043 841 2073; x_wconf 88' lang='lat' dir='ltr'>Baccho</span> <span class='ocrx_word' id='word_1_211' title='bbox 856 2041 982 2081; x_wconf 90' lang='lat' dir='ltr'>publico</span> <span class='ocrx_word' id='word_1_212' title='bbox 999 2045 1123 2080; x_wconf 87' lang='lat' dir='ltr'>sumptu</span> <span class='ocrx_word' id='word_1_213' title='bbox 1134 2050 1221 2070; x_wconf 83' lang='lat' dir='ltr'>sacra</span> <span class='ocrx_word' id='word_1_214' title='bbox 1232 2039 1381 2074; x_wconf 78' lang='lat' dir='ltr'>facienda,</span> <span class='ocrx_word' id='word_1_215' title='bbox 1397 2044 1428 2069; x_wconf 87' lang='lat' dir='ltr'>et</span> <span class='ocrx_word' id='word_1_216' title='bbox 1444 2043 1592 2069; x_wconf 80' lang='lat' dir='ltr'>craterem</span> <span class='ocrx_word' id='word_1_217' title='bbox 1609 2039 1664 2069; x_wconf 82' lang='lat' dir='ltr'>ini-</span> 
     </span>
     <span class='ocr_line' id='line_1_28' title="bbox 207 2091 1662 2132; baseline -0.002 -10"><span class='ocrx_word' id='word_1_218' title='bbox 207 2094 365 2130; x_wconf 86' lang='lat' dir='ltr'>seendum,</span> <span class='ocrx_word' id='word_1_219' title='bbox 381 2098 413 2124; x_wconf 83' lang='lat' dir='ltr'>et</span> <span class='ocrx_word' id='word_1_220' title='bbox 436 2094 545 2123; x_wconf 87' lang='lat' dir='ltr'>choros</span> <span class='ocrx_word' id='word_1_221' title='bbox 561 2094 737 2124; x_wconf 76' lang='lat' dir='ltr'>ducendos:</span> <span class='ocrx_word' id='word_1_222' title='bbox 768 2092 906 2132; x_wconf 80' lang='lat' dir='ltr'>Apollini</span> <span class='ocrx_word' id='word_1_223' title='bbox 921 2092 1068 2121; x_wconf 88' lang='lat' dir='ltr'>malorum</span> <span class='ocrx_word' id='word_1_224' title='bbox 1082 2091 1242 2130; x_wconf 84' lang='lat' dir='ltr'>depulsori</span> <span class='ocrx_word' id='word_1_225' title='bbox 1267 2091 1458 2120; x_wconf 81' lang='lat' dir='ltr'>mactandum</span> <span class='ocrx_word' id='word_1_226' title='bbox 1476 2093 1595 2126; x_wconf 85' lang='lat' dir='ltr'>bovem,</span> <span class='ocrx_word' id='word_1_227' title='bbox 1611 2101 1662 2119; x_wconf 87' lang='lat' dir='ltr'>co-</span> 
     </span>
     <span class='ocr_line' id='line_1_29' title="bbox 205 2141 1664 2182; baseline -0.001 -11"><span class='ocrx_word' id='word_1_228' title='bbox 205 2153 354 2182; x_wconf 82' lang='lat' dir='ltr'>ronasque</span> <span class='ocrx_word' id='word_1_229' title='bbox 370 2144 533 2182; x_wconf 78' lang='lat' dir='ltr'>gestandas</span> <span class='ocrx_word' id='word_1_230' title='bbox 550 2149 609 2173; x_wconf 79' lang='lat' dir='ltr'>tam</span> <span class='ocrx_word' id='word_1_231' title='bbox 627 2145 726 2173; x_wconf 79' lang='lat' dir='ltr'>servis</span> <span class='ocrx_word' id='word_1_232' title='bbox 740 2154 829 2182; x_wconf 88' lang='lat' dir='ltr'>quam</span> <span class='ocrx_word' id='word_1_233' title='bbox 845 2142 997 2181; x_wconf 84' lang='lat' dir='ltr'>ingenuis,</span> <span class='ocrx_word' id='word_1_234' title='bbox 1010 2147 1040 2171; x_wconf 90' lang='lat' dir='ltr'>et</span> <span class='ocrx_word' id='word_1_235' title='bbox 1050 2152 1105 2181; x_wconf 86' lang='lat' dir='ltr'>per</span> <span class='ocrx_word' id='word_1_236' title='bbox 1116 2152 1205 2171; x_wconf 85' lang='lat' dir='ltr'>unum</span> <span class='ocrx_word' id='word_1_237' title='bbox 1219 2142 1299 2171; x_wconf 89' lang='lat' dir='ltr'>diem</span> <span class='ocrx_word' id='word_1_238' title='bbox 1314 2142 1351 2171; x_wconf 84' lang='lat' dir='ltr'>ab</span> <span class='ocrx_word' id='word_1_239' title='bbox 1364 2152 1458 2181; x_wconf 81' lang='lat' dir='ltr'>opere</span> <span class='ocrx_word' id='word_1_240' title='bbox 1475 2141 1641 2170; x_wconf 82' lang='lat' dir='ltr'>feriandum</span> <span class='ocrx_word' id='word_1_241' title='bbox 1657 2152 1664 2170; x_wconf 74' lang='grc' dir='ltr'><strong><em>ε</em></strong></span> 
     </span>
     <span class='ocr_line' id='line_1_30' title="bbox 207 2194 875 2225; baseline -0.001 -1"><span class='ocrx_word' id='word_1_242' title='bbox 207 2194 278 2224; x_wconf 79' lang='lat' dir='ltr'>Jovi</span> <span class='ocrx_word' id='word_1_243' title='bbox 294 2195 392 2225; x_wconf 85' lang='lat' dir='ltr'>ctesio</span> <span class='ocrx_word' id='word_1_244' title='bbox 409 2195 517 2224; x_wconf 83' lang='lat' dir='ltr'>bovem</span> <span class='ocrx_word' id='word_1_245' title='bbox 534 2195 634 2224; x_wconf 81' lang='lat' dir='ltr'>album</span> <span class='ocrx_word' id='word_1_246' title='bbox 648 2194 875 2224; x_wconf 84' lang='lat' dir='ltr'>immolandum.</span> 
     </span>
    </p>
   </div>
   <div class='ocr_carea' id='block_1_10' title="bbox 202 2282 1661 3006">
    <p class='ocr_par' dir='ltr' id='par_1_10' title="bbox 202 2282 1661 3006">
     <span class='ocr_line' id='line_1_31' title="bbox 261 2282 1660 2334; baseline 0 -13"><span class='ocrx_word' id='word_1_247' title='bbox 261 2286 321 2322; x_wconf 87' lang='grc'>16.</span> <span class='ocrx_word' id='word_1_248' title='bbox 351 2285 464 2331; x_wconf 85' lang='lat' dir='ltr'>Sunt,</span> <span class='ocrx_word' id='word_1_249' title='bbox 480 2284 749 2329; x_wconf 85' lang='lat' dir='ltr'>Athenienses,</span> <span class='ocrx_word' id='word_1_250' title='bbox 767 2291 806 2322; x_wconf 92' lang='lat' dir='ltr'>et</span> <span class='ocrx_word' id='word_1_251' title='bbox 819 2285 903 2322; x_wconf 86' lang='lat' dir='ltr'>haec</span> <span class='ocrx_word' id='word_1_252' title='bbox 918 2291 957 2322; x_wconf 91' lang='lat' dir='ltr'>et</span> <span class='ocrx_word' id='word_1_253' title='bbox 973 2284 1047 2322; x_wconf 89' lang='lat' dir='ltr'>alia</span> <span class='ocrx_word' id='word_1_254' title='bbox 1057 2284 1180 2322; x_wconf 88' lang='lat' dir='ltr'>multa</span> <span class='ocrx_word' id='word_1_255' title='bbox 1194 2284 1278 2321; x_wconf 89' lang='lat' dir='ltr'>urbi</span> <span class='ocrx_word' id='word_1_256' title='bbox 1291 2283 1476 2334; x_wconf 78' lang='lat' dir='ltr'>praeclara</span> <span class='ocrx_word' id='word_1_257' title='bbox 1490 2282 1660 2321; x_wconf 83' lang='lat' dir='ltr'>oracula.</span> 
     </span>
     <span class='ocr_line' id='line_1_32' title="bbox 205 2343 1660 2396; baseline -0.001 -14"><span class='ocrx_word' id='word_1_258' title='bbox 205 2345 307 2389; x_wconf 86' lang='lat' dir='ltr'>Quid</span> <span class='ocrx_word' id='word_1_259' title='bbox 325 2346 440 2396; x_wconf 79' lang='lat' dir='ltr'>igitur</span> <span class='ocrx_word' id='word_1_260' title='bbox 458 2345 548 2383; x_wconf 87' lang='lat' dir='ltr'>inde</span> <span class='ocrx_word' id='word_1_261' title='bbox 567 2346 674 2383; x_wconf 90' lang='lat' dir='ltr'>vobis</span> <span class='ocrx_word' id='word_1_262' title='bbox 694 2345 954 2396; x_wconf 82' lang='lat' dir='ltr'>colligendum</span> <span class='ocrx_word' id='word_1_263' title='bbox 975 2344 1060 2383; x_wconf 75' lang='lat' dir='ltr'>est?</span> <span class='ocrx_word' id='word_1_264' title='bbox 1094 2345 1181 2382; x_wconf 91' lang='lat' dir='ltr'>Hoc</span> <span class='ocrx_word' id='word_1_265' title='bbox 1201 2345 1378 2381; x_wconf 89' lang='lat' dir='ltr'>nimirum</span> <span class='ocrx_word' id='word_1_266' title='bbox 1396 2357 1404 2381; x_wconf 92' lang='lat'>:</span> <span class='ocrx_word' id='word_1_267' title='bbox 1434 2343 1579 2394; x_wconf 84' lang='lat' dir='ltr'>reliqua</span> <span class='ocrx_word' id='word_1_268' title='bbox 1599 2357 1660 2381; x_wconf 88' lang='lat' dir='ltr'>sa-</span> 
     </span>
     <span class='ocr_line' id='line_1_33' title="bbox 204 2404 1660 2457; baseline -0.001 -13"><span class='ocrx_word' id='word_1_269' title='bbox 204 2419 270 2444; x_wconf 86' lang='lat' dir='ltr'>cra</span> <span class='ocrx_word' id='word_1_270' title='bbox 290 2406 375 2452; x_wconf 89' lang='lat' dir='ltr'>diis,</span> <span class='ocrx_word' id='word_1_271' title='bbox 396 2407 461 2457; x_wconf 90' lang='lat' dir='ltr'>qui</span> <span class='ocrx_word' id='word_1_272' title='bbox 481 2407 519 2444; x_wconf 89' lang='lat' dir='ltr'>in</span> <span class='ocrx_word' id='word_1_273' title='bbox 539 2407 701 2457; x_wconf 83' lang='lat' dir='ltr'>singulis</span> <span class='ocrx_word' id='word_1_274' title='bbox 727 2406 893 2445; x_wconf 89' lang='lat' dir='ltr'>oraculis</span> <span class='ocrx_word' id='word_1_275' title='bbox 923 2406 1149 2444; x_wconf 84' lang='lat' dir='ltr'>nominatim</span> <span class='ocrx_word' id='word_1_276' title='bbox 1180 2405 1458 2456; x_wconf 86' lang='lat' dir='ltr'>exprimuntur,</span> <span class='ocrx_word' id='word_1_277' title='bbox 1488 2404 1570 2441; x_wconf 87' lang='lat' dir='ltr'>fieri</span> <span class='ocrx_word' id='word_1_278' title='bbox 1594 2405 1660 2454; x_wconf 90' lang='lat' dir='ltr'>ju-</span> 
     </span>
     <span class='ocr_line' id='line_1_34' title="bbox 202 2466 1660 2519; baseline -0.001 -13"><span class='ocrx_word' id='word_1_279' title='bbox 202 2469 310 2514; x_wconf 88' lang='lat' dir='ltr'>bent,</span> <span class='ocrx_word' id='word_1_280' title='bbox 330 2468 491 2507; x_wconf 89' lang='lat' dir='ltr'>choreas</span> <span class='ocrx_word' id='word_1_281' title='bbox 510 2476 637 2507; x_wconf 88' lang='lat' dir='ltr'>autem</span> <span class='ocrx_word' id='word_1_282' title='bbox 657 2469 813 2515; x_wconf 87' lang='lat' dir='ltr'>ducere,</span> <span class='ocrx_word' id='word_1_283' title='bbox 832 2468 1030 2519; x_wconf 82' lang='lat' dir='ltr'>patrioque</span> <span class='ocrx_word' id='word_1_284' title='bbox 1046 2468 1121 2505; x_wconf 84' lang='lat' dir='ltr'>ritu</span> <span class='ocrx_word' id='word_1_285' title='bbox 1142 2473 1293 2518; x_wconf 81' lang='lat' dir='ltr'>gestare</span> <span class='ocrx_word' id='word_1_286' title='bbox 1309 2478 1485 2512; x_wconf 81' lang='lat' dir='ltr'>coronaS,</span> <span class='ocrx_word' id='word_1_287' title='bbox 1505 2466 1660 2517; x_wconf 88' lang='lat' dir='ltr'>reliquis</span> 
     </span>
     <span class='ocr_line' id='line_1_35' title="bbox 204 2527 1661 2581; baseline -0.002 -13"><span class='ocrx_word' id='word_1_288' title='bbox 204 2530 382 2568; x_wconf 89' lang='lat' dir='ltr'>omnibus</span> <span class='ocrx_word' id='word_1_289' title='bbox 397 2530 730 2568; x_wconf 84' lang='lat' dir='ltr'>vaticinationibus</span> <span class='ocrx_word' id='word_1_290' title='bbox 750 2536 935 2581; x_wconf 89' lang='lat' dir='ltr'>tanquam</span> <span class='ocrx_word' id='word_1_291' title='bbox 955 2528 1208 2580; x_wconf 84' lang='lat' dir='ltr'>appendicem</span> <span class='ocrx_word' id='word_1_292' title='bbox 1227 2527 1392 2566; x_wconf 88' lang='lat' dir='ltr'>addunt.</span> <span class='ocrx_word' id='word_1_293' title='bbox 1423 2527 1572 2565; x_wconf 85' lang='lat' dir='ltr'>Choros</span> <span class='ocrx_word' id='word_1_294' title='bbox 1592 2527 1661 2578; x_wconf 80' lang='lat' dir='ltr'>igi-</span> 
     </span>
     <span class='ocr_line' id='line_1_36' title="bbox 203 2589 1660 2641; baseline -0.002 -12"><span class='ocrx_word' id='word_1_295' title='bbox 203 2598 265 2630; x_wconf 86' lang='lat' dir='ltr'>tur</span> <span class='ocrx_word' id='word_1_296' title='bbox 287 2603 420 2628; x_wconf 90' lang='lat' dir='ltr'>omnes</span> <span class='ocrx_word' id='word_1_297' title='bbox 437 2591 503 2641; x_wconf 91' lang='lat' dir='ltr'>qui</span> <span class='ocrx_word' id='word_1_298' title='bbox 522 2591 755 2630; x_wconf 87' lang='lat' dir='ltr'>conveniunt</span> <span class='ocrx_word' id='word_1_299' title='bbox 775 2598 813 2628; x_wconf 89' lang='lat' dir='ltr'>et</span> <span class='ocrx_word' id='word_1_300' title='bbox 830 2604 901 2629; x_wconf 89' lang='lat' dir='ltr'>nos</span> <span class='ocrx_word' id='word_1_301' title='bbox 918 2590 1050 2628; x_wconf 87' lang='lat' dir='ltr'>aediles</span> <span class='ocrx_word' id='word_1_302' title='bbox 1069 2596 1222 2628; x_wconf 88' lang='lat' dir='ltr'>constat</span> <span class='ocrx_word' id='word_1_303' title='bbox 1247 2589 1321 2626; x_wconf 89' lang='lat' dir='ltr'>illis</span> <span class='ocrx_word' id='word_1_304' title='bbox 1352 2589 1503 2634; x_wconf 91' lang='lat' dir='ltr'>diebus,</span> <span class='ocrx_word' id='word_1_305' title='bbox 1523 2589 1660 2638; x_wconf 87' lang='lat' dir='ltr'>quibus</span> 
     </span>
     <span class='ocr_line' id='line_1_37' title="bbox 204 2650 1658 2702; baseline -0.003 -12"><span class='ocrx_word' id='word_1_306' title='bbox 204 2653 254 2690; x_wconf 89' lang='lat' dir='ltr'>ad</span> <span class='ocrx_word' id='word_1_307' title='bbox 272 2652 408 2689; x_wconf 91' lang='lat' dir='ltr'>ludum</span> <span class='ocrx_word' id='word_1_308' title='bbox 440 2652 683 2690; x_wconf 88' lang='lat' dir='ltr'>convenimus</span> <span class='ocrx_word' id='word_1_309' title='bbox 703 2666 751 2690; x_wconf 87' lang='lat' dir='ltr'>ex</span> <span class='ocrx_word' id='word_1_310' title='bbox 778 2652 888 2690; x_wconf 84' lang='lat' dir='ltr'>hisce</span> <span class='ocrx_word' id='word_1_311' title='bbox 920 2651 1098 2696; x_wconf 87' lang='lat' dir='ltr'>oraculis,</span> <span class='ocrx_word' id='word_1_312' title='bbox 1122 2664 1191 2702; x_wconf 87' lang='lat' dir='ltr'>pro</span> <span class='ocrx_word' id='word_1_313' title='bbox 1210 2651 1327 2688; x_wconf 85' lang='lat' dir='ltr'>sacris</span> <span class='ocrx_word' id='word_1_314' title='bbox 1347 2650 1472 2687; x_wconf 72' lang='lat' dir='ltr'>ornari</span> <span class='ocrx_word' id='word_1_315' title='bbox 1494 2650 1658 2695; x_wconf 88' lang='lat' dir='ltr'>coronis,</span> 
     </span>
     <span class='ocr_line' id='line_1_38' title="bbox 202 2710 1657 2763; baseline -0.003 -13"><span class='ocrx_word' id='word_1_316' title='bbox 202 2726 274 2751; x_wconf 89' lang='lat' dir='ltr'>nec</span> <span class='ocrx_word' id='word_1_317' title='bbox 290 2713 417 2750; x_wconf 89' lang='lat' dir='ltr'>minus</span> <span class='ocrx_word' id='word_1_318' title='bbox 432 2725 518 2749; x_wconf 90' lang='lat' dir='ltr'>eum</span> <span class='ocrx_word' id='word_1_319' title='bbox 531 2713 595 2762; x_wconf 90' lang='lat' dir='ltr'>qui</span> <span class='ocrx_word' id='word_1_320' title='bbox 610 2720 825 2763; x_wconf 89' lang='lat' dir='ltr'>postremus</span> <span class='ocrx_word' id='word_1_321' title='bbox 845 2713 1029 2757; x_wconf 88' lang='lat' dir='ltr'>omnium,</span> <span class='ocrx_word' id='word_1_322' title='bbox 1049 2725 1163 2762; x_wconf 89' lang='lat' dir='ltr'>quam</span> <span class='ocrx_word' id='word_1_323' title='bbox 1183 2711 1248 2762; x_wconf 89' lang='lat' dir='ltr'>qui</span> <span class='ocrx_word' id='word_1_324' title='bbox 1262 2711 1385 2748; x_wconf 80' lang='lat' dir='ltr'>victor</span> <span class='ocrx_word' id='word_1_325' title='bbox 1401 2716 1460 2747; x_wconf 85' lang='lat' dir='ltr'>cst</span> <span class='ocrx_word' id='word_1_326' title='bbox 1479 2710 1629 2747; x_wconf 85' lang='lat' dir='ltr'>futurus</span> <span class='ocrx_word' id='word_1_327' title='bbox 1649 2723 1657 2746; x_wconf 91' lang='lat'>:</span> 
     </span>
     <span class='ocr_line' id='line_1_39' title="bbox 204 2769 1657 2825; baseline -0.003 -14"><span class='ocrx_word' id='word_1_328' title='bbox 204 2774 265 2811; x_wconf 91' lang='lat' dir='ltr'>die</span> <span class='ocrx_word' id='word_1_329' title='bbox 281 2780 409 2811; x_wconf 88' lang='lat' dir='ltr'>autem</span> <span class='ocrx_word' id='word_1_330' title='bbox 428 2773 616 2810; x_wconf 85' lang='lat' dir='ltr'>victoriali</span> <span class='ocrx_word' id='word_1_331' title='bbox 635 2780 716 2811; x_wconf 89' lang='lat' dir='ltr'>tum</span> <span class='ocrx_word' id='word_1_332' title='bbox 736 2773 892 2811; x_wconf 91' lang='lat' dir='ltr'>demum</span> <span class='ocrx_word' id='word_1_333' title='bbox 905 2786 975 2825; x_wconf 88' lang='lat' dir='ltr'>pro</span> <span class='ocrx_word' id='word_1_334' title='bbox 995 2786 1080 2811; x_wconf 89' lang='lat' dir='ltr'>sese</span> <span class='ocrx_word' id='word_1_335' title='bbox 1100 2779 1306 2810; x_wconf 86' lang='lat' dir='ltr'>coronatur</span> <span class='ocrx_word' id='word_1_336' title='bbox 1324 2772 1456 2809; x_wconf 89' lang='lat' dir='ltr'>victor.</span> <span class='ocrx_word' id='word_1_337' title='bbox 1493 2769 1567 2813; x_wconf 82' lang='lat' dir='ltr'>Qui</span> <span class='ocrx_word' id='word_1_338' title='bbox 1588 2770 1657 2820; x_wconf 86' lang='lat' dir='ltr'>igi-</span> 
     </span>
     <span class='ocr_line' id='line_1_40' title="bbox 204 2830 1658 2884; baseline -0.002 -13"><span class='ocrx_word' id='word_1_339' title='bbox 204 2841 265 2872; x_wconf 84' lang='lat' dir='ltr'>tur</span> <span class='ocrx_word' id='word_1_340' title='bbox 283 2835 321 2871; x_wconf 93' lang='lat' dir='ltr'>in</span> <span class='ocrx_word' id='word_1_341' title='bbox 341 2834 508 2884; x_wconf 87' lang='lat' dir='ltr'>aliquem</span> <span class='ocrx_word' id='word_1_342' title='bbox 527 2847 548 2871; x_wconf 90' lang='lat' dir='ltr'>e</span> <span class='ocrx_word' id='word_1_343' title='bbox 563 2833 694 2880; x_wconf 84' lang='lat' dir='ltr'>choro,</span> <span class='ocrx_word' id='word_1_344' title='bbox 711 2842 779 2873; x_wconf 86' lang='lat' dir='ltr'>aut</span> <span class='ocrx_word' id='word_1_345' title='bbox 797 2835 963 2880; x_wconf 85' lang='lat' dir='ltr'>aedilem,</span> <span class='ocrx_word' id='word_1_346' title='bbox 984 2834 1072 2872; x_wconf 90' lang='lat' dir='ltr'>odio</span> <span class='ocrx_word' id='word_1_347' title='bbox 1091 2833 1328 2884; x_wconf 85' lang='lat' dir='ltr'>impellente,</span> <span class='ocrx_word' id='word_1_348' title='bbox 1349 2831 1534 2881; x_wconf 88' lang='lat' dir='ltr'>impetum</span> <span class='ocrx_word' id='word_1_349' title='bbox 1554 2830 1658 2875; x_wconf 86' lang='lat' dir='ltr'>facit,</span> 
     </span>
     <span class='ocr_line' id='line_1_41' title="bbox 203 2891 1657 2946; baseline -0.001 -15"><span class='ocrx_word' id='word_1_350' title='bbox 203 2895 241 2931; x_wconf 86' lang='lat' dir='ltr'>in</span> <span class='ocrx_word' id='word_1_351' title='bbox 258 2895 339 2945; x_wconf 85' lang='lat' dir='ltr'>ipso</span> <span class='ocrx_word' id='word_1_352' title='bbox 358 2894 564 2932; x_wconf 86' lang='lat' dir='ltr'>certamine</span> <span class='ocrx_word' id='word_1_353' title='bbox 583 2896 810 2944; x_wconf 73' lang='lat' dir='ltr'>praesertim,</span> <span class='ocrx_word' id='word_1_354' title='bbox 831 2901 870 2932; x_wconf 90' lang='lat' dir='ltr'>et</span> <span class='ocrx_word' id='word_1_355' title='bbox 889 2895 952 2933; x_wconf 89' lang='lat' dir='ltr'>dei</span> <span class='ocrx_word' id='word_1_356' title='bbox 970 2895 1127 2946; x_wconf 88' lang='lat' dir='ltr'>templo,</span> <span class='ocrx_word' id='word_1_357' title='bbox 1148 2907 1234 2931; x_wconf 88' lang='lat' dir='ltr'>eum</span> <span class='ocrx_word' id='word_1_358' title='bbox 1254 2905 1302 2929; x_wconf 90' lang='lat' dir='ltr'>ne</span> <span class='ocrx_word' id='word_1_359' title='bbox 1319 2891 1423 2928; x_wconf 85' lang='lat' dir='ltr'>aliud</span> <span class='ocrx_word' id='word_1_360' title='bbox 1444 2903 1557 2941; x_wconf 89' lang='lat' dir='ltr'>quam</span> <span class='ocrx_word' id='word_1_361' title='bbox 1577 2892 1657 2929; x_wconf 91' lang='lat' dir='ltr'>vio-</span> 
     </span>
     <span class='ocr_line' id='line_1_42' title="bbox 204 2952 1659 3006; baseline -0.002 -13"><span class='ocrx_word' id='word_1_362' title='bbox 204 2955 307 2994; x_wconf 88' lang='lat' dir='ltr'>lasse</span> <span class='ocrx_word' id='word_1_363' title='bbox 327 2956 547 3006; x_wconf 82' lang='lat' dir='ltr'>religionem</span> <span class='ocrx_word' id='word_1_364' title='bbox 569 2955 770 2994; x_wconf 66' lang='lat' dir='ltr'>dicemus?</span> <span class='ocrx_word' id='word_1_365' title='bbox 801 2956 901 2994; x_wconf 86' lang='lat' dir='ltr'>Illud</span> <span class='ocrx_word' id='word_1_366' title='bbox 922 2956 1036 2994; x_wconf 86' lang='lat' dir='ltr'>etiam</span> <span class='ocrx_word' id='word_1_367' title='bbox 1058 2955 1175 3001; x_wconf 88' lang='lat' dir='ltr'>scitis,</span> <span class='ocrx_word' id='word_1_368' title='bbox 1191 2967 1272 3000; x_wconf 88' lang='lat' dir='ltr'>vos,</span> <span class='ocrx_word' id='word_1_369' title='bbox 1297 2964 1517 3002; x_wconf 88' lang='lat' dir='ltr'>quanquam</span> <span class='ocrx_word' id='word_1_370' title='bbox 1538 2952 1659 2991; x_wconf 87' lang='lat' dir='ltr'>velitis</span> 
     </span>
    </p>
   </div>
  </div>
 </body>
</html>
