1923 3149
602 369 652 420 A
697 368 750 420 U
795 369 850 420 Gr
892 369 941 420 E
986 371 1040 423 R
1080 371 1107 423 I

692 508 1033 557 ANALYSIS

396 649 960 694 PHILIPPICAE
1020 649 1335 697 PRIMAE.

748 790 988 835 Propositum.

138 869 345 902 Pfflmvpus
363 868 491 912 partim
507 868 764 902 dissimulando
783 872 818 902 et
832 869 1007 908 cedendo,
1026 869 1155 911 partlm
1174 869 1302 903 aeriter
1317 870 1458 913 agendo
1472 872 1507 904 et
1525 872 1601 905 vin-

138 932 266 971 cendo,
300 942 400 964 suam
432 932 537 964 valde
565 935 717 964 auxerat
744 932 964 975 potentia1n;
1000 931 1121 964 multis
1152 931 1288 965 civitati
1321 932 1599 967 Atheniensium

139 996 272 1039 ereptis
288 997 441 1039 oppidis,
458 999 531 1028 tam
551 996 691 1028 illorum
712 995 802 1027 vires
819 995 1068 1028 debilitaverat
1093 1006 1202 1039 quam
1227 1007 1309 1029 suas
1334 996 1448 1039 ipsius
1474 998 1601 1030 confir-

141 1061 312 1091 maverat.
374 1058 614 1090 Athenienses
642 1058 749 1099 igitur
781 1068 911 1099 magno
939 1059 1065 1090 timore
1094 1058 1244 1101 perculsi
1269 1062 1305 1091 et
1333 1060 1378 1092 ad
1404 1060 1599 1103 quamdam

138 1121 232 1155 versi
256 1121 555 1163 desperationem,
573 1131 692 1162 regem
719 1120 948 1152 Macedoniae
967 1120 1141 1153 invictum
1160 1121 1419 1154 existimabant
1441 1133 1600 1166 eumque

141 1183 289 1226 aggredi
313 1182 590 1215 cunctabantur.
641 1181 794 1215 Animos
815 1193 958 1215 suorum
989 1183 1201 1224 languentes
1226 1187 1262 1215 et
1280 1184 1439 1226 abjectos
1465 1185 1603 1227 erigere

140 1250 177 1279 et
198 1245 389 1279 incendere
414 1245 481 1278 hac
504 1245 664 1278 oratione
689 1245 839 1289 suscipit
859 1245 1126 1278 Demosthenes
1149 1255 1261 1279 annos
1286 1246 1428 1280 circiter
1455 1247 1604 1289 triginta

141 1312 259 1344 natus.

715 1392 832 1425 Breve
850 1391 1040 1425 exordium.

188 1463 356 1496 Excusat
373 1473 411 1496 se
429 1465 546 1496 orator
570 1462 665 1507 quod
687 1463 822 1509 primns
841 1462 1039 1495 surrexerit
1061 1461 1105 1495 ad
1131 1461 1338 1504 dicendum,
1356 1462 1519 1507 quamvis
1542 1462 1606 1496 ad-

141 1526 287 1558 modum
306 1526 526 1559 adolescens.
580 1525 703 1568 Hujus
722 1525 771 1558 rei
790 1536 917 1558 causas
935 1525 1045 1565 affert,
1063 1535 1193 1568 nempe
1217 1525 1314 1569 quod
1340 1525 1426 1558 nihil
1451 1525 1532 1558 novi
1559 1525 1606 1559 ad.

141 1587 412 1620 deliberandum
432 1590 662 1631 proponatur,
677 1590 711 1619 et
731 1588 826 1631 quod
845 1588 867 1620 ii
883 1588 941 1630 qui
959 1589 1057 1630 prius
1075 1587 1247 1621 dixerunt
1264 1597 1335 1621 non
1353 1588 1490 1632 optima
1506 1588 1605 1622 inve=

141 1650 272 1691 nerint,
290 1650 466 1694 siquidem
485 1660 578 1683 nova
595 1650 797 1683 instituitur
811 1650 1032 1684 deliberatio.

795 1754 946 1789 Divisio.

189 1826 234 1859 In
251 1827 322 1858 tres
340 1827 457 1869 partes
469 1824 579 1858 dividi
595 1826 712 1869 potest
725 1826 803 1859 haee
817 1827 951 1860 oratio:
977 1827 1012 1860 iu
1030 1827 1143 1871 prima
1156 1830 1257 1872 parte
1272 1828 1476 1861 ostenditur
1492 1828 1607 1862 Athe—

139 1887 326 1921 niensibus
349 1899 418 1921 non
443 1899 519 1921 esse
545 1888 832 1931 desperandum3
860 1890 896 1935 in
915 1891 1076 1923 secunda
1101 1891 1333 1934 explicantur
1353 1890 1435 1923 belli
1458 1891 1607 1933 gerendi

141 1951 297 1983 rationes
315 1953 351 1982 et
368 1950 599 1992 adjumenta3
625 1951 661 1983 in
680 1951 786 1983 tertia
805 1951 903 1984 varia
921 1952 1139 1985 adhibentur
1158 1954 1341 1986 momenta
1357 1952 1490 1997 quibus
1507 1953 1609 1987 audi-

143 2014 280 2048 entium
298 2014 407 2047 animi
422 2014 468 2047 ad
486 2014 620 2047 bellum
634 2014 800 2056 gnaviter
814 2015 1017 2057 gerendum
1035 2014 1247 2047 incitentur.

756 2120 885 2154 Prima
897 2131 996 2165 pars.

192 2191 276 2225 Non
289 2193 344 2224 est
355 2190 621 2236 desperandum
642 2190 947 2232 Atheniensibus3
972 2192 1069 2235 quod
1086 2192 1214 2235 probat
1232 2193 1512 2228 Demosthenes.

191 2257 240 2287 1⁰.
271 2254 353 2297 [psa
370 2253 647 2287 Atheniensium
676 2254 839 2287 socordia
862 2255 898 2288 in
916 2255 1022 2288 rebus
1040 2256 1225 2298 gerendis3
1252 2259 1341 2290 tune
1359 2258 1454 2291 eninr
1479 2259 1608 2303 despe-

141 2321 259 2351 rarent
278 2317 413 2357 merite,
433 2317 460 2349 si
478 2317 575 2350 omni
594 2317 753 2350 adhibito
770 2320 903 2350 conatu
922 2328 995 2350 rem
1014 2318 1210 2360 gessissent
1226 2319 1426 2353 infeliciter.

187 2383 238 2413 2⁰.
265 2380 445 2422 Exemplo
464 2379 838 2419 Lacedaemoniorum,
853 2380 1252 2423 quibuspotentissimis
1265 2382 1473 2415 restiterunt
1493 2382 1609 2417 Athe-

144 2442 288 2476 nienses
313 2443 400 2487 quia
417 2442 553 2475 sortiter
570 2453 607 2475 se
629 2446 838 2486 gesserunt;
870 2445 907 2476 at
923 2453 1020 2478 nune
1043 2453 1118 2476 non
1141 2443 1310 2478 resistunt
1332 2444 1501 2490 Phiiippo
1525 2446 1611 2491 quia

144 2505 275 2547 ignave
293 2516 329 2537 se
347 2508 487 2548 gerunt.

190 2571 242 2601 3⁰.
269 2568 388 2611 Ipsius
400 2568 556 2612 Phiiippi
570 2570 754 2613 exemplo,
766 2570 840 2614 qui,
853 2581 967 2614 quum
981 2571 1144 2604 infirmus
1156 2573 1251 2604 esset
1264 2573 1300 2604 et
1316 2571 1381 2615 ipsi
1399 2571 1609 2604 bellandum

145 2632 240 2663 esset
257 2639 339 2662 eum
358 2629 503 2663 ciuitate
521 2632 783 2674 potentissima,
799 2643 869 2665 non
887 2633 1103 2677 desperavit,
1120 2634 1195 2667 imo
1210 2635 1368 2675 confidit,
1387 2638 1423 2668 et
1439 2635 1524 2678 quia
1543 2634 1611 2668 fuit

145 2692 346 2733 confidens,
364 2691 439 2734 ipse
458 2694 571 2726 evasit
588 2694 872 2737 potentissimus.

193 2757 243 2788 4⁰.
263 2754 358 2787 odio
377 2759 413 2786 et
429 2753 564 2788 invidia
580 2767 661 2800 quae
679 2757 866 2801 Phiiippus
883 2759 920 2793 in
938 2770 975 2792 se
993 2759 1200 2801 concitavit,
1217 2762 1253 2793 et
1270 2759 1402 2804 quibus
1418 2761 1609 2794 commode

147 2821 295 2850 utentur
311 2816 551 2850 Athenienses
563 2819 590 2851 si
607 2819 676 2852 aeri
696 2820 829 2853 fuerint
842 2820 1002 2863 ingenio,
1017 2822 1044 2855 si
1062 2833 1185 2855 eorum
1200 2822 1450 2866 unusquisque
1468 2833 1532 2866 pro
1545 2834 1611 2857 sua

148 2879 238 2919 virili
257 2881 357 2925 parte
376 2880 411 2913 in
428 2879 583 2924 patriam
600 2891 746 2927 operam
767 2894 912 2918 omnem
937 2885 1177 2929 impenderit:
1204 2885 1363 2919 sentient
1386 2895 1457 2918 non
1479 2885 1529 2919 ini
1553 2897 1609 2919 res
