1923 3149
523 190 749 229 CONTRA
788 187 1230 228 ARISTOCRATEM.
1532 182 1608 217 403

149 290 284 335 bastis,
313 297 352 328 et
381 293 736 338 senatusconsulto,
764 292 870 343 quod
900 291 1106 329 Glaucone
1137 290 1324 327 referente
1355 286 1499 323 factum
1537 289 1610 327 est,

151 350 287 388 decem
305 350 452 401 legatos
468 365 488 389 e
503 352 651 390 civibus
673 354 807 390 vestris
823 352 994 390 delectos
1010 349 1248 394 decrevistis,
1264 348 1343 398 qui,
1363 347 1393 384 si
1415 346 1452 382 in
1473 357 1518 382 eo
1538 345 1609 382 foe-

152 410 258 456 dere,
281 412 385 462 quod
415 426 503 450 cum
527 413 778 451 Athenodoro
807 414 961 460 fecerat,
987 417 1161 449 maneret
1189 406 1611 458 Cersobleptes,jusju-

151 473 316 509 randum
337 474 385 510 ab
405 487 450 511 eo
470 487 601 510 rursus
622 475 834 525 exigerent,
856 475 913 511 sin
934 473 1076 517 minus,
1103 484 1125 508 a
1145 470 1298 507 duobus
1317 468 1469 518 regibus
1493 466 1610 504 fidem

153 533 385 584 acciperent,
420 541 459 571 et
487 547 562 584 quo
603 542 716 585 pacto
745 535 808 572 ille
842 535 946 572 bello
975 532 1168 584 petendus
1199 536 1314 573 esset,
1343 528 1611 566 deliberarent.

154 593 345 632 Profectis
374 608 484 645 porro
498 595 580 645 jam
600 595 752 646 legatis,
772 608 858 632 cum
874 595 953 646 jam
982 593 1045 631 isti
1074 592 1428 642 tergiversarentur,
1454 595 1492 625 et
1518 588 1611 624 nihil

150 656 258 692 vobis
274 662 459 706 praestare
477 656 622 693 vellent
636 656 742 706 quod
762 656 925 706 simplex
947 662 1013 692 aut
1026 655 1176 705 justum
1196 658 1311 699 esset,
1334 650 1388 687 sic
1409 649 1548 695 evenit,
1570 656 1613 686 ut

152 728 210 753 res
225 729 269 753 eo
282 729 403 766 usque
423 717 807 766 procrastinarentur,
829 717 919 754 dum
939 717 976 753 in
998 716 1182 752 Euboeam
1205 712 1346 751 auxilia
1360 711 1612 755 mitteremus,

152 784 192 814 et
211 776 357 814 Chares
372 778 589 827 imperator,
606 777 803 816 adducens
825 791 956 815 secum
977 776 1202 827 peregrinos
1226 773 1379 817 milites,
1400 771 1612 816 adveniret,

153 843 269 887 atque
290 851 312 875 a
341 838 449 875 vobis
471 837 639 876 dictator
659 846 826 884 creatus,
848 840 886 876 in
910 839 1194 877 Chersonesum
1216 835 1425 884 navigaret.
1457 833 1520 870 Sic
1545 832 1612 869 de·

153 913 232 937 nuo
261 900 389 937 foedus
420 913 507 937 cum
548 901 713 938 Charete
747 901 854 948 facit,
889 901 1043 951 quicum
1080 913 1120 936 se
1151 896 1425 935 Athenodorus
1460 901 1498 932 et
1534 894 1612 931 duo

153 973 263 1010 reges
291 960 586 1011 conjunxerant,
613 962 716 1012 quod
742 969 805 999 est
829 962 999 1000 omnium
1029 960 1228 1011 optimum,
1260 965 1297 996 et
1326 956 1612 1007 aequissimum:

154 1020 208 1057 sic
233 1020 326 1071 ipsis
348 1022 459 1059 factis
485 1035 570 1060 sese
598 1023 784 1073 coarguit,
814 1036 854 1060 se
876 1030 1011 1060 contra
1031 1027 1201 1059 nostram
1224 1021 1357 1057 urbem
1389 1017 1614 1055 occasiones

154 1090 325 1132 captare,
342 1096 468 1133 neque
490 1083 653 1134 simplex
667 1091 732 1121 aut
747 1097 899 1135 aequum
912 1084 1117 1135 quicquam
1139 1081 1323 1132 cogitare.
1354 1080 1478 1122 Quem
1499 1079 1614 1129 igitur

154 1144 390 1194 temporibus
412 1144 638 1191 adductum,
666 1145 852 1196 paulatim
871 1146 979 1183 vobis
1001 1145 1167 1182 amicum
1195 1142 1275 1180 fieri
1297 1140 1467 1185 cernitis,
1488 1146 1527 1177 et
1548 1152 1614 1190 pro

155 1218 201 1242 eo
222 1218 267 1243 ac
286 1218 354 1243 vos
373 1218 489 1256 posse
508 1213 632 1256 putat,
652 1207 959 1245 benevolentiam
981 1208 1019 1243 in
1039 1219 1106 1243 vos
1128 1216 1274 1256 gerere,
1293 1203 1458 1251 hujusne
1477 1208 1614 1252 poten-

154 1266 246 1303 tiam
265 1266 485 1316 augendam
502 1279 589 1304 esse
607 1268 846 1314 existimatis,
864 1276 978 1318 atque
994 1267 1093 1305 adeo
1108 1279 1176 1317 per
1190 1279 1258 1303 vos
1276 1262 1615 1314 amplificandam?

155 1327 246 1365 Non
266 1335 369 1365 recte
394 1329 637 1366 existimatis.
684 1329 738 1366 Ut
766 1330 881 1379 igitur
911 1329 1041 1366 sciatis
1070 1328 1153 1364 haec
1174 1340 1197 1364 a
1216 1339 1277 1363 me
1302 1337 1392 1362 vere
1412 1324 1501 1368 dici,
1526 1336 1615 1374 pro·

154 1389 295 1427 feretur
311 1389 490 1440 epistola,
510 1396 598 1440 post
616 1388 779 1440 primum
802 1390 931 1428 foedus
952 1390 1028 1427 huc
1047 1389 1177 1431 missa,
1200 1386 1342 1425 deinde
1364 1393 1402 1423 ot
1417 1384 1614 1422 Berisadae

154 1450 332 1501 epistola.
364 1451 463 1488 Nam
486 1464 532 1488 eo
556 1457 673 1502 pacto
688 1464 767 1489 rem
786 1451 929 1502 optime
946 1449 1183 1500 intelligetis.

746 1576 1020 1615 EPISTOLA.

158 1678 294 1717 Recita
311 1680 427 1718 etiam
449 1679 643 1718 Berisadae
663 1666 882 1731 epistolam.

746 1804 1019 1843 EPISTOLA.

210 1903 276 1939 44.
303 1901 479 1940 Societas
500 1901 615 1953 igitur
634 1902 799 1939 duorum
818 1915 967 1952 regum,
997 1900 1142 1939 abolito
1162 1902 1244 1951 jam
1272 1900 1517 1938 fraudulento
1543 1900 1615 1938 foe

159 1963 249 2001 dere
267 1976 355 2001 cum
377 1962 643 2014 Cephisodoto
662 1962 780 2008 facto,
801 1963 1010 2001 constituta
1029 1970 1087 2001 est
1104 1961 1365 2014 Miltocythe'
1350 1975 1430 2012 jam
1450 1961 1616 2006 sublato,

159 2031 199 2061 et
237 2024 470 2062 Charidemo
507 2024 634 2075 reipsa
670 2031 825 2069 testato,
853 2037 895 2062 se
927 2032 1068 2062 nostrae
1097 2023 1261 2062 civitatis
1291 2036 1378 2061 esse
1409 2023 1615 2061 ini'micum.

160 2084 237 2126 Qui
255 2085 370 2129 enim,
390 2097 505 2136 quern
526 2085 671 2123 sciebat
697 2085 866 2122 omnium
886 2085 995 2122 vobis
1016 2098 1098 2123 esse
1118 2084 1488 2136 conjunctissimum,
1510 2083 1616 2121 hunc

159 2145 197 2183 in
217 2146 454 2196 potestatem
484 2158 594 2184 suam
619 2145 832 2192 redactum,
857 2146 1125 2184 infensissimis
1147 2145 1284 2184 vestris
1310 2145 1487 2183 hostibus
1519 2145 1615 2182 Car-

159 2205 283 2244 dianis
303 2206 455 2244 tradere
474 2219 552 2245 non
583 2205 784 2252 dubitavit,
807 2219 934 2244 nonne
961 2208 1053 2245 satis
1083 2207 1240 2245 evidens
1267 2205 1439 2244 exhibuit
1465 2205 1615 2243 hostilis

159 2267 276 2305 animi
295 2267 594 2318 argumentum?
623 2267 736 2311 Quod
762 2267 890 2318 igitur,
917 2267 1149 2306 imminentis
1169 2281 1192 2306 a
1207 2267 1420 2305 Thacibus
1441 2273 1481 2304 et
1494 2267 1615 2305 Athe-

160 2329 309 2368 nodoro
328 2329 420 2367 b'elli
441 2330 560 2377 metu,
580 2329 706 2367 foedus
726 2329 832 2376 fecit,
851 2337 890 2367 et
909 2337 1045 2381 postea
1073 2330 1356 2381 Cersobleptes,
1375 2329 1506 2367 recita.

784 2448 995 2487 FOEDUS.

161 2543 200 2580 Is
226 2555 340 2593 porro
377 2542 442 2592 qui
477 2542 561 2581 haec
589 2544 744 2595 scripsit
775 2551 814 2582 et
846 2543 1005 2595 pepigit,
1032 2550 1073 2581 et
1102 2543 1389 2595 jusjurandum,
1417 2542 1521 2593 quod
1546 2555 1614 2580 vos

163 2603 340 2650 audistis,
361 2602 480 2650 dedit,
499 2610 705 2655 postquam
734 2604 914 2644 dimissas
936 2604 1176 2643 Athenodori
1194 2605 1325 2656 copias
1349 2604 1456 2647 vidit,
1476 2610 1515 2640 et
1538 2615 1616 2640 una

162 2665 288 2704 solum
306 2663 448 2701 triremi
465 2664 672 2703 Chabriam
691 2667 921 2713 venientem,
941 2679 1065 2717 neque
1087 2665 1258 2717 Iphiadae
1277 2666 1396 2703 filium
1416 2663 1522 2701 vobis
1540 2671 1616 2701 tra-

162 2725 275 2770 didit,
288 2737 415 2775 neque
428 2725 635 2776 quicquam
657 2739 789 2765 eorum
808 2741 894 2779 quae
908 2730 1070 2775 jurarat,
1089 2727 1193 2774 fecit,
1214 2726 1285 2765 sed
1304 2732 1344 2764 et
1362 2724 1509 2775 reliqua
1529 2737 1618 2775 per-

164 2787 310 2838 scripta
327 2785 366 2823 in
386 2784 532 2824 foedere
551 2793 683 2838 negat,
711 2794 752 2826 et
768 2788 847 2828 tale
864 2788 994 2827 foedus
1015 2788 1159 2835 scribit,
1179 2787 1290 2837 cujus
1310 2784 1526 2836 exemplum
1546 2797 1616 2822 au-

166 2848 294 2887 dietis.
337 2847 486 2887 Recita.
