1923 3149
568 129 930 169 ‹JLYNTHIACA
968 130 1027 167 111
1058 131 1121 180 (ι).
1513 136 1558 172 41

95 230 302 282 Olynthios
341 232 380 270 in
414 232 634 285 Philippum
665 247 753 272 esse
779 233 1049 281 concitandos,
1080 234 1119 271 id
1147 234 1245 272 ultro
1275 248 1377 274 nunc
1407 235 1562 282 accidit,

91 305 213 342 eaque
228 294 374 333 ratione
394 308 470 346 qua
488 296 651 334 maxime
672 295 780 333 vobis
813 295 1005 346 expediat.
1056 295 1158 333 Nam
1192 296 1223 332 si
1244 304 1370 335 vestro
1390 297 1560 349 impulsu

92 354 238 392 bellum
263 357 539 408 suscepissent,
559 357 655 395 socii
674 357 838 395 sortasse
859 370 995 408 parum
1014 357 1111 395 firmi
1133 363 1247 407 atque
1268 358 1318 395 ad
1344 365 1496 410 tempus
1517 359 1556 397 in

87 427 137 453 ea
161 418 355 457 sententia
380 417 571 458 fuissent:
601 417 782 469 quoniam
810 425 939 458 autem
958 431 1048 457 eum
1073 419 1122 457 ob
1154 417 1262 457 illata
1291 419 1363 457 sibi
1395 420 1557 459 crimina

87 477 266 526 oderunt,
287 479 416 518 firmas
448 493 515 519 eos
545 479 744 532 probabile
766 486 827 519 est
849 493 939 520 cum
968 493 1032 527 eo,
1049 486 1207 532 propter
1231 493 1278 519 ea
1295 494 1383 532 quae
1406 489 1447 520 et
1475 495 1556 521 me·

87 546 202 579 tuunt
216 548 255 579 et
274 543 446 594 perpessi
465 550 569 590 sunt,
590 555 723 594 gerere
735 542 965 582 inimicitias.
994 543 1123 588 Quare
1135 555 1215 582 non
1232 543 1471 595 negligenda
1482 552 1555 592 est,

84 601 357 649 Athenienses,
373 603 460 642 talis
475 603 606 642 oblata
617 604 785 651 occasio,
799 617 926 656 neque
945 606 1234 644 committendum
1253 611 1295 642 uc
1322 605 1425 644 idem
1441 606 1551 646 vobis

83 662 236 702 accidat
248 665 356 715 quod
371 678 474 717 saepe
487 665 568 717 jam
587 665 693 717 prius
709 666 863 705 accidit.
895 666 937 706 Si
956 668 1074 714 enirn,
1095 680 1183 706 cum
1195 667 1364 707 defensis
1384 680 1455 706 nos
1469 667 1548 708 Eu-

82 724 302 764 boeensibus
318 726 544 771 rediremus,
558 727 795 779 aderantque
815 727 960 767 Hierax
975 736 1016 768 et
1032 729 1245 768 Stratocles
1259 729 1550 781 Amphipolitae‚

83 785 164 836 qui,
177 793 362 839 suggestu
377 787 453 826 hoc
467 800 697 834 conscenso,
716 789 865 829 solvere
884 804 955 830 nos
965 791 1149 842 juberent
1159 792 1369 843 urbemque
1382 805 1491 830 suam
1507 792 1547 830 in

82 847 198 886 fidem
218 849 400 900 recipere,
420 848 524 887 idem
552 862 577 887 a
608 849 719 888 nobis
753 850 923 889 studium
954 852 1134 891 curandis
1169 853 1384 892 commodis
1409 853 1551 893 nostris

80 907 216 948 datum
244 910 344 949 foret
362 910 467 962 quod
485 910 767 949 Euboeensium
794 912 924 958 saluti,
953 912 1188 952 habuissetis
1217 921 1311 953 tunc
1336 913 1551 966 Amphipo-

79 968 146 1007 lim
178 972 384 1023 omniaque
412 971 478 1010 illa
504 985 591 1023 quae
631 972 772 1011 deinde
805 981 938 1012 secuta
968 981 1062 1012 sunt
1099 973 1333 1026 effugissetis
1373 977 1546 1028 negotia.

81 1029 249 1080 Rursus,
269 1046 357 1071 cum
386 1033 579 1085 Pydnam,
600 1032 830 1081 Potidaeam,
851 1034 1093 1082 Methonem‚
1115 1036 1304 1088 PagasaS,
1325 1043 1481 1083 caetera,
1500 1050 1550 1076 ne

79 1091 240 1142 singulis
251 1094 595 1132 commemorandis
611 1095 803 1140 immorer,
819 1096 987 1134 obsideri
1003 1097 1256 1145 nuntiaretur,
1273 1097 1305 1137 si
1320 1105 1403 1137 tum
1417 1098 1551 1138 harum

76 1155 231 1193 urbium
257 1155 324 1194 uni
344 1156 456 1195 alicui
476 1156 642 1208 primum
662 1156 841 1195 alacriter
861 1163 902 1195 et
921 1164 965 1195 ut
986 1158 1171 1197 decuerat
1189 1172 1302 1210 opem
1322 1160 1550 1199 tulissemus

75 1216 163 1269 ipsi,
193 1217 353 1256 faciliori
382 1231 484 1257 nunc
513 1218 713 1269 multoque
730 1218 922 1257 humiliori
955 1225 1151 1257 uteremur
1172 1219 1367 1272 Philippo.
1417 1221 1549 1269 Nunc,

75 1281 169 1318 dum
187 1280 396 1332 praesentia
416 1292 569 1331 semper
588 1280 811 1326 amittimus,
833 1286 874 1318 et
894 1280 1026 1319 futura
1044 1294 1115 1319 sua
1133 1288 1271 1333 sponte
1293 1296 1334 1321 se
1354 1289 1458 1321 recte
1478 1283 1550 1322 ha-

71 1343 200 1381 bitura
228 1342 446 1394 opinamur,
478 1341 671 1389 auximus,
697 1341 971 1389 Athenienses,
991 1342 1214 1395 Philippum
1234 1357 1306 1383 nos
1332 1351 1372 1382 et
1395 1352 1548 1384 tantum

70 1403 283 1451 effecimus,
304 1411 473 1455 quantus
492 1416 605 1442 nemo
624 1416 797 1455 unquam
815 1417 883 1442 rex
899 1403 974 1442 fuit
989 1405 1249 1444 Macedoniae.
1283 1406 1402 1445 Nunc
1418 1413 1548 1445 autem

71 1466 225 1504 occasio
243 1466 346 1504 venit
365 1479 412 1504 ea
430 1465 518 1513 ista,
537 1478 616 1515 quoe
635 1479 684 1503 ex
704 1465 898 1518 Olynthiis
916 1467 1175 1515 prcficiscitur,
1196 1474 1336 1519 sponte
1355 1482 1440 1515 sua,
1454 1469 1548 1508 civi-

72 1527 156 1573 tati,
178 1540 267 1578 quae
285 1527 368 1566 ulla
387 1527 557 1579 priorum
575 1526 727 1565 illarum
747 1541 824 1565 non
844 1534 903 1565 est
921 1527 1099 1566 deterior.

126 1590 164 1626 5.
192 1589 252 1627 Ac
271 1590 302 1627 si
322 1587 421 1640 quis,
437 1594 480 1626 ut
497 1588 590 1626 mihi
613 1588 769 1639 quidem
789 1589 955 1635 videtur,
976 1602 1109 1627 eorum
1137 1605 1227 1642 quae
1248 1605 1319 1643 pro
1352 1593 1464 1631 nobis
1491 1593 1543 1632 dii

70 1650 243 1688 fecerunt
268 1658 375 1689 recte
405 1650 668 1696 aestimaverit,
688 1651 733 1696 is,
753 1650 908 1688 tametsi
927 1650 1048 1688 multa
1066 1664 1145 1690 non
1175 1653 1229 1690 ita
1253 1653 1332 1691 sint
1359 1662 1401 1692 ut
1431 1667 1543 1706 opor-

68 1711 152 1756 tuit,
173 1724 354 1763 magnam
373 1719 504 1750 tamen
524 1711 616 1761 ipsis
637 1711 799 1761 gratiam
812 1711 917 1749 haud
933 1711 1122 1750 immerito
1139 1713 1187 1751 sit
1201 1713 1429 1754 habiturus:
1449 1729 1541 1754 nam

69 1771 172 1823 quod
189 1772 313 1810 multa
331 1772 435 1811 bello
456 1771 669 1818 amisimus,
686 1772 730 1809 id
749 1772 1000 1823 negligentiae
1018 1780 1161 1813 nostrae
1177 1783 1382 1828 acceptum
1401 1778 1545 1816 referre

61 1834 150 1885 jure
171 1834 255 1885 quis
277 1833 415 1886 possit,
435 1832 544 1885 quod
559 1839 689 1871 autem
708 1845 834 1884 neque
851 1833 942 1872 olim
955 1833 1028 1872 hoc
1048 1834 1209 1884 facturn,
1230 1842 1270 1875 et
1288 1843 1447 1876 ostensa
1459 1839 1542 1890 jam

65 1896 178 1934 nobis
201 1902 261 1934 est
277 1895 457 1947 quaedam
480 1894 645 1933 societas
677 1908 765 1946 quae
784 1894 872 1934 haec
902 1904 1099 1936 momento
1130 1911 1202 1937 suo
1229 1898 1400 1945 libraret,
1421 1901 1540 1939 modo

66 1956 123 1996 uti
139 1957 314 2004 velimus,
330 1956 469 1995 divinae
482 1955 764 1995 benevolentiae
780 1957 1014 1995 beneficium
1033 1959 1212 2010 equidem
1231 1961 1538 2011 pronuntiarem.

67 2020 148 2058 Sed
176 2021 334 2072 perinde
352 2021 396 2058 fit
426 2020 576 2058 scilicet
593 2026 639 2058 ut
656 2019 695 2057 in
714 2026 825 2071 parta
849 2019 1028 2071 pecunia.
1087 2020 1216 2066 Quam
1235 2022 1267 2060 si
1285 2022 1351 2073 qui
1373 2024 1540 2074 accepit,

65 2082 182 2121 etiam
201 2089 344 2128 tuetur,
365 2095 547 2133 magnam
562 2082 682 2120 habet
701 2081 868 2120 fortunae
887 2083 1050 2133 gratiam
1066 2095 1076 2120 ε
1107 2083 1140 2121 si
1159 2083 1286 2134 perdit
1302 2084 1540 2136 imprudenS,
1565 2088 1568 2091 ’

65 2145 192 2196 perdit
221 2145 336 2183 simul
355 2143 530 2183 beneficii
555 2144 792 2184 memoriam.
834 2143 899 2183 Sic
925 2144 1040 2182 etiam
1059 2144 1099 2182 in
1118 2144 1233 2183 rebus
1253 2145 1449 2197 gerendis,
1469 2147 1537 2197 qui

64 2207 336 2246 occasionibus
358 2220 438 2247 non
459 2212 562 2244 recte
582 2205 642 2244 usi
670 2212 775 2252 sunt,
795 2205 820 2244 ii
840 2206 996 2244 tametsi
1018 2206 1112 2244 boni
1130 2206 1328 2258 quippiam
1356 2207 1538 2246 divinitus

61 2268 213 2320 obtigit,
228 2268 334 2307 haud
355 2268 637 2307 meminerunt:
667 2280 714 2305 ex
733 2266 870 2306 ultimo
891 2267 994 2305 enim
1013 2273 1166 2314 eventu,
1189 2267 1237 2305 de
1264 2268 1308 2306 iis
1328 2281 1417 2320 quae
1432 2281 1538 2320 prae-

62 2338 263 2370 cesserunt
290 2330 484 2376 omnibus,
515 2330 560 2367 fit
578 2328 804 2380 plerumque
828 2328 1033 2380 judicium.
1090 2329 1334 2380 Quapropter
1352 2330 1459 2369 vobis
1491 2343 1539 2369 ea

62 2405 150 2443 quae
162 2399 321 2440 restant,
337 2391 608 2438 Athenienses,
628 2403 783 2442 magnae
802 2403 905 2429 curae
920 2404 1004 2430 esse
1025 2390 1181 2438 debent,
1196 2397 1241 2428 ut
1258 2391 1318 2429 his
1333 2391 1432 2430 vitiis
1451 2405 1535 2431 cor-

62 2453 176 2492 rectis
191 2467 315 2493 rerum
338 2455 391 2493 ita
410 2460 609 2505 gestarum
630 2451 828 2491 infamiam
844 2453 1053 2492 diluamus.
1097 2453 1214 2496 Quod
1240 2452 1272 2491 si
1292 2453 1363 2491 hos
1377 2467 1532 2504 quoque

60 2515 236 2555 homines
256 2517 558 2564 destituerimus,
577 2514 850 2561 Athenienses,
871 2521 987 2567 atque
1012 2515 1077 2553 ille
1101 2514 1319 2568 Olynthum
1339 2517 1533 2564 everterit,

61 2577 166 2616 dicat
177 2578 270 2617 mihi
290 2578 424 2630 aliquis
441 2578 536 2631 quid
553 2582 679 2624 restet,
699 2577 805 2627 quod
824 2577 932 2615 illum
943 2591 1029 2628 ,quo
1042 2578 1167 2616 minus
1187 2583 1252 2616 eat
1267 2591 1343 2629 quo
1363 2578 1456 2616 velit
1470 2591 1529 2617 re-

57 2646 242 2679 moretur.
1488 2691 1492 2696 .

115 2702 152 2739 6.
187 2701 365 2753 Nunquis
384 2709 556 2742 vestrum
575 2703 737 2754 cogitat,
757 2701 1035 2747 Athenienses,
1054 2709 1094 2740 et
1116 2708 1278 2754 spectat,
1295 2702 1435 2752 quibus
1452 2709 1527 2741 tam

58 2776 223 2815 magnus
242 2763 367 2802 evasit
379 2762 603 2811 rationibus,
615 2764 790 2802 infirmus
805 2776 894 2802 cum
914 2769 1019 2801 esset
1032 2763 1153 2808 initio,
1177 2762 1411 2814 Philippus?
1442 2762 1526 2801 Pri-

58 2837 163 2862 mum
191 2824 413 2876 Amphipoli
432 2830 558 2876 capta,
578 2825 717 2864 deinde
738 2823 891 2876 Pydna,
910 2837 1044 2863 rursus
1064 2824 1254 2870 Potidaea,
1276 2824 1415 2862 iterum
1436 2825 1524 2863 Me-

57 2885 189 2934 thone,
215 2893 352 2939 postea
371 2886 613 2925 Thessaliam
644 2887 806 2926 invasit:
838 2886 994 2924 demum
1022 2899 1111 2925 cum
1147 2886 1310 2931 Pheras,
1332 2886 1526 2938 Pagasas,

775 2961 800 2984 G
