1923 3149
255 151 331 186 ‘224
604 148 674 186 DE
706 149 858 186 MALE
888 148 1059 187 GESTA
1096 149 1415 187 LEGATIONE.

254 257 378 287 torum
408 257 535 287 autem
570 252 652 289 istoe
684 253 976 290 intercessiones
1010 261 1048 290 et
1068 250 1196 289 studia
1222 258 1375 302 propter
1396 251 1541 302 privata
1560 250 1705 290 emolu⁶

254 317 384 348 menta
399 311 657 362 suscipiuntur
674 325 682 350 :
714 313 762 350 ad
783 312 1128 364 quoe‘prohibenda
1147 325 1214 350 vos
1231 312 1359 362 legum
1375 312 1597 351 auctoritate
1613 326 1705 351 con-

253 372 422 418 venistis,
442 387 533 420 non,
550 380 593 411 ut
612 387 658 412 ea
678 374 820 426 injuriis
840 374 1057 413 hominibus
1077 373 1369 411 confirmaretis.

304 435 343 471 2.
374 434 436 472 Ac
456 435 549 473 alios
570 435 723 486 quidem
757 437 822 486 qui
849 443 953 474 recto
981 435 1178 486 proposito
1211 434 1260 471 ad
1291 433 1563 484 rempublicam
1594 446 1705 471 acce-

252 493 360 539 dunt,
380 495 526 533 etiamsi
547 496 731 533 rationem
751 495 1013 541 reddiderunt,
1036 508 1184 546 semper
1203 501 1331 532 tamen
1353 494 1452 531 ultro
1474 494 1523 532 ad
1543 507 1703 544 respon-

253 554 421 592 dendum
456 563 630 606 paratos:
662 557 881 594 AEschinem
913 564 1039 594 autem
1073 556 1186 605 longe
1227 555 1335 592 aliter
1373 555 1581 592 animatum
1618 567 1703 591 esse

250 616 374 653 video.
416 616 641 667 Priusquam
673 617 775 654 enim
804 617 853 653 ad
879 630 946 654 vos
978 617 1254 667 ingrederetur,
1288 622 1327 652 et
1357 622 1528 652 actorum
1549 628 1704 652 suorum

250 677 434 714 rationem
455 677 644 722 redderet,
662 677 823 714 alterum
844 690 977 715 eorum
999 678 1062 728 qui
1078 677 1245 714 rationes
1261 676 1523 727 postulabant,
1539 676 1705 721 sustulit,

251 736 333 776 aliis
354 737 499 788 passim
518 739 737 776 minitatur:
767 745 805 776 et
824 737 1099 788 iniquissimam
1130 738 1298 775 omnium
1329 737 1646 774 consuetudinem
1666 737 1702 773 in

247 799 526 850 rempublicam
555 806 595 837 et
625 800 731 837 vobis
765 799 1138 850 perniciosissimam,
1158 798 1379 836 introducit.
1409 798 1449 835 Si
1470 798 1569 835 enim
1590 799 1620 835 is
1639 797 1703 848 qui

250 860 446 910 publicum
466 873 606 899 munus
625 861 745 911 gessit
771 867 811 898 et
840 861 1070 911 procuravit,
1090 861 1148 897 sui
1169 867 1325 905 terrore,
1355 866 1394 896 et
1418 871 1495 896 non
1523 859 1703 908 aequitate

249 921 401 967 efficiet,
421 935 469 960 ne
489 923 536 960 ab
557 922 685 972 aliquo
703 928 919 966 accusetur,
940 921 1063 958 omnis
1085 920 1191 957 vobis
1213 920 1393 970 eripietur
1408 920 1631 957 auctoritas.

304 984 341 1020 3.
371 983 428 1020 Ac
447 983 570 1021 multa
588 982 741 1033 quidem
761 983 876 1019 istum
895 981 1027 1031 gravia
1046 980 1193 1018 scelera
1212 980 1453 1030 designasse,
1473 988 1512 1017 et
1530 987 1702 1018 extremo

249 1044 437 1095 supplicio
468 1058 553 1083 esse
582 1045 758 1095 dignum,
781 1042 894 1080 facile
925 1055 987 1079 me
1017 1042 1171 1079 confido
1203 1042 1468 1092 probaturum,
1489 1049 1528 1079 et
1547 1042 1704 1079 omnino

247 1118 472 1156 persuasum
492 1106 641 1143 habeo:
672 1104 763 1155 quid
783 1110 910 1142 autem
932 1103 1046 1141 etiam
1066 1103 1105 1141 in
1123 1103 1198 1141 hac
1218 1103 1466 1154 persuasione
1485 1103 1702 1149 formidem,

249 1166 375 1205 dicam
395 1167 499 1218 apud
518 1181 600 1213 vos,
623 1174 663 1205 et
691 1179 769 1204 non
799 1156 1062 1203 dissimulaboa
1106 1164 1205 1202 Mihi
1225 1178 1353 1203 causae
1382 1178 1469 1215 quae
1499 1165 1603 1216 apud
1635 1178 1702 1202 vos

247 1235 414 1279 aguntur
439 1241 586 1274 omnes,
605 1241 682 1266 non
702 1228 841 1273 minus,
861 1227 1129 1273 Athenienses,
1158 1233 1367 1278 temporum
1399 1240 1484 1265 esse
1514 1226 1702 1272 videntur,

248 1302 364 1340 quam
384 1289 638 1339 negotiorum,
658 1294 710 1335 et,
729 1289 820 1338 quia
835 1287 998 1339 ,longum
1017 1288 1114 1325 inter
1134 1287 1365 1338 legationem
1387 1289 1552 1338 spatium
1584 1288 1701 1325 inter-

241 1350 390 1401 jectum
420 1357 492 1395 est,
520 1349 559 1387 id
580 1357 710 1387 metuo
730 1362 777 1387 ne
798 1361 913 1398 quam
941 1349 1046 1386 vobis
1066 1348 1296 1387 oblivionem
1317 1349 1500 1396 attulerit,
1524 1355 1589 1387 aut
1608 1362 1701 1387 con·

252 1411 497 1449 suetudinem
517 1410 752 1463 injuriarum.
797 1410 876 1447 Sed
896 1416 1025 1447 tamen
1044 1410 1368 1460 quemadmodum
1387 1411 1501 1448 etiam
1515 1410 1570 1448 sic
1589 1418 1627 1449 et
1645 1411 1703 1447 in-

248 1472 437 1510 tellecturi
457 1485 544 1522 quae
564 1484 678 1522 aequa
703 1478 794 1508 sunt
813 1477 852 1508 et
868 1471 1155 1521 pronunciaturi
1176 1485 1279 1509 nunc
1299 1472 1517 1518 videamini,
1537 1472 1577 1509 id
1596 1473 1704 1509 vobis

247 1532 388 1576 dicam,
410 1533 441 1569 si
460 1532 658 1569 vobiscum
685 1531 759 1582 ipsi
790 1531 1053 1578 consideretis,
1076 1532 1243 1583 judices,
1264 1540 1303 1570 et
1323 1534 1520 1584 reputetis,
1539 1546 1700 1583 quarum

246 1606 371 1631 rerum
385 1592 575 1631 civitatem
592 1593 759 1630 rationes
773 1605 795 1630 a
816 1592 946 1643 legato
958 1600 1126 1644 repetere
1146 1600 1333 1644 oporteat.
1366 1595 1552 1639 Primum,
1569 1607 1699 1632 eorum

246 1667 333 1704 quae
352 1654 615 1692 renunciavit:
646 1653 817 1691 secundo
850 1654 951 1701 loco,
980 1667 1112 1692 eorum
1132 1668 1220 1705 quae
1241 1656 1458 1706 persuasit:
1489 1657 1614 1702 tertio,
1636 1668 1701 1693 eo-

246 1728 330 1752 rum
350 1729 437 1765 quae
459 1728 526 1753 vos
546 1715 580 1752 ei
601 1715 834 1752 mandastis:
866 1715 1029 1765 denique
1048 1722 1261 1767 temporum
1279 1730 1287 1754 z
1317 1724 1407 1767 post
1424 1717 1507 1754 haee
1527 1717 1702 1755 universa

247 1778 506 1828 quaerendum,
525 1778 744 1827 incorrupte
763 1789 887 1814 necne
907 1790 952 1814 ea
971 1777 1075 1815 facta
1095 1778 1172 1815 sint
1186 1779 1325 1816 omnia.
1359 1779 1438 1816 Cur
1457 1779 1610 1816 tandem
1631 1778 1701 1816 ho-

245 1838 360 1876 rum?
387 1839 490 1889 quod
523 1851 570 1875 ex
601 1838 951 1875 renunciationibus
984 1845 1086 1876 recte
1116 1840 1226 1876 vobis
1257 1839 1469 1876 deliberare
1503 1839 1550 1876 de
1586 1840 1700 1876 rebus

245 1899 358 1937 licet:
388 1912 474 1949 quae
494 1899 526 1937 si
542 1911 642 1936 verae
662 1898 814 1943 fuerint,
845 1911 892 1935 ea
921 1912 1009 1947 quae
1035 1912 1094 1936 res
1128 1899 1313 1949 postulat,
1333 1900 1522 1945 statuetis,
1543 1901 1600 1937 sin
1622 1913 1699 1937 non

246 1959 361 2004 tales,
381 1959 581 1997 contraria.
618 1958 850 2008 Legatorum
869 1959 971 1995 enim
985 1959 1146 1996 consilia
1162 1960 1306 1997 veriora
1326 1974 1414 1998 esse
1432 1962 1576 2012 putatis
1593 1974 1603 2004 ;
1635 1974 1701 1999 au-

246 2021 336 2058 ditis
356 2021 457 2058 enim
473 2033 551 2065 eos,
567 2026 610 2057 ut
628 2032 766 2071 gnaros
782 2032 912 2060 earum
927 2033 1050 2057 rerum
1067 2020 1114 2057 de
1128 2020 1267 2071 quibus
1281 2021 1386 2058 missi
1406 2030 1508 2059 sunt.
1545 2022 1699 2073 Nequa-

244 2095 360 2133 quam
380 2082 495 2133 igitur
514 2081 627 2118 decet
645 2080 818 2119 convinci
837 2081 1022 2132 legatum,
1043 2081 1121 2118 dati
1141 2082 1249 2120 vobis
1278 2082 1392 2120 ullius
1421 2082 1541 2120 futilis
1560 2090 1599 2129 et
1617 2097 1701 2134 per·

248 2143 383 2181 niciosi
402 2142 564 2181 consilii.
597 2142 701 2191 Jam,
719 2155 805 2192 quae
825 2141 933 2179 illum
953 2141 1082 2179 dicere
1098 2149 1165 2180 aut
1185 2155 1300 2193 agere
1313 2143 1499 2194 jussistis,
1520 2151 1559 2181 et
1578 2145 1699 2181 nomi-

248 2204 367 2242 natim
396 2203 617 2241 decrevistis
650 2215 734 2240 esse
755 2203 945 2249 facienda,
964 2215 1012 2240 ea
1031 2203 1210 2241 convenit
1238 2216 1326 2241 esse
1352 2212 1569 2254 procurata.
1591 2205 1698 2243 Esto.

246 2267 478 2317 Temporum
505 2271 633 2303 autem
661 2265 937 2314 quamobrem?
966 2265 1056 2315 quia
1088 2278 1188 2317 saepe
1214 2266 1404 2312 usuvenit,
1425 2267 1696 2312 Athenienses,

249 2336 293 2365 ut
311 2327 516 2364 multarum
547 2340 670 2365 rerum
691 2333 729 2364 et
750 2340 976 2377 magnarum
997 2327 1149 2365 occasio
1169 2328 1287 2378 paulo
1307 2335 1497 2366 momento
1517 2330 1698 2380 temporis

247 2388 511 2433 concludatur,
532 2401 648 2437 quam
669 2388 701 2425 si
727 2388 813 2436 quis
846 2389 946 2426 ultro
967 2388 1194 2426 adversariis
1216 2389 1443 2426 condonarit
1463 2396 1501 2427 et
1519 2390 1698 2440 prodide-

248 2450 308 2495 rit,
343 2449 491 2487 etiamsi
519 2449 648 2486 omnia
679 2456 853 2494 conetur,
870 2461 1065 2499 nunquam
1084 2450 1223 2499 poterit
1242 2462 1477 2500 recuperare.
1527 2452 1588 2489 An
1608 2465 1698 2490 vero

249 2510 383 2561 gratis,
404 2507 550 2547 necne?
579 2509 682 2559 quod
703 2509 791 2547 inde
811 2510 996 2561 accipere,
1011 2510 1112 2546 unde
1134 2510 1351 2560 reipublicae
1371 2511 1551 2549 damnum
1572 2512 1698 2559 detur,

250 2585 400 2618 omnes,
419 2571 510 2609 satis
531 2571 624 2615 scio,
641 2578 679 2608 et
698 2571 898 2621 indignum
924 2583 1011 2609 esse
1038 2571 1244 2615 fateamini,
1261 2579 1299 2609 et
1320 2573 1483 2622 graviter
1502 2573 1698 2612 vindican-

250 2634 356 2671 dum.
391 2634 451 2670 Ac
466 2632 661 2682 legislator
676 2632 830 2681 quidem
845 2633 918 2670 hoc
931 2644 1008 2669 non
1023 2632 1241 2682 explicavit,
1256 2633 1324 2669 sed
1343 2634 1565 2684 simpliciter
1582 2643 1698 2685 atque

250 2707 379 2732 severe
401 2694 519 2732 vetuit
547 2694 719 2744 accipere
746 2706 915 2738 munera,
948 2706 1052 2737 cum,
1084 2699 1126 2730 ut
1155 2693 1245 2730 mihi
1264 2694 1429 2739 videtur,
1450 2695 1698 2741 existimaret,

247 2769 349 2800 eum,
381 2755 445 2805 qui
478 2754 595 2792 semel
631 2755 855 2806 accepisset,
889 2767 932 2792 ac
966 2753 1229 2803 largitionibus
1258 2763 1458 2806 corruptus
1486 2763 1599 2802 esset,
1620 2770 1697 2795 non

244 2817 324 2866 jam
346 2822 588 2853 constantem
609 2827 761 2853 manere
790 2815 959 2866 judicem
981 2815 1219 2865 publicorum
1235 2816 1536 2854 commodorum.

306 2879 341 2913 4.
374 2877 488 2918 Quod
517 2877 547 2915 si
579 2875 798 2922 ostendero,
822 2883 860 2914 et
879 2877 1079 2926 perspicue
1100 2877 1278 2926 probaro,
1309 2877 1527 2916 AEschinem
1548 2886 1586 2916 et
1605 2880 1698 2917 nihil
