1923 3149
292 72 342 110 32
748 74 1110 114 OLYNTHIACA
1142 76 1176 114 11
1206 75 1315 126 (111).

297 173 554 213 Nomothetas
590 176 826 217 constituito.
887 178 960 217 His
991 185 1121 217 autern
1154 176 1399 217 Nomothetis
1428 175 1574 213 nnllam
1606 173 1754 213 sancite

296 235 568 287 legem—sunt
579 238 681 275 enim
699 240 808 278 vobis
824 240 916 278 satis
933 240 1129 287 multoe—‚
1146 240 1212 278 sed
1227 252 1291 277 eas
1311 251 1397 288 quae
1413 250 1481 274 vos
1497 237 1535 274 in
1548 235 1754 287 praesentia

297 297 445 335 laedunt
458 298 655 348 abrogate,
675 300 770 339 istas
795 308 924 339 autem
954 302 1054 348 dico,
1079 309 1113 339 et
1133 314 1209 339 non
1240 298 1526 338 dissimulanter
1544 298 1634 343 dico,
1664 310 1752 348 quae

297 365 390 397 sunt
408 358 454 397 de
472 360 648 398 theatrali
667 363 844 413 pecunia,
866 370 905 401 et
924 363 972 402 de
1000 364 1059 402 his
1080 363 1146 414 qui
1165 368 1312 400 merent
1338 359 1560 406 nonnullas,
1589 371 1753 409 quarum

296 419 372 458 illae
391 420 590 459 militarem
613 424 810 473 pecuniam
831 425 876 462 iis
895 425 960 476 qui
990 425 1090 463 domi
1118 429 1278 462 manent
1301 422 1351 460 ad
1387 420 1607 473 spectacula
1625 419 1753 457 distri-

296 482 435 528 buunt,
463 481 523 519 hae
541 495 630 521 vero
657 497 725 522 eos
746 486 811 536 qui
836 486 1008 523 militiam
1035 486 1250 523 detrectant
1272 483 1475 521 indemnes
1499 481 1755 526 constituunt,

297 543 435 580 exinde
453 543 568 581 etiarn
584 557 650 582 eos
672 546 735 596 qui
755 545 878 585 officio
898 547 1007 597 fungi
1028 546 1164 585 volunt
1200 545 1324 583 minus
1353 545 1541 582 animatos
1570 542 1752 580 reddunt.

298 602 511 654 Postquam
536 618 627 644 vero
652 606 734 645 haee
760 608 989 646 sustuleritis
1009 615 1048 645 et
1073 608 1173 645 viam
1199 607 1345 658 optima
1366 604 1595 644 consulendi
1628 609 1755 641 tutam

297 665 550 715 praebueritis,
566 671 646 703 turn
666 667 729 734 qui
750 681 796 706 ea
816 670 969 716 scribat,
989 681 1075 719 quae
1103 681 1237 706 omnes
1258 681 1279 706 e
1305 666 1503 718 republica
1529 679 1615 704 esse
1635 665 1754 712 scitis,

298 725 514 775 quaeritote.
553 726 778 778 Priusquam
792 736 920 767 autem
934 730 1019 768 hoec
1036 737 1124 768 aeta
1138 730 1225 775 sint,
1240 742 1289 767 ne
1305 727 1634 779 circumspiciatis,
1646 727 1753 777 quis-

297 798 402 832 nam,
423 786 514 824 dum
541 788 649 826 vobis
677 791 820 840 optime
848 791 1034 838 consulat,
1055 804 1078 829 a
1105 791 1210 830 vobis
1239 791 1394 828 interire
1414 790 1530 828 velit:
1559 789 1753 826 neminem

297 848 399 885 enirn
419 849 627 898 reperietis,
656 852 880 901 praesertim,
896 864 985 889 cum
1004 852 1051 892 id.
1062 865 1180 889 unum
1195 865 1241 889 ex
1255 865 1301 889 eo
1320 852 1493 889 futurum
1508 851 1570 896 sit,
1584 855 1628 887 ut
1639 858 1678 887 et
1689 849 1755 900 qui

296 921 344 946 ea
362 909 498 947 dixerit
517 923 563 948 ac
584 911 791 962 scripserit,
810 926 878 964 per
892 913 1070 964 injuriam
1088 913 1308 960 mulctetur,
1323 925 1395 951 nec
1416 914 1528 950 rebus
1547 912 1756 962 quicquam

297 971 532 1018 consulatur,
560 972 628 1010 sed
648 973 793 1024 optima
807 974 997 1013 suadendi
1016 975 1184 1012 studium
1213 977 1336 1025 magis
1355 974 1472 1012 etiam
1496 974 1535 1011 in
1555 979 1756 1024 posterum

297 1045 410 1082 quam
430 1046 532 1071 nunc
553 1040 613 1071 est
637 1034 819 1072 reddatur
837 1035 1104 1087 periculosum.
1160 1035 1217 1073 Ac
1237 1035 1512 1086 postulandum
1533 1040 1607 1079 est,
1633 1033 1756 1071 Athe-

298 1094 466 1140 nienses,
486 1101 529 1132 ut
548 1108 614 1132 eas
634 1094 740 1146 leges
769 1098 957 1148 abrogent
970 1098 1034 1135 isti
1053 1097 1138 1148 ipsi,
1157 1097 1222 1147 qui
1251 1096 1446 1134 tulerunt:
1482 1109 1562 1134 non
1580 1094 1681 1133 enirn
1702 1107 1755 1132 ae-

298 1168 416 1205 quum
435 1162 494 1193 est
510 1156 645 1206 gratia,
665 1171 750 1208 quae
770 1165 892 1196 totam
911 1158 1104 1196 civitatem
1118 1158 1232 1204 laesit,
1253 1158 1338 1195 illos
1358 1157 1445 1203 frui,
1464 1157 1530 1208 qui
1550 1163 1633 1194 tum
1655 1155 1756 1193 tule-

298 1224 398 1262 runt,
430 1217 558 1254 odium
573 1225 714 1265 autem,
727 1232 793 1271 per
808 1220 912 1270 quod
935 1233 1023 1258 cum
1039 1219 1215 1258 omnibus
1234 1219 1345 1257 nobis
1364 1219 1501 1256 melius
1513 1224 1708 1277 ageretur,
1722 1217 1758 1255 ei

298 1278 364 1329 qui
382 1291 485 1316 nunc
504 1280 647 1330 optima
664 1282 842 1328 suaserit,
860 1295 946 1320 esse
965 1281 1102 1320 fraudi.
1159 1280 1390 1331 Priusquam
1419 1286 1549 1318 autem
1573 1280 1660 1317 haec
1685 1279 1756 1317 rite

299 1347 525 1391 comparata
548 1341 703 1388 fuerint,
730 1355 987 1393 nequaquam,
1006 1341 1277 1387 Athenienses,
1299 1342 1403 1393 apud
1433 1354 1502 1379 vos
1534 1353 1757 1392 quenquam

298 1402 482 1451 reputetis
502 1415 587 1441 esse
602 1409 764 1451 tantum,
781 1410 826 1441 ut
844 1404 950 1442 hisce
970 1404 1122 1454 legibus
1137 1416 1160 1442 a
1179 1417 1221 1441 se
1240 1404 1390 1441 violatis
1419 1416 1554 1454 poenas
1574 1416 1654 1441 non
1678 1402 1758 1449 det,

300 1469 368 1499 aut
387 1462 485 1500 adeo
504 1464 718 1511 vecordem,
739 1472 781 1503 ut
807 1466 843 1502 in
864 1465 1021 1504 evidens
1041 1466 1184 1503 malurn
1203 1465 1451 1516 semetipsum
1471 1464 1665 1515 conjiciat.

355 1524 392 1560 6.
424 1523 527 1567 Quin
546 1537 615 1562 nec
627 1525 722 1563 illud
737 1526 842 1564 vobis
855 1527 1109 1577 ignorandum
1125 1533 1196 1571 est,
1212 1526 1484 1571 Athenienses,
1500 1525 1659 1563 decreta
1673 1525 1761 1563 nul-

301 1584 377 1622 lius
397 1598 482 1623 esse
502 1588 699 1634 momenti,
718 1587 792 1625 nisi
810 1594 848 1625 ct
865 1588 940 1626 hoe
953 1588 1172 1633 accesserit,
1183 1594 1227 1625 ut
1246 1601 1290 1626 ea
1304 1600 1391 1638 quae
1415 1587 1675 1625 decernantur
1688 1599 1759 1626 vos

302 1645 479 1684 alacriter
494 1646 620 1685 facere
640 1648 839 1686 studeatis.
896 1649 997 1686 Nam
1013 1650 1043 1687 si
1062 1663 1148 1687 cam
1166 1650 1242 1687 vim
1256 1649 1412 1686 decreta
1425 1661 1491 1698 per
1503 1661 1544 1686 se
1558 1647 1762 1695 haberent,

302 1712 346 1743 ut
366 1713 432 1743 aut
446 1720 514 1745 vos
535 1708 585 1745 ad
605 1708 772 1746 officium
792 1709 1012 1747 faciendum
1027 1709 1269 1760 compellere,
1292 1715 1359 1747 aut
1377 1722 1423 1747 ea
1451 1722 1537 1760 quae
1559 1709 1762 1747 continent

302 1768 483 1817 perficere
512 1775 684 1818 possent,
713 1783 837 1820 neque
855 1784 922 1808 vos
951 1771 1073 1808 multa
1101 1771 1356 1815 decernendo,
1379 1783 1520 1821 pauca,
1538 1771 1600 1808 vel
1631 1771 1760 1822 potius

303 1827 397 1864 nihil
429 1828 666 1875 effecissetis,
699 1843 823 1881 neque
844 1831 1046 1883 Philippus
1067 1839 1145 1870 tam
1173 1832 1237 1869 diu
1259 1846 1299 1870 se
1320 1832 1527 1870 insolenter
1549 1832 1760 1883 gessisset:

303 1904 426 1940 neque
449 1891 549 1928 enirn
567 1890 634 1943 pe'r
650 1893 801 1931 decreta
817 1895 971 1944 quidem
993 1895 1176 1942 stetisset,
1196 1908 1272 1946 quo
1291 1896 1417 1933 minus
1438 1895 1527 1933 olim
1539 1908 1673 1947 poenas
1693 1895 1762 1933 de-

304 1951 437 1989 disset.
494 1951 572 1989 Sed
591 1952 675 1991 haee
706 1966 781 1991 non
814 1954 868 1992 ita
887 1968 928 1992 se
947 1956 1114 1994 habent:
1150 1969 1264 2007 agere
1286 1956 1401 2001 enim,
1422 1963 1464 1994 ut
1483 1957 1614 1995 ordine
1633 1963 1762 2008 poste-

304 2012 382 2049 rius
402 2025 515 2062 quam
544 2014 734 2052 orationes
754 2015 895 2054 habere
916 2023 982 2054 aut
999 2017 1180 2068 suffragia
1194 2018 1306 2064 ferre,
1320 2018 1374 2055 ita
1392 2018 1429 2055 vi
1445 2018 1548 2068 prius
1564 2025 1624 2056 est
1637 2025 1678 2056 et
1689 2031 1760 2070 po·-

304 2074 391 2112 tius.
449 2073 536 2111 Hoc
553 2074 666 2124 igitur
685 2076 971 2127 adjungendum
992 2085 1064 2125 est,
1094 2079 1240 2129 reliqua
1264 2086 1407 2129 praesto
1434 2085 1550 2117 sunt:
1581 2092 1670 2117 narn
1694 2079 1763 2130 qui

305 2134 510 2185 prudenter
529 2135 655 2174 dicere
688 2137 836 2188 possint
861 2145 952 2177 sunt
977 2140 1080 2191 apud
1100 2153 1184 2187 vos,
1203 2140 1474 2186 Athenienses,
1503 2152 1651 2191 vosque
1677 2153 1761 2178 om-

305 2195 408 2232 nium
429 2196 635 2234 acutissimi
652 2199 743 2236 estis
761 2199 810 2236 ad
830 2213 875 2238 ea
894 2214 980 2251 quae
995 2200 1177 2239 dicuntur
1190 2201 1452 2252 percipienda,
1473 2200 1566 2252 quin
1581 2208 1621 2239 et
1643 2202 1764 2239 eadem

304 2257 462 2306 exsequi
482 2270 583 2295 nunc
605 2259 789 2308 poteritis,
806 2260 836 2297 si
850 2268 954 2298 recte
967 2261 1126 2300 facietis.
1183 2262 1301 2304 Quod
1317 2263 1419 2300 enim
1432 2268 1584 2313 tempus
1599 2275 1763 2314 quamve

306 2318 561 2363 occasionem,
592 2319 861 2366 Athenienses,
880 2321 1076 2360 meliorem
1105 2323 1180 2360 hac
1206 2322 1402 2373 quaeritis?
1431 2329 1500 2361 aut
1528 2323 1686 2374 quando
1716 2336 1764 2364 ea

305 2390 391 2427 quae
418 2378 497 2415 fieri
518 2378 660 2416 debent
680 2381 816 2430 agetis,
837 2382 868 2419 si
896 2395 999 2420 nunc
1030 2396 1107 2421 non
1134 2383 1280 2434 agetis?
1338 2384 1479 2422 Nonne
1499 2385 1629 2423 omnia
1654 2385 1763 2425 vobis

305 2438 419 2475 homo
439 2438 524 2476 loca
543 2440 750 2491 praeripuit,
779 2449 816 2479 et
846 2442 876 2479 si
909 2443 982 2481 hac
1002 2444 1116 2481 etiam
1155 2445 1310 2494 regione
1334 2445 1516 2496 potietur,
1536 2459 1650 2483 noune
1682 2459 1765 2484 om-

306 2500 408 2536 nium
430 2501 648 2550 turpissima
663 2503 808 2552 passuri
826 2504 982 2543 sumus?
1040 2505 1180 2543 Nonne
1201 2507 1352 2555 quibus,
1370 2508 1399 2545 si
1413 2508 1554 2545 bellum
1571 2514 1765 2559 gererent,

304 2568 457 2599 strenue
477 2575 546 2600 nos
560 2563 811 2612 opitulaturos
825 2566 1135 2617 spospondimus‚
1148 2566 1184 2604 hi
1199 2581 1299 2605 nunc
1312 2569 1415 2606 bello
1428 2569 1633 2620 petuntur?
1654 2569 1764 2608 Non-

307 2636 353 2659 ne
374 2623 493 2660 hostis
513 2624 599 2661 est?
629 2637 704 2661 non
725 2633 856 2664 nostra
873 2627 1006 2665 tenet?
1035 2640 1112 2665 non
1132 2629 1344 2667 barbarus?
1373 2631 1461 2680 quid
1477 2644 1553 2669 non
1569 2629 1766 2681 denique?

307 2683 398 2729 Sed,
431 2685 544 2722 deum
571 2684 839 2724 immortalem!
868 2688 899 2725 si
931 2688 1015 2726 haec
1043 2689 1169 2727 omnia
1199 2690 1462 2740 reliquerimus
1484 2698 1524 2730 et
1553 2691 1588 2730 ei
1606 2698 1760 2730 tantum

303 2756 378 2780 nou
396 2745 444 2781 ad
458 2758 503 2782 ea
514 2746 700 2784 oblim-mla
719 2760 874 2798 operam
895 2749 1175 2798 navaverimus,
1186 2758 1266 2789 tum
1279 2759 1456 2792 auctores
1470 2754 1604 2792 harum
1619 2765 1763 2801 rerum,

305 2805 367 2853 qui
384 2806 471 2851 siut,
492 2808 737 2857 ‹picci-emus?
768 2810 904 2861 Neque
917 2811 1015 2849 onim
1032 2825 1101 2850 nos
1123 2812 1157 2849 in
1180 2826 1297 2853 causa
1313 2827 1398 2852 esse
1422 2815 1638 2862 fatebimur,
1667 2814 1762 2854 satis
