1923 3149
254 100 325 136 160
834 94 1103 134 ANALYSIS.

251 200 354 239 sium,
370 198 530 242 adeoque
548 198 657 231 totius
681 197 843 238 Graeciae,
860 200 978 239 gestas
992 196 1108 230 dicere
1130 195 1341 238 aggreditur.
1391 195 1494 228 Statu
1511 193 1677 232 Graeciae,

251 252 364 297 qualis
379 252 493 293 fuerit,
512 262 592 285 cum
610 253 685 295 ipse
699 251 743 284 ad
757 251 1001 294 gubernacula
1014 248 1220 293 reipublicae
1235 249 1434 289 accederet,
1451 248 1624 292 exposito,
1635 249 1678 280 ut

250 307 402 351 Philippi
417 305 573 340 consiliis
583 305 678 339 omni
691 316 757 349 ope
771 305 968 348 viriumque
989 302 1217 337 contentione
1233 302 1444 344 resisterent,
1463 313 1537 336 sese
1554 302 1678 334 civita-

249 360 294 393 tis
308 363 343 393 et
358 360 519 403 dignitati
537 362 572 392 et
589 359 694 393 saluti
711 359 962 392 convenienter
979 358 1130 391 suasisse
1147 357 1175 400 ξ.
1194 359 1236 391 18
1253 357 1430 399 fin.—22.‚
1447 367 1512 390 nec
1529 356 1600 389 suis
1618 355 1678 388 de-

250 415 365 453 cretis,
384 415 444 447 sed
460 414 612 458 Philippi
631 413 834 447 dominandi
852 412 986 446 libidini
1004 413 1101 456 pacis
1112 413 1236 445 solutae
1249 422 1394 444 causam
1407 422 1483 445 esse
1495 411 1678 454 imponen-

251 468 332 501 dam
350 468 378 511 ξ.
395 470 450 502 23.
468 478 550 501 cum
567 468 711 511 planum
733 467 896 506 fecisset;
913 465 1007 507 inde,
1026 466 1169 499 Euboea
1186 465 1344 506 liberata,
1360 475 1489 498 corona
1505 474 1541 496 se
1560 474 1580 496 a
1595 463 1680 496 civi-

250 525 333 563 tate,
350 523 379 565 ξ.
395 525 542 557 24—26.
559 522 693 555 auxilio
707 520 906 554 secundum
920 521 1062 554 decreta
1072 531 1136 553 sua
1153 520 1333 562 Byzantiis
1349 522 1384 552 et
1399 519 1617 552 Cherroneso
1631 517 1681 550 la-

250 580 297 618 to,
316 577 493 610 civitatem
511 577 622 620 ipsam
639 586 659 607 a
676 575 823 608 servatis
849 585 924 608 esse
948 577 1106 607 ornatam
1125 573 1153 616 §.
1176 576 1230 606 27.
1256 573 1564 615 Atheniensesque
1586 573 1680 604 utro-

249 642 329 675 que,
346 630 506 675 quamvis
531 640 595 662 nec
613 629 838 662 Euboeenses
857 639 923 662 nec
947 628 1109 672 Byzantii
1136 628 1226 661 hauc
1242 630 1379 660 tantam
1402 636 1463 671 pro
1485 623 1681 659 malefactis

247 686 319 718 suis
333 685 480 727 gratiam
499 683 719 722 meruissent,
733 683 837 714 moris
851 683 983 726 antiqui
998 693 1169 715 memores
1182 681 1385 725 reipublicae
1398 680 1591 724 gloriaeque
1605 689 1679 712 suae

241 740 348 782 juxta
366 737 583 770 consuluisse
609 737 637 778 ξ.
656 737 816 776 28-29.,
833 741 1095 769 commemorat.
1145 736 1215 769 His
1238 736 1351 775 factis,
1365 735 1528 774 consiliis,
1548 733 1679 766 meritis

247 794 282 826 in
295 791 560 835 rempublicam,
573 792 745 833 quantum
758 789 872 822 laudis
882 789 925 821 de
937 793 1028 823 statu
1040 800 1157 823 rerum
1170 788 1584 823 maritimarumcivitatis
1597 797 1681 819 eon-

246 848 347 881 vulso
358 845 579 879 restituendo
595 846 630 877 et
647 843 869 877 emendando
886 845 1063 884 meruerit,
1080 844 1109 887 ἓ.
1126 846 1274 878 30-31.
1290 840 1679 886 subjungit.—Deinde

247 900 527 945 Ctesiphontem,
544 898 640 943 quod
657 909 706 940 se,
725 898 919 931 rationibus
937 908 1008 931 non
1025 899 1152 938 relatis,
1169 898 1367 932 ornandum
1392 898 1581 937 censuerit,
1598 905 1682 929 con-

248 959 301 989 tra
317 957 412 998 leges
426 954 608 997 scripsisse
623 956 743 996 negat.
793 952 867 985 Sibi
881 953 975 985 enim
992 953 1037 984 ob
1055 963 1228 986 summam
1244 953 1351 985 trium
1368 952 1584 985 talentorum
1600 959 1683 983 cen-

246 1012 394 1054 tumque
408 1010 584 1042 minarum
599 1007 643 1040 de
659 1018 725 1041 suo
738 1006 872 1040 civitati
887 1007 979 1040 ultro
992 1006 1186 1050 impensam
1204 1016 1372 1040 coronam
1385 1007 1576 1047 decretam,
1590 1005 1685 1039 aliis-

245 1074 316 1107 que
333 1063 378 1096 ob
391 1062 487 1096 idem
504 1062 670 1096 meritum
684 1060 837 1094 eundem
854 1060 1021 1094 honorem
1037 1071 1114 1093 esse
1135 1060 1304 1094 habitum.
1317 1060 1346 1104 ξ.
1363 1060 1684 1094 32—35.—Tertio

244 1118 336 1159 loco,
354 1117 552 1150 donationis
567 1115 675 1160 hujus
693 1115 980 1159 praedicationem
994 1115 1030 1148 in
1047 1115 1182 1148 theatro
1192 1115 1265 1149 fieri
1284 1126 1398 1158 posse,
1411 1116 1489 1159 lege
1498 1126 1578 1149 cum
1590 1118 1683 1148 esset

246 1173 434 1216 probatum
450 1172 477 1215 ξ.
498 1174 568 1212 36.,
585 1174 621 1204 et
637 1170 891 1204 maledicentia
907 1169 1095 1203 adversarii
1112 1170 1304 1210 incusatur,
1321 1173 1358 1203 et
1385 1170 1519 1203 hostilis
1544 1169 1622 1212 ejus
1644 1169 1680 1203 in

247 1226 395 1270 patriam
410 1226 548 1259 animus
565 1225 631 1258 hac
647 1225 724 1268 ipsa
741 1224 970 1257 accusatione
987 1223 1148 1266 arguitur
1165 1224 1195 1267 ἕ.
1212 1226 1361 1258 37—38.

294 1280 415 1314 Causa
431 1278 673 1324 Ctesiphontis
687 1281 858 1323 perorata,
871 1282 913 1312 ut
929 1278 1108 1312 AEschinis
1125 1279 1229 1312 fidem
1255 1290 1397 1313 omnem
1414 1279 1615 1323 famamque
1632 1278 1684 1312 la-

248 1334 461 1368 befactatam
478 1334 620 1377 penitus
637 1333 862 1374 convelleret,
879 1343 988 1377 seque
1005 1333 1120 1377 ipsum
1134 1333 1302 1376 judicum
1320 1333 1447 1367 animis
1465 1334 1577 1377 magis
1601 1333 1684 1367 insi-

249 1391 386 1430 nuaret,
399 1388 443 1422 ad
461 1388 732 1422 insectationem
749 1388 940 1421 adversarii
957 1387 1162 1431 digreditur.
1213 1388 1330 1429 Quam
1356 1388 1501 1433 quidem
1518 1388 1685 1422 orationis

249 1446 384 1487 partem
409 1442 495 1476 mira
517 1441 670 1486 quadam
700 1445 774 1475 arte
800 1442 850 1474 ita
866 1442 1066 1486 composuit
1083 1445 1217 1482 auctor,
1234 1446 1275 1475 ut
1292 1441 1486 1476 malefactis
1502 1441 1684 1476 AEschinis

249 1509 316 1531 sua
333 1497 529 1537 benefacta,
546 1495 624 1538 ejus
639 1495 734 1529 vitiis
749 1506 832 1529 suas
847 1496 994 1529 virtutes
1018 1498 1185 1540 opponat,
1213 1507 1284 1540 quo
1304 1496 1390 1530 nihil
1407 1496 1453 1529 ad
1470 1496 1606 1529 animos
1624 1495 1683 1539 ju·

247 1552 367 1585 dicum
383 1551 576 1584 movendos
590 1549 872 1593 excitandosque
885 1550 1061 1583 efficacius
1075 1550 1221 1593 cogitari
1236 1553 1363 1594 potest.
1406 1550 1565 1594 Exponit
1578 1550 1685 1591 enim,

252 1605 453 1646 AEschines,
470 1608 568 1649 patre
594 1614 704 1645 servo,
729 1607 840 1637 matre
863 1604 1080 1648 nequissima
1102 1607 1219 1644 natus,
1235 1615 1343 1648 quam
1360 1605 1498 1647 ingrato
1515 1603 1632 1636 animo
1649 1605 1686 1637 et

250 1659 478 1704 Antiphontis
494 1662 602 1702 atque
620 1657 792 1701 Pythonis
808 1657 1006 1702 patrocinio
1017 1662 1052 1691 et
1067 1657 1223 1691 Anaxini
1239 1658 1394 1691 amicitia
1406 1660 1530 1691 contra
1545 1668 1686 1702 rempu-

250 1715 377 1748 blicam
395 1714 517 1747 fecerit
541 1713 569 1756 ξ.
596 1715 758 1751 39-43.,
775 1715 886 1757 utque
910 1712 991 1745 belli
1007 1712 1269 1755 Amphissensis
1286 1712 1483 1745 concitator
1505 1714 1541 1744 et
1562 1714 1686 1746 auctor

250 1769 412 1813 Philippo
426 1769 520 1801 viam
535 1767 573 1800 in
591 1767 767 1799 Graeciam
781 1765 997 1809 irrumpendi
1012 1766 1248 1809 Elateamque
1264 1765 1462 1808 occupandi
1479 1765 1688 1808 patefecerit

249 1824 281 1866 ξ.
299 1825 459 1862 44-52.,
476 1823 552 1866 ipse
568 1824 701 1858 contra,
718 1820 786 1853 hoc
809 1830 924 1854 rerum
948 1823 1041 1853 statu
1056 1819 1332 1853 Atheniensibus
1354 1820 1389 1852 in
1407 1830 1545 1853 summo
1562 1819 1687 1854 discri-

251 1878 345 1912 mine
362 1876 594 1918 versantibus,
611 1885 715 1919 quam
727 1875 866 1918 egregie
881 1874 926 1907 de
943 1884 1082 1907 summa
1098 1885 1134 1906 re
1150 1875 1295 1917 publica
1306 1874 1485 1915 meruerit,
1501 1875 1535 1907 vi
1557 1874 1687 1908 oratio-

252 1933 307 1966 nis
324 1943 397 1965 suae
414 1930 664 1975 pervincendo,
680 1931 721 1962 ut
737 1933 774 1962 et
790 1929 956 1971 Athenis,
973 1939 1151 1962 armorum
1181 1929 1386 1961 societatem
1405 1939 1488 1961 cum
1503 1928 1688 1963 Thebanis

252 1996 398 2030 propere
415 1983 700 2029 conjungendam
719 1993 807 2023 esse,
830 1982 1077 2016 decerneretur
1093 1982 1122 2025 §-
1139 1984 1442 2024 52—55.—quam
1462 1982 1607 2025 quidem
1633 1994 1688 2016 ra-

253 2042 400 2082 tionem,
422 2041 525 2084 longe
551 2039 722 2083 optimam
742 2039 864 2079 visam,
881 2048 997 2082 neque
1015 2047 1110 2070 nunc
1127 2040 1208 2081 post
1233 2039 1398 2071 eventum
1415 2037 1687 2081 improbandam

254 2106 343 2137 esse,
360 2098 395 2128 et
412 2098 499 2135 tum,
515 2093 656 2127 etiamsi
678 2103 801 2126 omnes
816 2093 909 2125 mala
924 2092 1044 2125 futura
1061 2090 1320 2136 praevidissent,
1344 2092 1542 2135 eligendam
1567 2092 1687 2133 fuisse,

253 2150 280 2194 §-
300 2152 449 2184 56—60.
468 2149 637 2192 praeclare
654 2147 957 2180 demonstrat—et
971 2145 1142 2187 Thebani,
1156 2146 1200 2179 ad
1219 2157 1306 2190 quos
1319 2146 1530 2188 legationem
1549 2146 1687 2187 obierit,

254 2206 290 2238 in
308 2208 426 2249 partes
443 2202 713 2236 Atheniensium
739 2200 1068 2244 transgrederentur
1087 2200 1116 2244 ξ.
1133 2203 1284 2234 61—62.
1334 2199 1440 2233 Unde
1462 2210 1542 2244 quae
1567 2200 1690 2243 gloria,

253 2270 335 2304 quae
351 2258 475 2291 laetitia
490 2257 527 2290 iu
544 2256 722 2290 civitatem
737 2255 957 2294 redundarit,
974 2255 1155 2299 quomodo
1169 2254 1343 2296 Thebani,
1361 2254 1539 2298 quomodo
1560 2254 1689 2299 Philip-

255 2323 321 2357 pus
334 2312 481 2345 affectus
494 2310 609 2349 fuerit,
625 2310 652 2352 ἓ.
666 2312 814 2344 63-64.
827 2309 988 2351 legimus,
1001 2311 1113 2352 utque
1124 2309 1198 2353 ipse
1214 2311 1289 2341 tum
1305 2319 1433 2341 corona
1445 2309 1490 2341 ob
1504 2312 1603 2342 tanta
1617 2320 1690 2342 ine-

257 2367 324 2400 rita
335 2366 479 2410 publice
496 2369 641 2397 ornatus
655 2364 715 2404 sit,
731 2363 900 2397 AEschine
920 2373 999 2396 eum
1018 2374 1089 2396 nou
1108 2366 1311 2402 accusante,
1330 2363 1390 2405 qui
1408 2373 1503 2396 nunc
1526 2363 1569 2396 de
1586 2363 1692 2398 laude

255 2421 344 2464 ejus,
355 2419 415 2463 qui
431 2422 482 2452 tot
495 2418 620 2458 socios,
635 2420 685 2450 tot
696 2417 861 2460 praesidia
870 2416 1148 2451 Atheniensibus
1163 2416 1431 2460 comparaverit,
1444 2417 1616 2451 malitiose
1630 2417 1691 2451 de-

256 2474 393 2508 trahere
409 2473 613 2513 contendat,
627 2472 653 2515 §.
669 2474 817 2505 65—69.
868 2471 963 2504 Exin
980 2482 1106 2504 causas
1123 2471 1327 2513 accipimus,
1345 2474 1452 2504 curet
1463 2472 1592 2516 iniquis
1606 2482 1691 2505 con-

257 2529 450 2563 ditionibus
464 2528 611 2561 societas
625 2537 706 2560 cum
721 2526 914 2566 Thebanis,
925 2526 1118 2568 Byzantiis,
1136 2529 1171 2557 ct
1188 2525 1457 2559 Euboeensibus
1474 2527 1520 2559 sit
1535 2527 1640 2566 facta,
1654 2529 1691 2560 et

257 2587 471 2629 Philippum,
490 2583 665 2621 omnibus,
680 2593 761 2626 quae
788 2581 861 2614 fieri
882 2582 1073 2624 potuerint,
1091 2580 1236 2614 tentatis
1253 2584 1288 2613 et
1305 2582 1412 2623 ausis,
1428 2583 1503 2626 ipse
1519 2583 1614 2616 solus
1630 2582 1691 2615 de-

259 2641 400 2674 vincere
416 2638 626 2683 nequivcrit,
641 2637 669 2680 ξ..
687 2638 854 2676 70—73.;
871 2635 979 2668 nihilo
992 2635 1106 2668 minus
1121 2638 1237 2668 tamen
1252 2636 1423 2680 populum
1434 2636 1689 2671 Atheniensem

260 2694 462 2729 mirabiliter
478 2693 522 2726 de
536 2703 589 2731 eo,
605 2691 753 2734 ejusque
769 2690 872 2723 rebus
888 2690 994 2732 gestis
1013 2694 1091 2733 post
1109 2690 1275 2733 proelium
1299 2691 1344 2724 ad
1364 2691 1595 2725 Chaeroneam
1609 2701 1690 2724 sen-

257 2750 354 2787 sisse,
371 2749 400 2791 §.
412 2748 559 2782 74—75.
607 2745 688 2778 Jam
705 2744 878 2778 fortunam
895 2743 1132 2784 civitatis,boc
1150 2744 1256 2777 totius
1269 2745 1360 2778 orbis
1373 2747 1467 2778 statu
1484 2744 1687 2786 miserrimo,

260 2803 344 2836 satis
361 2803 487 2837 bonam
505 2809 775 2845 prosperamque
789 2798 856 2832 dici
871 2809 986 2841 posse,
998 2808 1078 2831 cuin
1095 2799 1275 2832 docuisset
1292 2799 1321 2842 ἕ.
1335 2801 1392 2833 76.
1408 2799 1451 2832 ad
1466 2809 1566 2834 suam
1580 2798 1690 2843 ipsius
