1923 3149
654 160 974 202 PHILIPPICA
1009 161 1083 199 ΙΙΙ.
1550 158 1597 195 91

137 268 261 308 dum?
292 267 372 308 Sed
404 267 534 306 Graeci
554 273 683 306 tamen
704 267 790 305 haec
821 266 1012 312 videntes,
1040 264 1221 310 tolerant,
1248 263 1460 314 eodemque
1487 260 1605 300 modo

137 332 228 370 mihi
253 331 431 369 videntur
448 337 621 382 spectare
649 343 726 381 quo
749 329 813 379 qui
843 327 1070 379 grandinem
1098 333 1290 377 spectant,
1311 331 1421 376 optat
1439 322 1603 374 quisque

136 407 184 431 ne
204 393 243 431 in
265 406 356 431 suos
377 405 489 443 agros
509 392 717 436 deferatur,
737 390 830 427 dum
844 389 973 426 nullus
994 388 1196 439 prohibere
1213 393 1386 425 conatur.
1432 385 1602 422 Tantum

138 462 267 493 autem
288 455 410 499 abest,
429 461 469 492 ut
483 453 608 491 illatas
623 452 669 490 ab
690 464 735 489 eo
749 451 914 488 Graeciae
929 449 1182 488 contumelias
1198 447 1399 500 quisquam
1418 445 1603 491 vindicet,

137 523 182 554 ut
214 529 339 566 neque
369 528 458 553 suas
491 516 655 565 quisque
675 513 832 564 injurias
854 512 1082 549 ulciscatur:
1112 510 1188 548 hoc
1209 510 1310 548 enirn
1324 509 1406 560 jam
1421 507 1605 544 dementiae

137 585 268 616 nostrae
294 584 505 616 extremum
527 582 598 614 est.
637 574 778 612 Nonne
801 574 1087 612 Corinthiorum
1115 573 1269 625 oppida,
1293 569 1544 609 Ambraciam
1564 574 1605 606 et

139 639 370 684 Leucadem,
393 637 560 676 invasit?
593 650 722 675 nonne
744 636 898 673 Achaeis
927 635 1179 687 Naupactum
1209 634 1431 684 ademptam
1463 630 1603 668 AEtolis

136 703 364 741 traditurum
387 699 559 751 juravit?
593 712 723 737 nonne
753 698 946 736 Thebanis
980 697 1172 736 Echinum
1217 693 1383 747 eripuit?
1423 699 1462 730 et
1498 704 1604 730 nunc

139 771 275 802 contra
293 762 502 814 Byzantios
525 761 631 799 ducit
651 759 876 806 exercitum,
895 759 1068 810 quamvls
1091 758 1184 796 socii
1203 755 1360 796 essent?
1382 767 1512 793 nonne
1532 766 1605 792 no-

139 824 448 863 stram—omitto
468 829 622 866 caetera,
644 822 713 860 sed
733 820 967 860 Chersonesi
986 821 1193 858 maximam
1213 819 1348 856 urbem
1369 818 1490 856 habet
1505 815 1605 855 Car-

139 886 269 924 diam?
297 885 405 923 Talia
418 885 533 935 igitur
552 884 655 936 passi
671 890 898 922 cunctamur
913 896 1048 921 omnes
1064 888 1104 921 et
1120 880 1341 921 effoeminati
1357 892 1488 918 sumus
1502 885 1541 916 et
1555 877 1607 916 ad

138 949 333 1000 proximos
351 946 587 998 respicimus,
613 945 834 984 diffidentes
855 945 917 984 alii
939 945 1035 990 aliis,
1066 957 1146 982 non
1166 943 1219 980 illi
1239 951 1319 981 tam
1343 949 1475 993 aperte
1494 939 1607 978 nobis

139 1010 314 1048 omnibus
330 1009 487 1060 injurias
503 1008 693 1046 inferenti.
726 1009 783 1045 At
796 1007 889 1058 quid
905 1021 993 1045 eum
1009 1007 1075 1059 qui
1087 1007 1125 1045 in
1137 1006 1337 1044 universos
1352 1006 1405 1043 ita
1420 1012 1481 1042 est
1494 1009 1607 1055 petu-

140 1072 237 1117 lans,
254 1071 318 1109 ubi
333 1084 403 1108 nos
420 1070 639 1121 singulatim
656 1083 790 1108 omnes
805 1070 1015 1120 subegerit,
1035 1068 1126 1119 quid
1144 1068 1332 1106 facturum
1349 1064 1575 1104 existimatis
1590 1062 1608 1101 ἲ

193 1136 230 1171 8.
263 1134 360 1177 Quae
380 1133 496 1183 igitur
516 1133 635 1170 causa
665 1138 723 1169 est
742 1131 879 1168 harum
898 1130 1052 1169 rerum?
1081 1143 1206 1181 neque
1234 1129 1334 1167 enim
1355 1128 1436 1166 sine
1455 1127 1607 1165 ratione

137 1202 177 1234 et
188 1195 297 1246 justa
311 1206 441 1237 causa,
462 1192 521 1230 vel
542 1200 623 1230 tum
639 1192 737 1230 adeo
753 1192 900 1230 alacres
921 1199 1031 1230 erant
1046 1193 1094 1231 acl
1115 1192 1332 1230 libertatem
1351 1189 1608 1241 defendendam

140 1269 274 1294 omnes
295 1254 436 1301 Graeei,
454 1254 516 1292 vel
535 1267 638 1292 nune
660 1253 710 1292 ad
726 1254 947 1292 tolerandam
963 1253 1214 1292 servitutem?
1245 1252 1333 1290 Fuit
1351 1259 1433 1290 tum
1448 1249 1608 1300 aliquid,

137 1319 225 1363 fuit,
246 1316 518 1363 Athenienses,
551 1315 590 1353 in
609 1315 837 1367 populorum
860 1315 1012 1364 animis,
1045 1316 1150 1366 quod
1170 1328 1275 1353 nunc
1300 1326 1377 1351 non
1409 1319 1481 1358 est,
1502 1310 1610 1362 quod

138 1380 345 1418 Persarum
361 1377 598 1430 opulentiam
610 1378 713 1424 vicit,
731 1377 894 1416 Graeciae
907 1377 1123 1415 libertatem
1143 1376 1322 1422 asseruit,
1341 1388 1468 1426 neque
1487 1385 1608 1412 nava-

137 1442 238 1480 libus
255 1453 379 1492 neque
394 1440 637 1478 terrestribus
653 1439 690 1477 in
702 1440 846 1491 praeliis
864 1440 1084 1486 succubuit,
1099 1440 1279 1491 quodque
1297 1450 1399 1476 nunc
1413 1436 1608 1488 perditum

139 1517 229 1542 cum
244 1502 294 1540 sit
305 1502 613 1552 omniacorrupit
624 1508 661 1539 et
669 1508 789 1540 totam
805 1502 1000 1540 Graeciam
1016 1515 1169 1540 sursum
1178 1501 1357 1539 deorsum
1368 1498 1607 1550 permiscuit.

142 1564 246 1608 Quid
261 1564 376 1614 igitur
389 1563 464 1600 fuit
474 1563 599 1600 illud?
632 1563 724 1601 nihil
744 1563 946 1614 multiplex
965 1571 1033 1601 aut
1054 1563 1314 1609 artificiosum,
1335 1561 1406 1600 sed
1418 1559 1524 1612 quod
1539 1570 1607 1597 eos

141 1639 305 1676 semper,
318 1624 382 1675 qui
396 1638 419 1662 a
433 1625 656 1662 dominandi
671 1625 820 1676 cupidis
834 1632 901 1663 aut
910 1625 1104 1663 Graeciam
1117 1637 1359 1675 corrumpere
1375 1622 1608 1662 conantibus

140 1686 344 1738 pecuniam
355 1686 610 1737 accipiebant,
630 1699 762 1724 omnes
779 1687 957 1733 oderunt,
973 1693 1011 1724 et
1025 1687 1293 1738 gravissimum
1307 1686 1451 1724 crimen
1465 1690 1560 1729 erat,
1576 1682 1610 1721 si

141 1748 224 1799 quis
240 1754 487 1798 acceptorum
502 1760 701 1793 munerum
718 1749 1023 1794 convinceretur,
1041 1762 1206 1799 eumque
1222 1747 1398 1785 maximis
1415 1745 1537 1798 poenis
1551 1744 1610 1782 af-

141 1811 334 1856 ficiebant,
347 1822 472 1859 neque
487 1809 750 1860 deprecationi
769 1816 851 1847 erat
864 1810 1014 1861 uspiam
1032 1817 1099 1848 aut
1112 1810 1234 1848 veniae
1249 1810 1336 1847 loci.
1359 1808 1526 1846 Proinde
1542 1820 1608 1845 oc-

142 1872 338 1910 casionem
351 1870 590 1921 singularum
603 1884 740 1917 rerum,
753 1884 868 1922 quam
877 1872 1032 1910 fortuna
1047 1872 1161 1910 etiam
1175 1871 1460 1923 negligentibus
1473 1875 1610 1908 contra

142 1940 308 1972 attentos
325 1946 427 1984 saepe
445 1933 669 1984 suppeditat
683 1940 722 1971 et
741 1934 785 1972 iis
805 1935 871 1985 qui
890 1935 984 1972 nihil
1004 1935 1140 1973 volunt
1151 1936 1277 1973 facere
1298 1940 1436 1972 contra
1455 1945 1522 1971 eos
1541 1930 1610 1983 qui

142 1995 271 2034 omnia
290 2008 376 2046 quae
397 2002 549 2046 oportet
567 2002 701 2046 agunt,
719 2009 741 2033 a
760 1997 913 2034 nemine
934 1997 995 2034 vel
1015 2004 1164 2035 oratore
1183 1996 1245 2034 vel
1262 1997 1491 2048 imperatore
1509 2007 1610 2031 nun-

144 2056 266 2095 dinari
285 2056 439 2102 licebat,
459 2069 584 2107 neque
609 2056 724 2094 etiam
745 2059 993 2096 concordiam
1021 2059 1120 2103 inter
1139 2059 1259 2109 ipsos,
1278 2070 1402 2108 neque
1429 2057 1611 2094 diffiden-

142 2118 235 2156 tiam
257 2118 439 2155 adversus
459 2124 642 2169 tyrannos
663 2126 702 2156 et
722 2120 916 2166 barbaros,
945 2133 1071 2171 neque
1092 2121 1263 2172 denique
1290 2120 1369 2158 tale
1387 2118 1608 2170 quicquam.

144 2180 262 2218 Nunc
284 2186 471 2230 tanquam
487 2192 507 2217 e
529 2179 611 2217 foro
639 2185 679 2217 et
706 2180 904 2219 divendita
923 2189 1014 2220 sunt
1031 2182 1117 2219 haec
1134 2182 1277 2229 omnia,
1305 2188 1345 2219 et
1362 2180 1500 2218 horum
1518 2179 1608 2217 loco

142 2242 358 2279 inferuntur
384 2253 443 2286 ea,
463 2254 530 2291 per
548 2254 635 2291 quae
655 2254 808 2292 pessum
838 2242 904 2280 ivit
923 2251 1047 2281 status
1068 2243 1292 2294 sanitasque
1318 2242 1497 2281 Graeciae.
1547 2240 1610 2280 Ea

143 2316 231 2354 quae
263 2309 355 2340 sunt
368 2301 386 2338 Ρ
415 2301 570 2348 invidia,
609 2302 640 2340 si
667 2304 750 2353 quis
780 2305 933 2356 accepit
963 2305 1131 2356 aliquid:
1160 2305 1277 2350 risus,
1308 2306 1340 2343 si
1377 2304 1606 2343 confitetur:

142 2364 266 2409 venia,
287 2364 319 2401 si
337 2363 599 2402 convincitur:
630 2364 776 2411 odium,
798 2366 829 2403 si
859 2366 944 2417 quis
965 2366 1039 2404 ista
1059 2366 1324 2418 reprehendit:
1354 2373 1497 2404 caetera
1523 2378 1606 2403 om-

143 2425 220 2472 nia,
239 2439 326 2475 quae
345 2426 518 2476 pendent
535 2439 559 2464 a
585 2427 827 2478 corruptelis.
861 2427 961 2466 Nam
983 2434 1022 2466 et
1041 2428 1215 2466 triremes
1241 2435 1280 2465 et
1307 2427 1516 2465 multitudo
1536 2427 1606 2465 ho-

144 2487 290 2524 minum
310 2494 350 2524 et
367 2487 578 2538 pecuniarii
598 2488 745 2526 reditus
778 2496 818 2526 et
837 2490 972 2540 reliqui
992 2496 1201 2541 apparatus
1231 2490 1354 2541 copia,
1378 2496 1520 2527 caetera
1539 2489 1608 2526 de-

144 2549 260 2598 nique
280 2549 417 2598 quibus
443 2549 594 2586 urbium
615 2551 714 2588 vires
743 2551 924 2589 aestimari
952 2552 1091 2599 solent,
1125 2564 1229 2589 nunc
1261 2551 1390 2589 omnia
1418 2550 1540 2588 multo
1569 2556 1611 2588 et

144 2610 256 2659 plura
284 2615 322 2646 et
341 2609 484 2659 majora
502 2617 593 2647 sunt
612 2624 725 2661 quam
747 2612 932 2662 superiori
951 2619 1090 2650 aetate:
1121 2613 1192 2651 sed
1221 2612 1398 2650 universa
1415 2612 1501 2650 haec.
1521 2611 1607 2649 inu-

145 2670 239 2715 tilia,
264 2669 381 2714 irrita,
401 2683 538 2708 manca
558 2672 656 2709 fiunt
670 2686 739 2723 per
753 2686 819 2711 eos
840 2674 905 2724 qui
920 2682 1201 2725 cauponantur.

200 2733 238 2770 9.
273 2732 330 2769 Ae
351 2744 438 2768 eum
460 2732 614 2782 quidem
633 2747 717 2772 esse
737 2748 841 2772 nunc
861 2742 1004 2774 statum
1024 2750 1165 2782 rerum,
1186 2736 1257 2787 ipsi
1276 2735 1450 2786 profecto
1469 2733 1606 2772 videtis

144 2807 271 2844 neque
297 2806 383 2830 meo
404 2806 560 2844 insuper
577 2795 795 2834 testimonio
817 2798 1014 2847 indigetis,
1033 2798 1290 2848 superioribus
1312 2803 1440 2833 autem
1460 2802 1608 2846 tempo-

145 2856 249 2893 ribus
282 2854 510 2892 contraiiam
544 2855 660 2892 fuisse
688 2858 888 2903 rationem,
919 2871 992 2909 ego
1024 2859 1246 2903 declarabo,
1277 2870 1355 2894 non
1387 2869 1473 2894 mea
1491 2857 1610 2895 verba

149 2915 395 2968 proferendo,
415 2915 483 2954 sed
517 2916 701 2968 scriptum
718 2920 904 2970 majorum
925 2927 1137 2958 vestrorum
1157 2918 1412 2966 ostendendo,
1433 2918 1536 2970 quod
1556 2918 1611 2956 illi
