<?xml version="1.0" encoding="UTF-8"?>
<!DOCTYPE html PUBLIC "-//W3C//DTD XHTML 1.0 Transitional//EN"
    "http://www.w3.org/TR/xhtml1/DTD/xhtml1-transitional.dtd">
<html xmlns="http://www.w3.org/1999/xhtml" xml:lang="en" lang="en">
 <head>
  <title>
</title>
<meta http-equiv="Content-Type" content="text/html;charset=utf-8" />
  <meta name='ocr-system' content='tesseract 3.04.00' />
  <meta name='ocr-capabilities' content='ocr_page ocr_carea ocr_par ocr_line ocrx_word'/>
</head>
<body>
  <div class='ocr_page' id='page_1' title='image "./oratoresatticie15dobs_0101.png"; bbox 0 0 1923 3149; ppageno 0'>
   <div class='ocr_carea' id='block_1_1' title="bbox 668 168 1602 208">
    <p class='ocr_par' dir='ltr' id='par_1_1' title="bbox 668 168 1602 208">
     <span class='ocr_line' id='line_1_1' title="bbox 668 168 1602 208; baseline -0.004 0"><span class='ocrx_word' id='word_1_1' title='bbox 668 168 981 208; x_wconf 88' lang='lat' dir='ltr'><strong>PHILIPPICA</strong></span> <span class='ocrx_word' id='word_1_2' title='bbox 1012 169 1086 208; x_wconf 86' lang='lat' dir='ltr'><strong>III.</strong></span> <span class='ocrx_word' id='word_1_3' title='bbox 1555 170 1602 205; x_wconf 78' lang='lat'>87</span> 
     </span>
    </p>
   </div>
   <div class='ocr_carea' id='block_1_2' title="bbox 139 270 1611 2974">
    <p class='ocr_par' dir='ltr' id='par_1_2' title="bbox 142 270 1606 937">
     <span class='ocr_line' id='line_1_2' title="bbox 145 270 1604 325; baseline -0.001 -13"><span class='ocrx_word' id='word_1_4' title='bbox 145 287 231 325; x_wconf 86' lang='lat' dir='ltr'>quae</span> <span class='ocrx_word' id='word_1_5' title='bbox 250 274 287 312; x_wconf 85' lang='lat' dir='ltr'>in</span> <span class='ocrx_word' id='word_1_6' title='bbox 307 286 386 312; x_wconf 89' lang='lat' dir='ltr'>rem</span> <span class='ocrx_word' id='word_1_7' title='bbox 407 279 575 312; x_wconf 83' lang='lat' dir='ltr'>vestram</span> <span class='ocrx_word' id='word_1_8' title='bbox 594 280 697 320; x_wconf 85' lang='lat' dir='ltr'>sunt,</span> <span class='ocrx_word' id='word_1_9' title='bbox 717 273 798 311; x_wconf 88' lang='lat' dir='ltr'>sine</span> <span class='ocrx_word' id='word_1_10' title='bbox 818 272 1041 310; x_wconf 86' lang='lat' dir='ltr'>adulatione</span> <span class='ocrx_word' id='word_1_11' title='bbox 1056 270 1186 310; x_wconf 86' lang='lat' dir='ltr'>audire</span> <span class='ocrx_word' id='word_1_12' title='bbox 1206 273 1354 318; x_wconf 78' lang='lat' dir='ltr'>voletis,</span> <span class='ocrx_word' id='word_1_13' title='bbox 1374 273 1501 311; x_wconf 86' lang='lat' dir='ltr'>dicere</span> <span class='ocrx_word' id='word_1_14' title='bbox 1517 285 1604 311; x_wconf 90' lang='lat' dir='ltr'>sum</span> 
     </span>
     <span class='ocr_line' id='line_1_3' title="bbox 144 334 1605 387; baseline 0.001 -14"><span class='ocrx_word' id='word_1_15' title='bbox 144 343 315 387; x_wconf 85' lang='lat' dir='ltr'>paratus.</span> <span class='ocrx_word' id='word_1_16' title='bbox 372 335 547 374; x_wconf 69' lang='lat' dir='ltr'>Tametsi</span> <span class='ocrx_word' id='word_1_17' title='bbox 576 336 676 373; x_wconf 89' lang='lat' dir='ltr'>enim</span> <span class='ocrx_word' id='word_1_18' title='bbox 697 348 756 373; x_wconf 89' lang='lat' dir='ltr'>res</span> <span class='ocrx_word' id='word_1_19' title='bbox 779 334 934 372; x_wconf 88' lang='lat' dir='ltr'>omnino</span> <span class='ocrx_word' id='word_1_20' title='bbox 956 335 1056 372; x_wconf 91' lang='lat' dir='ltr'>male</span> <span class='ocrx_word' id='word_1_21' title='bbox 1077 348 1117 372; x_wconf 91' lang='lat' dir='ltr'>se</span> <span class='ocrx_word' id='word_1_22' title='bbox 1137 334 1295 381; x_wconf 84' lang='lat' dir='ltr'>habent,</span> <span class='ocrx_word' id='word_1_23' title='bbox 1315 336 1511 386; x_wconf 80' lang='lat' dir='ltr'>multaque</span> <span class='ocrx_word' id='word_1_24' title='bbox 1536 349 1605 387; x_wconf 90' lang='lat' dir='ltr'>per</span> 
     </span>
     <span class='ocr_line' id='line_1_4' title="bbox 144 396 1604 448; baseline 0.001 -14"><span class='ocrx_word' id='word_1_25' title='bbox 144 398 360 435; x_wconf 86' lang='lat' dir='ltr'>socordiam</span> <span class='ocrx_word' id='word_1_26' title='bbox 382 399 587 448; x_wconf 90' lang='lat' dir='ltr'>perierunt,</span> <span class='ocrx_word' id='word_1_27' title='bbox 603 405 733 435; x_wconf 89' lang='lat' dir='ltr'>tamen</span> <span class='ocrx_word' id='word_1_28' title='bbox 754 410 823 442; x_wconf 83' lang='lat' dir='ltr'>eae,</span> <span class='ocrx_word' id='word_1_29' title='bbox 846 396 876 433; x_wconf 86' lang='lat' dir='ltr'>si</span> <span class='ocrx_word' id='word_1_30' title='bbox 895 408 962 433; x_wconf 84' lang='lat' dir='ltr'>vos</span> <span class='ocrx_word' id='word_1_31' title='bbox 986 397 1046 433; x_wconf 89' lang='lat' dir='ltr'>vel</span> <span class='ocrx_word' id='word_1_32' title='bbox 1072 409 1175 433; x_wconf 86' lang='lat' dir='ltr'>nunc</span> <span class='ocrx_word' id='word_1_33' title='bbox 1196 397 1322 433; x_wconf 87' lang='lat' dir='ltr'>officio</span> <span class='ocrx_word' id='word_1_34' title='bbox 1343 397 1452 446; x_wconf 79' lang='lat' dir='ltr'>fungi</span> <span class='ocrx_word' id='word_1_35' title='bbox 1473 397 1604 435; x_wconf 86' lang='lat' dir='ltr'>volue-</span> 
     </span>
     <span class='ocr_line' id='line_1_5' title="bbox 142 456 1605 509; baseline 0.001 -15"><span class='ocrx_word' id='word_1_36' title='bbox 142 458 238 503; x_wconf 86' lang='lat' dir='ltr'>ritis,</span> <span class='ocrx_word' id='word_1_37' title='bbox 259 472 392 496; x_wconf 90' lang='lat' dir='ltr'>omnes</span> <span class='ocrx_word' id='word_1_38' title='bbox 424 460 560 509; x_wconf 84' lang='lat' dir='ltr'>corrigi</span> <span class='ocrx_word' id='word_1_39' title='bbox 591 465 767 509; x_wconf 84' lang='lat' dir='ltr'>possunt.</span> <span class='ocrx_word' id='word_1_40' title='bbox 825 458 886 495; x_wconf 93' lang='lat' dir='ltr'>Ac</span> <span class='ocrx_word' id='word_1_41' title='bbox 918 457 1055 494; x_wconf 89' lang='lat' dir='ltr'>mirum</span> <span class='ocrx_word' id='word_1_42' title='bbox 1086 457 1248 494; x_wconf 86' lang='lat' dir='ltr'>fortasse</span> <span class='ocrx_word' id='word_1_43' title='bbox 1280 456 1473 494; x_wconf 84' lang='lat' dir='ltr'>videbitur</span> <span class='ocrx_word' id='word_1_44' title='bbox 1501 458 1605 507; x_wconf 82' lang='lat' dir='ltr'>quod</span> 
     </span>
     <span class='ocr_line' id='line_1_6' title="bbox 144 517 1605 569; baseline 0 -14"><span class='ocrx_word' id='word_1_45' title='bbox 144 518 285 564; x_wconf 89' lang='lat' dir='ltr'>dicam,</span> <span class='ocrx_word' id='word_1_46' title='bbox 309 520 378 557; x_wconf 90' lang='lat' dir='ltr'>sed</span> <span class='ocrx_word' id='word_1_47' title='bbox 393 532 521 557; x_wconf 89' lang='lat' dir='ltr'>verum</span> <span class='ocrx_word' id='word_1_48' title='bbox 540 532 548 556; x_wconf 82' lang='lat' dir='ltr'>z</span> <span class='ocrx_word' id='word_1_49' title='bbox 579 519 682 569; x_wconf 91' lang='lat' dir='ltr'>quod</span> <span class='ocrx_word' id='word_1_50' title='bbox 702 517 905 569; x_wconf 78' lang='lat' dir='ltr'>proeteritis</span> <span class='ocrx_word' id='word_1_51' title='bbox 922 518 1156 568; x_wconf 80' lang='lat' dir='ltr'>temporibus</span> <span class='ocrx_word' id='word_1_52' title='bbox 1173 518 1244 555; x_wconf 89' lang='lat' dir='ltr'>fuit</span> <span class='ocrx_word' id='word_1_53' title='bbox 1257 517 1480 568; x_wconf 83' lang='lat' dir='ltr'>pessimum,</span> <span class='ocrx_word' id='word_1_54' title='bbox 1496 518 1533 555; x_wconf 91' lang='lat' dir='ltr'>id</span> <span class='ocrx_word' id='word_1_55' title='bbox 1555 518 1605 556; x_wconf 90' lang='lat' dir='ltr'>ad</span> 
     </span>
     <span class='ocr_line' id='line_1_7' title="bbox 144 578 1600 631; baseline -0.001 -13"><span class='ocrx_word' id='word_1_56' title='bbox 144 580 272 618; x_wconf 85' lang='lat' dir='ltr'>sutura</span> <span class='ocrx_word' id='word_1_57' title='bbox 291 587 352 618; x_wconf 88' lang='lat' dir='ltr'>est</span> <span class='ocrx_word' id='word_1_58' title='bbox 381 581 581 631; x_wconf 90' lang='lat' dir='ltr'>optimum.</span> <span class='ocrx_word' id='word_1_59' title='bbox 639 579 743 621; x_wconf 81' lang='lat' dir='ltr'>Quid</span> <span class='ocrx_word' id='word_1_60' title='bbox 776 579 891 629; x_wconf 88' lang='lat' dir='ltr'>igitur</span> <span class='ocrx_word' id='word_1_61' title='bbox 922 578 960 616; x_wconf 91' lang='lat' dir='ltr'>id</span> <span class='ocrx_word' id='word_1_62' title='bbox 993 579 1078 617; x_wconf 74' lang='lat' dir='ltr'>est?</span> <span class='ocrx_word' id='word_1_63' title='bbox 1108 579 1213 629; x_wconf 89' lang='lat' dir='ltr'>quod</span> <span class='ocrx_word' id='word_1_64' title='bbox 1247 579 1339 616; x_wconf 89' lang='lat' dir='ltr'>dum</span> <span class='ocrx_word' id='word_1_65' title='bbox 1375 592 1442 616; x_wconf 89' lang='lat' dir='ltr'>vos</span> <span class='ocrx_word' id='word_1_66' title='bbox 1474 592 1600 628; x_wconf 89' lang='lat' dir='ltr'>neque</span> 
     </span>
     <span class='ocr_line' id='line_1_8' title="bbox 143 640 1603 692; baseline -0.001 -13"><span class='ocrx_word' id='word_1_67' title='bbox 143 654 327 692; x_wconf 89' lang='lat' dir='ltr'>magnum</span> <span class='ocrx_word' id='word_1_68' title='bbox 347 655 471 692; x_wconf 85' lang='lat' dir='ltr'>neque</span> <span class='ocrx_word' id='word_1_69' title='bbox 490 654 650 692; x_wconf 86' lang='lat' dir='ltr'>parvum</span> <span class='ocrx_word' id='word_1_70' title='bbox 671 640 877 691; x_wconf 86' lang='lat' dir='ltr'>quicquam</span> <span class='ocrx_word' id='word_1_71' title='bbox 899 640 1003 690; x_wconf 88' lang='lat' dir='ltr'>quod</span> <span class='ocrx_word' id='word_1_72' title='bbox 1025 648 1178 691; x_wconf 84' lang='lat' dir='ltr'>oportet</span> <span class='ocrx_word' id='word_1_73' title='bbox 1195 640 1338 686; x_wconf 85' lang='lat' dir='ltr'>facitis,</span> <span class='ocrx_word' id='word_1_74' title='bbox 1360 653 1420 677; x_wconf 82' lang='lat' dir='ltr'>res</span> <span class='ocrx_word' id='word_1_75' title='bbox 1441 641 1541 678; x_wconf 90' lang='lat' dir='ltr'>male</span> <span class='ocrx_word' id='word_1_76' title='bbox 1562 653 1603 678; x_wconf 88' lang='lat' dir='ltr'>se</span> 
     </span>
     <span class='ocr_line' id='line_1_9' title="bbox 143 701 1605 754; baseline -0.001 -14"><span class='ocrx_word' id='word_1_77' title='bbox 143 702 302 750; x_wconf 90' lang='lat' dir='ltr'>habent,</span> <span class='ocrx_word' id='word_1_78' title='bbox 321 717 410 754; x_wconf 80' lang='lat' dir='ltr'>quae</span> <span class='ocrx_word' id='word_1_79' title='bbox 425 704 470 748; x_wconf 90' lang='lat' dir='ltr'>si,</span> <span class='ocrx_word' id='word_1_80' title='bbox 486 703 594 741; x_wconf 92' lang='lat' dir='ltr'>vobis</span> <span class='ocrx_word' id='word_1_81' title='bbox 610 702 788 740; x_wconf 85' lang='lat' dir='ltr'>omnibus</span> <span class='ocrx_word' id='word_1_82' title='bbox 804 701 927 740; x_wconf 90' lang='lat' dir='ltr'>officio</span> <span class='ocrx_word' id='word_1_83' title='bbox 939 702 1205 753; x_wconf 86' lang='lat' dir='ltr'>fungentibus,</span> <span class='ocrx_word' id='word_1_84' title='bbox 1222 702 1259 739; x_wconf 88' lang='lat' dir='ltr'>in</span> <span class='ocrx_word' id='word_1_85' title='bbox 1274 701 1449 739; x_wconf 88' lang='lat' dir='ltr'>hocloco</span> <span class='ocrx_word' id='word_1_86' title='bbox 1463 710 1605 747; x_wconf 85' lang='lat' dir='ltr'>essent,</span> 
     </span>
     <span class='ocr_line' id='line_1_10' title="bbox 144 762 1604 814; baseline -0.001 -14"><span class='ocrx_word' id='word_1_87' title='bbox 144 775 193 800; x_wconf 91' lang='lat' dir='ltr'>ne</span> <span class='ocrx_word' id='word_1_88' title='bbox 213 777 301 814; x_wconf 90' lang='lat' dir='ltr'>spes</span> <span class='ocrx_word' id='word_1_89' title='bbox 320 763 480 814; x_wconf 90' lang='lat' dir='ltr'>quidem</span> <span class='ocrx_word' id='word_1_90' title='bbox 499 764 776 814; x_wconf 81' lang='lat' dir='ltr'>relinqueretur</span> <span class='ocrx_word' id='word_1_91' title='bbox 797 776 862 801; x_wconf 85' lang='lat' dir='ltr'>eas</span> <span class='ocrx_word' id='word_1_92' title='bbox 883 763 963 801; x_wconf 88' lang='lat' dir='ltr'>fore</span> <span class='ocrx_word' id='word_1_93' title='bbox 984 763 1177 801; x_wconf 89' lang='lat' dir='ltr'>meliores.</span> <span class='ocrx_word' id='word_1_94' title='bbox 1237 763 1352 800; x_wconf 89' lang='lat' dir='ltr'>Nunc</span> <span class='ocrx_word' id='word_1_95' title='bbox 1387 762 1604 800; x_wconf 81' lang='lat' dir='ltr'>socordiam</span> 
     </span>
     <span class='ocr_line' id='line_1_11' title="bbox 142 823 1606 877; baseline -0.001 -15"><span class='ocrx_word' id='word_1_96' title='bbox 142 831 309 862; x_wconf 89' lang='lat' dir='ltr'>vestram</span> <span class='ocrx_word' id='word_1_97' title='bbox 324 832 363 863; x_wconf 91' lang='lat' dir='ltr'>et</span> <span class='ocrx_word' id='word_1_98' title='bbox 382 825 657 877; x_wconf 81' lang='lat' dir='ltr'>negligentiam</span> <span class='ocrx_word' id='word_1_99' title='bbox 676 825 870 876; x_wconf 89' lang='lat' dir='ltr'>superavit</span> <span class='ocrx_word' id='word_1_100' title='bbox 889 824 1107 875; x_wconf 86' lang='lat' dir='ltr'>Philippus,</span> <span class='ocrx_word' id='word_1_101' title='bbox 1131 823 1326 862; x_wconf 85' lang='lat' dir='ltr'>civitatem</span> <span class='ocrx_word' id='word_1_102' title='bbox 1346 836 1423 861; x_wconf 88' lang='lat' dir='ltr'>non</span> <span class='ocrx_word' id='word_1_103' title='bbox 1445 836 1606 875; x_wconf 84' lang='lat' dir='ltr'>supera-</span> 
     </span>
     <span class='ocr_line' id='line_1_12' title="bbox 143 885 1160 937; baseline -0.001 -13"><span class='ocrx_word' id='word_1_104' title='bbox 143 886 210 931; x_wconf 88' lang='lat' dir='ltr'>vit,</span> <span class='ocrx_word' id='word_1_105' title='bbox 230 899 357 937; x_wconf 90' lang='lat' dir='ltr'>neque</span> <span class='ocrx_word' id='word_1_106' title='bbox 371 887 462 926; x_wconf 90' lang='lat' dir='ltr'>victi</span> <span class='ocrx_word' id='word_1_107' title='bbox 481 900 563 933; x_wconf 86' lang='lat' dir='ltr'>vos,</span> <span class='ocrx_word' id='word_1_108' title='bbox 585 893 624 925; x_wconf 86' lang='lat' dir='ltr'>at</span> <span class='ocrx_word' id='word_1_109' title='bbox 641 886 815 924; x_wconf 86' lang='lat' dir='ltr'>nondum</span> <span class='ocrx_word' id='word_1_110' title='bbox 835 886 922 924; x_wconf 93' lang='lat' dir='ltr'>loco</span> <span class='ocrx_word' id='word_1_111' title='bbox 943 885 1037 923; x_wconf 89' lang='lat' dir='ltr'>moti</span> <span class='ocrx_word' id='word_1_112' title='bbox 1055 886 1160 923; x_wconf 89' lang='lat' dir='ltr'>estis.</span> 
     </span>
    </p>

    <p class='ocr_par' dir='ltr' id='par_1_3' title="bbox 139 946 1611 2974">
     <span class='ocr_line' id='line_1_13' title="bbox 197 946 1607 999; baseline 0 -15"><span class='ocrx_word' id='word_1_113' title='bbox 197 949 234 984; x_wconf 90' lang='lat'>3.</span> <span class='ocrx_word' id='word_1_114' title='bbox 265 948 380 991; x_wconf 88' lang='lat' dir='ltr'>Quod</span> <span class='ocrx_word' id='word_1_115' title='bbox 403 949 435 986; x_wconf 92' lang='lat' dir='ltr'>si</span> <span class='ocrx_word' id='word_1_116' title='bbox 466 962 600 986; x_wconf 88' lang='lat' dir='ltr'>omnes</span> <span class='ocrx_word' id='word_1_117' title='bbox 630 948 900 986; x_wconf 84' lang='lat' dir='ltr'>confiteremur</span> <span class='ocrx_word' id='word_1_118' title='bbox 931 946 1153 999; x_wconf 88' lang='lat' dir='ltr'>Philippum</span> <span class='ocrx_word' id='word_1_119' title='bbox 1181 961 1312 999; x_wconf 83' lang='lat' dir='ltr'>gerere</span> <span class='ocrx_word' id='word_1_120' title='bbox 1344 947 1487 985; x_wconf 89' lang='lat' dir='ltr'>bellum</span> <span class='ocrx_word' id='word_1_121' title='bbox 1518 960 1607 985; x_wconf 90' lang='lat' dir='ltr'>cum</span> 
     </span>
     <span class='ocr_line' id='line_1_14' title="bbox 143 1009 1608 1060; baseline 0 -14"><span class='ocrx_word' id='word_1_122' title='bbox 143 1021 222 1059; x_wconf 87' lang='lat' dir='ltr'>rep.</span> <span class='ocrx_word' id='word_1_123' title='bbox 242 1016 281 1047; x_wconf 91' lang='lat' dir='ltr'>et</span> <span class='ocrx_word' id='word_1_124' title='bbox 298 1022 434 1059; x_wconf 87' lang='lat' dir='ltr'>pacem</span> <span class='ocrx_word' id='word_1_125' title='bbox 452 1009 608 1053; x_wconf 87' lang='lat' dir='ltr'>violare,</span> <span class='ocrx_word' id='word_1_126' title='bbox 630 1009 724 1044; x_wconf 82' lang='lat' dir='ltr'>nihil</span> <span class='ocrx_word' id='word_1_127' title='bbox 744 1009 847 1047; x_wconf 88' lang='lat' dir='ltr'>aliud</span> <span class='ocrx_word' id='word_1_128' title='bbox 863 1015 1051 1046; x_wconf 88' lang='lat' dir='ltr'>oratorem</span> <span class='ocrx_word' id='word_1_129' title='bbox 1068 1010 1196 1047; x_wconf 89' lang='lat' dir='ltr'>dicere</span> <span class='ocrx_word' id='word_1_130' title='bbox 1216 1016 1255 1047; x_wconf 92' lang='lat' dir='ltr'>et</span> <span class='ocrx_word' id='word_1_131' title='bbox 1270 1009 1473 1047; x_wconf 89' lang='lat' dir='ltr'>consulere</span> <span class='ocrx_word' id='word_1_132' title='bbox 1493 1022 1608 1060; x_wconf 87' lang='lat' dir='ltr'>opor-</span> 
     </span>
     <span class='ocr_line' id='line_1_15' title="bbox 142 1069 1606 1122; baseline 0 -14"><span class='ocrx_word' id='word_1_133' title='bbox 142 1076 253 1117; x_wconf 85' lang='lat' dir='ltr'>teret,</span> <span class='ocrx_word' id='word_1_134' title='bbox 273 1084 389 1121; x_wconf 89' lang='lat' dir='ltr'>quam</span> <span class='ocrx_word' id='word_1_135' title='bbox 409 1084 485 1122; x_wconf 94' lang='lat' dir='ltr'>quo</span> <span class='ocrx_word' id='word_1_136' title='bbox 504 1077 619 1121; x_wconf 87' lang='lat' dir='ltr'>pacto</span> <span class='ocrx_word' id='word_1_137' title='bbox 639 1069 861 1121; x_wconf 87' lang='lat' dir='ltr'>Philippum</span> <span class='ocrx_word' id='word_1_138' title='bbox 877 1077 915 1108; x_wconf 89' lang='lat' dir='ltr'>et</span> <span class='ocrx_word' id='word_1_139' title='bbox 929 1070 1119 1109; x_wconf 88' lang='lat' dir='ltr'>tutissime</span> <span class='ocrx_word' id='word_1_140' title='bbox 1139 1079 1180 1110; x_wconf 88' lang='lat' dir='ltr'>et</span> <span class='ocrx_word' id='word_1_141' title='bbox 1199 1071 1378 1109; x_wconf 82' lang='lat' dir='ltr'>facillime</span> <span class='ocrx_word' id='word_1_142' title='bbox 1398 1070 1606 1108; x_wconf 89' lang='lat' dir='ltr'>ulciscere-</span> 
     </span>
     <span class='ocr_line' id='line_1_16' title="bbox 142 1131 1608 1183; baseline -0.001 -14"><span class='ocrx_word' id='word_1_143' title='bbox 142 1144 248 1169; x_wconf 87' lang='lat' dir='ltr'>mur:</span> <span class='ocrx_word' id='word_1_144' title='bbox 279 1145 366 1169; x_wconf 91' lang='lat' dir='ltr'>cum</span> <span class='ocrx_word' id='word_1_145' title='bbox 386 1139 512 1170; x_wconf 88' lang='lat' dir='ltr'>autem</span> <span class='ocrx_word' id='word_1_146' title='bbox 542 1145 597 1169; x_wconf 87' lang='lat' dir='ltr'>eae</span> <span class='ocrx_word' id='word_1_147' title='bbox 626 1131 703 1169; x_wconf 89' lang='lat' dir='ltr'>sint</span> <span class='ocrx_word' id='word_1_148' title='bbox 722 1132 965 1182; x_wconf 85' lang='lat' dir='ltr'>quorundam</span> <span class='ocrx_word' id='word_1_149' title='bbox 985 1133 1153 1183; x_wconf 74' lang='lat' dir='ltr'>ineptiae,</span> <span class='ocrx_word' id='word_1_150' title='bbox 1186 1139 1242 1178; x_wconf 86' lang='lat' dir='ltr'>ut,</span> <span class='ocrx_word' id='word_1_151' title='bbox 1262 1134 1374 1170; x_wconf 86' lang='lat' dir='ltr'>urbes</span> <span class='ocrx_word' id='word_1_152' title='bbox 1405 1133 1473 1170; x_wconf 91' lang='lat' dir='ltr'>illo</span> <span class='ocrx_word' id='word_1_153' title='bbox 1491 1145 1608 1170; x_wconf 91' lang='lat' dir='ltr'>occu-</span> 
     </span>
     <span class='ocr_line' id='line_1_17' title="bbox 141 1193 1609 1244; baseline 0.001 -14"><span class='ocrx_word' id='word_1_154' title='bbox 141 1199 258 1244; x_wconf 89' lang='lat' dir='ltr'>pante</span> <span class='ocrx_word' id='word_1_155' title='bbox 274 1199 313 1231; x_wconf 91' lang='lat' dir='ltr'>et</span> <span class='ocrx_word' id='word_1_156' title='bbox 330 1193 454 1230; x_wconf 87' lang='lat' dir='ltr'>multa</span> <span class='ocrx_word' id='word_1_157' title='bbox 473 1206 559 1243; x_wconf 78' lang='lat' dir='ltr'>quae</span> <span class='ocrx_word' id='word_1_158' title='bbox 579 1199 707 1230; x_wconf 89' lang='lat' dir='ltr'>vestra</span> <span class='ocrx_word' id='word_1_159' title='bbox 726 1200 817 1230; x_wconf 90' lang='lat' dir='ltr'>sunt</span> <span class='ocrx_word' id='word_1_160' title='bbox 845 1194 1044 1231; x_wconf 86' lang='lat' dir='ltr'>obtinente</span> <span class='ocrx_word' id='word_1_161' title='bbox 1061 1202 1099 1231; x_wconf 90' lang='lat' dir='ltr'>et</span> <span class='ocrx_word' id='word_1_162' title='bbox 1120 1207 1257 1232; x_wconf 90' lang='lat' dir='ltr'>omnes</span> <span class='ocrx_word' id='word_1_163' title='bbox 1278 1194 1458 1232; x_wconf 90' lang='lat' dir='ltr'>mortales</span> <span class='ocrx_word' id='word_1_164' title='bbox 1477 1194 1609 1244; x_wconf 85' lang='lat' dir='ltr'>exagi-</span> 
     </span>
     <span class='ocr_line' id='line_1_18' title="bbox 140 1254 1607 1306; baseline 0.001 -14"><span class='ocrx_word' id='word_1_165' title='bbox 140 1261 263 1301; x_wconf 86' lang='lat' dir='ltr'>tante,</span> <span class='ocrx_word' id='word_1_166' title='bbox 283 1256 474 1306; x_wconf 86' lang='lat' dir='ltr'>quosdam</span> <span class='ocrx_word' id='word_1_167' title='bbox 494 1254 620 1292; x_wconf 86' lang='lat' dir='ltr'>ferant</span> <span class='ocrx_word' id='word_1_168' title='bbox 647 1255 686 1292; x_wconf 88' lang='lat' dir='ltr'>in</span> <span class='ocrx_word' id='word_1_169' title='bbox 705 1255 960 1293; x_wconf 90' lang='lat' dir='ltr'>concionibus</span> <span class='ocrx_word' id='word_1_170' title='bbox 980 1256 1146 1294; x_wconf 83' lang='lat' dir='ltr'>subinde</span> <span class='ocrx_word' id='word_1_171' title='bbox 1165 1257 1402 1302; x_wconf 81' lang='lat' dir='ltr'>dictitantes,</span> <span class='ocrx_word' id='word_1_172' title='bbox 1430 1264 1607 1295; x_wconf 87' lang='lat' dir='ltr'>nostrum</span> 
     </span>
     <span class='ocr_line' id='line_1_19' title="bbox 140 1316 1610 1369; baseline 0.001 -15"><span class='ocrx_word' id='word_1_173' title='bbox 140 1329 227 1355; x_wconf 90' lang='lat' dir='ltr'>esse</span> <span class='ocrx_word' id='word_1_174' title='bbox 257 1317 450 1367; x_wconf 90' lang='lat' dir='ltr'>quosdam</span> <span class='ocrx_word' id='word_1_175' title='bbox 485 1317 551 1367; x_wconf 87' lang='lat' dir='ltr'>qui</span> <span class='ocrx_word' id='word_1_176' title='bbox 578 1316 723 1354; x_wconf 89' lang='lat' dir='ltr'>bellum</span> <span class='ocrx_word' id='word_1_177' title='bbox 744 1317 972 1364; x_wconf 81' lang='lat' dir='ltr'>excitemus,</span> <span class='ocrx_word' id='word_1_178' title='bbox 992 1325 1105 1356; x_wconf 91' lang='lat' dir='ltr'>caute</span> <span class='ocrx_word' id='word_1_179' title='bbox 1137 1319 1246 1356; x_wconf 88' lang='lat' dir='ltr'>nobis</span> <span class='ocrx_word' id='word_1_180' title='bbox 1274 1318 1468 1369; x_wconf 81' lang='lat' dir='ltr'>agendum</span> <span class='ocrx_word' id='word_1_181' title='bbox 1503 1325 1544 1356; x_wconf 90' lang='lat' dir='ltr'>et</span> <span class='ocrx_word' id='word_1_182' title='bbox 1561 1332 1610 1356; x_wconf 87' lang='lat' dir='ltr'>ea</span> 
     </span>
     <span class='ocr_line' id='line_1_20' title="bbox 140 1379 1610 1432; baseline 0.001 -15"><span class='ocrx_word' id='word_1_183' title='bbox 140 1379 270 1430; x_wconf 90' lang='lat' dir='ltr'>opinio</span> <span class='ocrx_word' id='word_1_184' title='bbox 286 1379 491 1417; x_wconf 87' lang='lat' dir='ltr'>refutanda</span> <span class='ocrx_word' id='word_1_185' title='bbox 510 1385 597 1423; x_wconf 88' lang='lat' dir='ltr'>est;</span> <span class='ocrx_word' id='word_1_186' title='bbox 628 1392 718 1417; x_wconf 91' lang='lat' dir='ltr'>cum</span> <span class='ocrx_word' id='word_1_187' title='bbox 735 1379 947 1417; x_wconf 84' lang='lat' dir='ltr'>verendum</span> <span class='ocrx_word' id='word_1_188' title='bbox 977 1380 1039 1427; x_wconf 92' lang='lat' dir='ltr'>sit,</span> <span class='ocrx_word' id='word_1_189' title='bbox 1060 1393 1109 1418; x_wconf 90' lang='lat' dir='ltr'>ne</span> <span class='ocrx_word' id='word_1_190' title='bbox 1132 1380 1231 1431; x_wconf 90' lang='lat' dir='ltr'>quis,</span> <span class='ocrx_word' id='word_1_191' title='bbox 1267 1380 1332 1418; x_wconf 91' lang='lat' dir='ltr'>ubi</span> <span class='ocrx_word' id='word_1_192' title='bbox 1363 1381 1558 1432; x_wconf 87' lang='lat' dir='ltr'>scripserit</span> <span class='ocrx_word' id='word_1_193' title='bbox 1571 1387 1610 1418; x_wconf 84' lang='lat' dir='ltr'>et</span> 
     </span>
     <span class='ocr_line' id='line_1_21' title="bbox 143 1440 1608 1492; baseline 0.001 -14"><span class='ocrx_word' id='word_1_194' title='bbox 143 1441 307 1479; x_wconf 88' lang='lat' dir='ltr'>suaserit</span> <span class='ocrx_word' id='word_1_195' title='bbox 337 1440 622 1492; x_wconf 89' lang='lat' dir='ltr'>propulsandas</span> <span class='ocrx_word' id='word_1_196' title='bbox 641 1454 728 1479; x_wconf 92' lang='lat' dir='ltr'>esse</span> <span class='ocrx_word' id='word_1_197' title='bbox 753 1441 925 1492; x_wconf 88' lang='lat' dir='ltr'>injurias,</span> <span class='ocrx_word' id='word_1_198' title='bbox 946 1441 985 1479; x_wconf 92' lang='lat' dir='ltr'>in</span> <span class='ocrx_word' id='word_1_199' title='bbox 1006 1441 1149 1479; x_wconf 86' lang='lat' dir='ltr'>crimen</span> <span class='ocrx_word' id='word_1_200' title='bbox 1169 1442 1326 1480; x_wconf 87' lang='lat' dir='ltr'>excitati</span> <span class='ocrx_word' id='word_1_201' title='bbox 1358 1442 1447 1479; x_wconf 85' lang='lat' dir='ltr'>belli</span> <span class='ocrx_word' id='word_1_202' title='bbox 1465 1442 1608 1480; x_wconf 86' lang='lat' dir='ltr'>veniat.</span> 
     </span>
     <span class='ocr_line' id='line_1_22' title="bbox 143 1502 1608 1556; baseline 0.001 -16"><span class='ocrx_word' id='word_1_203' title='bbox 143 1502 228 1553; x_wconf 89' lang='lat' dir='ltr'>Ego</span> <span class='ocrx_word' id='word_1_204' title='bbox 242 1502 318 1541; x_wconf 92' lang='lat' dir='ltr'>hoc</span> <span class='ocrx_word' id='word_1_205' title='bbox 332 1503 497 1554; x_wconf 90' lang='lat' dir='ltr'>primum</span> <span class='ocrx_word' id='word_1_206' title='bbox 511 1504 680 1541; x_wconf 90' lang='lat' dir='ltr'>omnium</span> <span class='ocrx_word' id='word_1_207' title='bbox 697 1509 825 1541; x_wconf 88' lang='lat' dir='ltr'>statuo</span> <span class='ocrx_word' id='word_1_208' title='bbox 841 1512 881 1541; x_wconf 90' lang='lat' dir='ltr'>et</span> <span class='ocrx_word' id='word_1_209' title='bbox 895 1503 1048 1549; x_wconf 87' lang='lat' dir='ltr'>definio,</span> <span class='ocrx_word' id='word_1_210' title='bbox 1063 1504 1162 1542; x_wconf 92' lang='lat' dir='ltr'>sitne</span> <span class='ocrx_word' id='word_1_211' title='bbox 1179 1504 1291 1542; x_wconf 88' lang='lat' dir='ltr'>nobis</span> <span class='ocrx_word' id='word_1_212' title='bbox 1306 1505 1498 1556; x_wconf 83' lang='lat' dir='ltr'>integrum</span> <span class='ocrx_word' id='word_1_213' title='bbox 1514 1518 1608 1543; x_wconf 88' lang='lat' dir='ltr'>con-</span> 
     </span>
     <span class='ocr_line' id='line_1_23' title="bbox 142 1564 1607 1617; baseline 0.001 -15"><span class='ocrx_word' id='word_1_214' title='bbox 142 1564 282 1610; x_wconf 92' lang='lat' dir='ltr'>sulere,</span> <span class='ocrx_word' id='word_1_215' title='bbox 295 1571 423 1602; x_wconf 90' lang='lat' dir='ltr'>utrum</span> <span class='ocrx_word' id='word_1_216' title='bbox 437 1578 573 1616; x_wconf 90' lang='lat' dir='ltr'>pacem</span> <span class='ocrx_word' id='word_1_217' title='bbox 589 1578 702 1615; x_wconf 89' lang='lat' dir='ltr'>agere</span> <span class='ocrx_word' id='word_1_218' title='bbox 717 1578 764 1602; x_wconf 90' lang='lat' dir='ltr'>an</span> <span class='ocrx_word' id='word_1_219' title='bbox 783 1578 914 1616; x_wconf 84' lang='lat' dir='ltr'>gerere</span> <span class='ocrx_word' id='word_1_220' title='bbox 933 1565 1077 1603; x_wconf 87' lang='lat' dir='ltr'>bellum</span> <span class='ocrx_word' id='word_1_221' title='bbox 1091 1572 1278 1617; x_wconf 86' lang='lat' dir='ltr'>oporteat.</span> <span class='ocrx_word' id='word_1_222' title='bbox 1323 1566 1364 1604; x_wconf 90' lang='lat' dir='ltr'>Si</span> <span class='ocrx_word' id='word_1_223' title='bbox 1383 1567 1498 1617; x_wconf 83' lang='lat' dir='ltr'>igitur</span> <span class='ocrx_word' id='word_1_224' title='bbox 1517 1567 1607 1604; x_wconf 84' lang='lat' dir='ltr'>civi-</span> 
     </span>
     <span class='ocr_line' id='line_1_24' title="bbox 142 1625 1608 1678; baseline 0.001 -14"><span class='ocrx_word' id='word_1_225' title='bbox 142 1626 213 1664; x_wconf 86' lang='lat' dir='ltr'>tati</span> <span class='ocrx_word' id='word_1_226' title='bbox 227 1625 343 1664; x_wconf 85' lang='lat' dir='ltr'>liceat</span> <span class='ocrx_word' id='word_1_227' title='bbox 358 1640 491 1677; x_wconf 85' lang='lat' dir='ltr'>pacem</span> <span class='ocrx_word' id='word_1_228' title='bbox 507 1640 622 1677; x_wconf 84' lang='lat' dir='ltr'>agere</span> <span class='ocrx_word' id='word_1_229' title='bbox 639 1633 678 1664; x_wconf 89' lang='lat' dir='ltr'>et</span> <span class='ocrx_word' id='word_1_230' title='bbox 691 1627 765 1664; x_wconf 91' lang='lat' dir='ltr'>hoc</span> <span class='ocrx_word' id='word_1_231' title='bbox 781 1627 892 1665; x_wconf 89' lang='lat' dir='ltr'>nobis</span> <span class='ocrx_word' id='word_1_232' title='bbox 904 1627 1098 1678; x_wconf 88' lang='lat' dir='ltr'>integrum</span> <span class='ocrx_word' id='word_1_233' title='bbox 1116 1627 1231 1674; x_wconf 89' lang='lat' dir='ltr'>sit,ut</span> <span class='ocrx_word' id='word_1_234' title='bbox 1245 1627 1334 1665; x_wconf 86' lang='lat' dir='ltr'>inde</span> <span class='ocrx_word' id='word_1_235' title='bbox 1348 1628 1486 1673; x_wconf 90' lang='lat' dir='ltr'>ordiar,</span> <span class='ocrx_word' id='word_1_236' title='bbox 1505 1629 1608 1665; x_wconf 88' lang='lat' dir='ltr'>affir-</span> 
     </span>
     <span class='ocr_line' id='line_1_25' title="bbox 142 1689 1611 1740; baseline 0.001 -15"><span class='ocrx_word' id='word_1_237' title='bbox 142 1701 206 1725; x_wconf 89' lang='lat' dir='ltr'>mo</span> <span class='ocrx_word' id='word_1_238' title='bbox 226 1701 299 1739; x_wconf 89' lang='lat' dir='ltr'>ego</span> <span class='ocrx_word' id='word_1_239' title='bbox 324 1701 459 1739; x_wconf 87' lang='lat' dir='ltr'>pacem</span> <span class='ocrx_word' id='word_1_240' title='bbox 479 1689 670 1739; x_wconf 80' lang='lat' dir='ltr'>agendam</span> <span class='ocrx_word' id='word_1_241' title='bbox 693 1702 776 1727; x_wconf 87' lang='lat' dir='ltr'>esse</span> <span class='ocrx_word' id='word_1_242' title='bbox 807 1690 930 1736; x_wconf 89' lang='lat' dir='ltr'>nobis,</span> <span class='ocrx_word' id='word_1_243' title='bbox 951 1695 992 1726; x_wconf 89' lang='lat' dir='ltr'>et</span> <span class='ocrx_word' id='word_1_244' title='bbox 1009 1689 1178 1740; x_wconf 89' lang='lat' dir='ltr'>postulo,</span> <span class='ocrx_word' id='word_1_245' title='bbox 1198 1696 1242 1727; x_wconf 91' lang='lat' dir='ltr'>ut</span> <span class='ocrx_word' id='word_1_246' title='bbox 1261 1689 1292 1726; x_wconf 90' lang='lat' dir='ltr'>is</span> <span class='ocrx_word' id='word_1_247' title='bbox 1312 1689 1377 1740; x_wconf 85' lang='lat' dir='ltr'>qui</span> <span class='ocrx_word' id='word_1_248' title='bbox 1396 1689 1482 1727; x_wconf 82' lang='lat' dir='ltr'>haec</span> <span class='ocrx_word' id='word_1_249' title='bbox 1501 1690 1611 1736; x_wconf 89' lang='lat' dir='ltr'>dicit,</span> 
     </span>
     <span class='ocr_line' id='line_1_26' title="bbox 143 1750 1607 1802; baseline 0.001 -13"><span class='ocrx_word' id='word_1_250' title='bbox 143 1752 342 1790; x_wconf 89' lang='lat' dir='ltr'>decretum</span> <span class='ocrx_word' id='word_1_251' title='bbox 368 1750 538 1800; x_wconf 83' lang='lat' dir='ltr'>proferat</span> <span class='ocrx_word' id='word_1_252' title='bbox 556 1764 714 1801; x_wconf 88' lang='lat' dir='ltr'>remque</span> <span class='ocrx_word' id='word_1_253' title='bbox 742 1751 918 1788; x_wconf 89' lang='lat' dir='ltr'>absolvat</span> <span class='ocrx_word' id='word_1_254' title='bbox 937 1758 976 1788; x_wconf 89' lang='lat' dir='ltr'>et</span> <span class='ocrx_word' id='word_1_255' title='bbox 1003 1764 1080 1788; x_wconf 88' lang='lat' dir='ltr'>non</span> <span class='ocrx_word' id='word_1_256' title='bbox 1112 1751 1376 1789; x_wconf 87' lang='lat' dir='ltr'>fraudulenter</span> <span class='ocrx_word' id='word_1_257' title='bbox 1403 1760 1516 1802; x_wconf 84' lang='lat' dir='ltr'>agat:</span> <span class='ocrx_word' id='word_1_258' title='bbox 1547 1753 1607 1790; x_wconf 83' lang='lat' dir='ltr'>sin</span> 
     </span>
     <span class='ocr_line' id='line_1_27' title="bbox 144 1812 1607 1863; baseline 0 -12"><span class='ocrx_word' id='word_1_259' title='bbox 144 1813 254 1859; x_wconf 86' lang='lat' dir='ltr'>alter,</span> <span class='ocrx_word' id='word_1_260' title='bbox 275 1827 362 1851; x_wconf 91' lang='lat' dir='ltr'>cum</span> <span class='ocrx_word' id='word_1_261' title='bbox 398 1826 504 1850; x_wconf 83' lang='lat' dir='ltr'>arma</span> <span class='ocrx_word' id='word_1_262' title='bbox 536 1813 575 1850; x_wconf 91' lang='lat' dir='ltr'>in</span> <span class='ocrx_word' id='word_1_263' title='bbox 605 1812 783 1851; x_wconf 88' lang='lat' dir='ltr'>manibus</span> <span class='ocrx_word' id='word_1_264' title='bbox 811 1812 955 1850; x_wconf 81' lang='lat' dir='ltr'>habeat</span> <span class='ocrx_word' id='word_1_265' title='bbox 983 1817 1021 1850; x_wconf 92' lang='lat' dir='ltr'>et</span> <span class='ocrx_word' id='word_1_266' title='bbox 1052 1826 1216 1863; x_wconf 87' lang='lat' dir='ltr'>magnas</span> <span class='ocrx_word' id='word_1_267' title='bbox 1246 1813 1378 1863; x_wconf 80' lang='lat' dir='ltr'>copias</span> <span class='ocrx_word' id='word_1_268' title='bbox 1414 1813 1518 1851; x_wconf 88' lang='lat' dir='ltr'>circa</span> <span class='ocrx_word' id='word_1_269' title='bbox 1549 1827 1607 1863; x_wconf 82' lang='lat' dir='ltr'>se,</span> 
     </span>
     <span class='ocr_line' id='line_1_28' title="bbox 141 1873 1607 1926; baseline -0.001 -13"><span class='ocrx_word' id='word_1_270' title='bbox 141 1888 284 1913; x_wconf 88' lang='lat' dir='ltr'>nomen</span> <span class='ocrx_word' id='word_1_271' title='bbox 304 1875 411 1926; x_wconf 88' lang='lat' dir='ltr'>pacis</span> <span class='ocrx_word' id='word_1_272' title='bbox 433 1874 540 1912; x_wconf 89' lang='lat' dir='ltr'>vobis</span> <span class='ocrx_word' id='word_1_273' title='bbox 561 1874 706 1925; x_wconf 88' lang='lat' dir='ltr'>objicit,</span> <span class='ocrx_word' id='word_1_274' title='bbox 721 1873 838 1912; x_wconf 88' lang='lat' dir='ltr'>factis</span> <span class='ocrx_word' id='word_1_275' title='bbox 858 1874 950 1911; x_wconf 91' lang='lat' dir='ltr'>belli</span> <span class='ocrx_word' id='word_1_276' title='bbox 970 1874 1051 1925; x_wconf 88' lang='lat' dir='ltr'>ipse</span> <span class='ocrx_word' id='word_1_277' title='bbox 1072 1875 1205 1920; x_wconf 87' lang='lat' dir='ltr'>utitur,</span> <span class='ocrx_word' id='word_1_278' title='bbox 1221 1873 1312 1924; x_wconf 90' lang='lat' dir='ltr'>quid</span> <span class='ocrx_word' id='word_1_279' title='bbox 1337 1874 1526 1924; x_wconf 86' lang='lat' dir='ltr'>reliquum</span> <span class='ocrx_word' id='word_1_280' title='bbox 1548 1882 1607 1912; x_wconf 90' lang='lat' dir='ltr'>est</span> 
     </span>
     <span class='ocr_line' id='line_1_29' title="bbox 141 1935 1606 1987; baseline 0 -13"><span class='ocrx_word' id='word_1_281' title='bbox 141 1936 246 1975; x_wconf 89' lang='lat' dir='ltr'>aliud</span> <span class='ocrx_word' id='word_1_282' title='bbox 265 1943 401 1987; x_wconf 85' lang='lat' dir='ltr'>praeter</span> <span class='ocrx_word' id='word_1_283' title='bbox 420 1935 630 1974; x_wconf 74' lang='lat' dir='ltr'>ultionem?</span> <span class='ocrx_word' id='word_1_284' title='bbox 686 1935 803 1978; x_wconf 82' lang='lat' dir='ltr'>Quod</span> <span class='ocrx_word' id='word_1_285' title='bbox 823 1936 855 1973; x_wconf 87' lang='lat' dir='ltr'>si</span> <span class='ocrx_word' id='word_1_286' title='bbox 884 1935 1050 1987; x_wconf 81' lang='lat' dir='ltr'>profiteri</span> <span class='ocrx_word' id='word_1_287' title='bbox 1068 1936 1196 1982; x_wconf 83' lang='lat' dir='ltr'>vultis,</span> <span class='ocrx_word' id='word_1_288' title='bbox 1217 1943 1261 1974; x_wconf 90' lang='lat' dir='ltr'>ut</span> <span class='ocrx_word' id='word_1_289' title='bbox 1282 1935 1360 1982; x_wconf 92' lang='lat' dir='ltr'>ille,</span> <span class='ocrx_word' id='word_1_290' title='bbox 1379 1949 1448 1974; x_wconf 90' lang='lat' dir='ltr'>vos</span> <span class='ocrx_word' id='word_1_291' title='bbox 1470 1949 1606 1986; x_wconf 89' lang='lat' dir='ltr'>pacem</span> 
     </span>
     <span class='ocr_line' id='line_1_30' title="bbox 144 1997 1607 2050; baseline 0 -14"><span class='ocrx_word' id='word_1_292' title='bbox 144 2011 272 2049; x_wconf 88' lang='lat' dir='ltr'>agere,</span> <span class='ocrx_word' id='word_1_293' title='bbox 294 2012 370 2037; x_wconf 91' lang='lat' dir='ltr'>non</span> <span class='ocrx_word' id='word_1_294' title='bbox 390 1998 577 2048; x_wconf 86' lang='lat' dir='ltr'>refragor.</span> <span class='ocrx_word' id='word_1_295' title='bbox 637 1997 678 2036; x_wconf 89' lang='lat' dir='ltr'>Si</span> <span class='ocrx_word' id='word_1_296' title='bbox 712 1997 797 2048; x_wconf 85' lang='lat' dir='ltr'>quis</span> <span class='ocrx_word' id='word_1_297' title='bbox 828 2005 958 2036; x_wconf 82' lang='lat' dir='ltr'>autem</span> <span class='ocrx_word' id='word_1_298' title='bbox 990 2012 1075 2036; x_wconf 91' lang='lat' dir='ltr'>eam</span> <span class='ocrx_word' id='word_1_299' title='bbox 1106 2012 1242 2050; x_wconf 88' lang='lat' dir='ltr'>pacem</span> <span class='ocrx_word' id='word_1_300' title='bbox 1275 2011 1360 2036; x_wconf 85' lang='lat' dir='ltr'>esse</span> <span class='ocrx_word' id='word_1_301' title='bbox 1392 2004 1518 2049; x_wconf 88' lang='lat' dir='ltr'>putat,</span> <span class='ocrx_word' id='word_1_302' title='bbox 1538 2012 1607 2050; x_wconf 92' lang='lat' dir='ltr'>per</span> 
     </span>
     <span class='ocr_line' id='line_1_31' title="bbox 142 2059 1609 2112; baseline 0.001 -16"><span class='ocrx_word' id='word_1_303' title='bbox 142 2072 257 2110; x_wconf 88' lang='lat' dir='ltr'>quam</span> <span class='ocrx_word' id='word_1_304' title='bbox 279 2060 355 2105; x_wconf 90' lang='lat' dir='ltr'>ille,</span> <span class='ocrx_word' id='word_1_305' title='bbox 375 2061 523 2098; x_wconf 81' lang='lat' dir='ltr'>caeteris</span> <span class='ocrx_word' id='word_1_306' title='bbox 554 2060 676 2110; x_wconf 85' lang='lat' dir='ltr'>captis</span> <span class='ocrx_word' id='word_1_307' title='bbox 708 2059 900 2106; x_wconf 87' lang='lat' dir='ltr'>omnibus,</span> <span class='ocrx_word' id='word_1_308' title='bbox 927 2067 1064 2098; x_wconf 88' lang='lat' dir='ltr'>contra</span> <span class='ocrx_word' id='word_1_309' title='bbox 1092 2074 1163 2098; x_wconf 88' lang='lat' dir='ltr'>nos</span> <span class='ocrx_word' id='word_1_310' title='bbox 1185 2067 1368 2098; x_wconf 86' lang='lat' dir='ltr'>venturus</span> <span class='ocrx_word' id='word_1_311' title='bbox 1388 2067 1459 2106; x_wconf 87' lang='lat' dir='ltr'>est,</span> <span class='ocrx_word' id='word_1_312' title='bbox 1479 2060 1512 2097; x_wconf 88' lang='lat' dir='ltr'>is</span> <span class='ocrx_word' id='word_1_313' title='bbox 1531 2061 1609 2112; x_wconf 89' lang='lat' dir='ltr'>pri-</span> 
     </span>
     <span class='ocr_line' id='line_1_32' title="bbox 143 2120 1608 2174; baseline 0.001 -15"><span class='ocrx_word' id='word_1_314' title='bbox 143 2135 248 2159; x_wconf 90' lang='lat' dir='ltr'>mum</span> <span class='ocrx_word' id='word_1_315' title='bbox 285 2121 441 2165; x_wconf 88' lang='lat' dir='ltr'>insanit,</span> <span class='ocrx_word' id='word_1_316' title='bbox 472 2120 614 2158; x_wconf 89' lang='lat' dir='ltr'>deinde</span> <span class='ocrx_word' id='word_1_317' title='bbox 644 2133 782 2170; x_wconf 87' lang='lat' dir='ltr'>pacem</span> <span class='ocrx_word' id='word_1_318' title='bbox 808 2127 975 2159; x_wconf 87' lang='lat' dir='ltr'>vestram</span> <span class='ocrx_word' id='word_1_319' title='bbox 1013 2135 1106 2172; x_wconf 83' lang='lat' dir='ltr'>erga</span> <span class='ocrx_word' id='word_1_320' title='bbox 1138 2122 1260 2168; x_wconf 90' lang='lat' dir='ltr'>illum,</span> <span class='ocrx_word' id='word_1_321' title='bbox 1295 2136 1374 2159; x_wconf 90' lang='lat' dir='ltr'>non</span> <span class='ocrx_word' id='word_1_322' title='bbox 1393 2123 1494 2161; x_wconf 90' lang='lat' dir='ltr'>illius</span> <span class='ocrx_word' id='word_1_323' title='bbox 1514 2137 1608 2174; x_wconf 85' lang='lat' dir='ltr'>erga</span> 
     </span>
     <span class='ocr_line' id='line_1_33' title="bbox 141 2182 1607 2234; baseline 0.002 -14"><span class='ocrx_word' id='word_1_324' title='bbox 141 2197 225 2226; x_wconf 88' lang='lat' dir='ltr'>vos,</span> <span class='ocrx_word' id='word_1_325' title='bbox 244 2188 543 2222; x_wconf 87' lang='lat' dir='ltr'>commemorat:</span> <span class='ocrx_word' id='word_1_326' title='bbox 575 2182 669 2220; x_wconf 90' lang='lat' dir='ltr'>illud</span> <span class='ocrx_word' id='word_1_327' title='bbox 689 2189 818 2220; x_wconf 88' lang='lat' dir='ltr'>autem</span> <span class='ocrx_word' id='word_1_328' title='bbox 838 2189 899 2220; x_wconf 82' lang='lat' dir='ltr'>est</span> <span class='ocrx_word' id='word_1_329' title='bbox 917 2183 1022 2233; x_wconf 89' lang='lat' dir='ltr'>quod</span> <span class='ocrx_word' id='word_1_330' title='bbox 1043 2183 1220 2222; x_wconf 85' lang='lat' dir='ltr'>omnibus</span> <span class='ocrx_word' id='word_1_331' title='bbox 1238 2184 1318 2221; x_wconf 85' lang='lat' dir='ltr'>suis</span> <span class='ocrx_word' id='word_1_332' title='bbox 1337 2184 1607 2234; x_wconf 86' lang='lat' dir='ltr'>largitionibus</span> 
     </span>
     <span class='ocr_line' id='line_1_34' title="bbox 142 2244 1606 2296; baseline 0.003 -14"><span class='ocrx_word' id='word_1_333' title='bbox 142 2244 346 2296; x_wconf 92' lang='lat' dir='ltr'>Philippus</span> <span class='ocrx_word' id='word_1_334' title='bbox 367 2251 572 2290; x_wconf 88' lang='lat' dir='ltr'>mercatur,</span> <span class='ocrx_word' id='word_1_335' title='bbox 600 2250 644 2282; x_wconf 86' lang='lat' dir='ltr'>ut</span> <span class='ocrx_word' id='word_1_336' title='bbox 677 2257 765 2282; x_wconf 91' lang='lat' dir='ltr'>cum</span> <span class='ocrx_word' id='word_1_337' title='bbox 799 2244 881 2295; x_wconf 89' lang='lat' dir='ltr'>ipse</span> <span class='ocrx_word' id='word_1_338' title='bbox 914 2244 1060 2282; x_wconf 90' lang='lat' dir='ltr'>bellum</span> <span class='ocrx_word' id='word_1_339' title='bbox 1087 2245 1285 2282; x_wconf 89' lang='lat' dir='ltr'>vobiscum</span> <span class='ocrx_word' id='word_1_340' title='bbox 1313 2252 1436 2296; x_wconf 85' lang='lat' dir='ltr'>gerat,</span> <span class='ocrx_word' id='word_1_341' title='bbox 1457 2248 1606 2286; x_wconf 88' lang='lat' dir='ltr'>avobis</span> 
     </span>
     <span class='ocr_line' id='line_1_35' title="bbox 139 2305 1605 2358; baseline 0.002 -14"><span class='ocrx_word' id='word_1_342' title='bbox 139 2307 242 2346; x_wconf 92' lang='lat' dir='ltr'>bello</span> <span class='ocrx_word' id='word_1_343' title='bbox 261 2321 339 2345; x_wconf 90' lang='lat' dir='ltr'>non</span> <span class='ocrx_word' id='word_1_344' title='bbox 357 2314 524 2358; x_wconf 86' lang='lat' dir='ltr'>petatur.</span> <span class='ocrx_word' id='word_1_345' title='bbox 581 2306 725 2344; x_wconf 89' lang='lat' dir='ltr'>Verum</span> <span class='ocrx_word' id='word_1_346' title='bbox 747 2305 779 2343; x_wconf 94' lang='lat' dir='ltr'>si</span> <span class='ocrx_word' id='word_1_347' title='bbox 801 2305 990 2356; x_wconf 85' lang='lat' dir='ltr'>tantisper</span> <span class='ocrx_word' id='word_1_348' title='bbox 1005 2306 1286 2351; x_wconf 86' lang='lat' dir='ltr'>cunctabimur,</span> <span class='ocrx_word' id='word_1_349' title='bbox 1308 2307 1399 2344; x_wconf 89' lang='lat' dir='ltr'>dum</span> <span class='ocrx_word' id='word_1_350' title='bbox 1422 2321 1463 2346; x_wconf 92' lang='lat' dir='ltr'>se</span> <span class='ocrx_word' id='word_1_351' title='bbox 1475 2309 1605 2347; x_wconf 87' lang='lat' dir='ltr'>nobis-</span> 
     </span>
     <span class='ocr_line' id='line_1_36' title="bbox 141 2367 1606 2420; baseline 0.001 -14"><span class='ocrx_word' id='word_1_352' title='bbox 141 2382 230 2407; x_wconf 91' lang='lat' dir='ltr'>cum</span> <span class='ocrx_word' id='word_1_353' title='bbox 248 2369 472 2420; x_wconf 88' lang='lat' dir='ltr'>belligerare</span> <span class='ocrx_word' id='word_1_354' title='bbox 486 2369 669 2414; x_wconf 90' lang='lat' dir='ltr'>fateatur,</span> <span class='ocrx_word' id='word_1_355' title='bbox 692 2367 832 2406; x_wconf 87' lang='lat' dir='ltr'>erimus</span> <span class='ocrx_word' id='word_1_356' title='bbox 853 2367 1025 2405; x_wconf 88' lang='lat' dir='ltr'>omnium</span> <span class='ocrx_word' id='word_1_357' title='bbox 1045 2367 1310 2407; x_wconf 86' lang='lat' dir='ltr'>stolidissimi:</span> <span class='ocrx_word' id='word_1_358' title='bbox 1341 2382 1468 2420; x_wconf 88' lang='lat' dir='ltr'>neque</span> <span class='ocrx_word' id='word_1_359' title='bbox 1488 2370 1606 2417; x_wconf 84' lang='lat' dir='ltr'>enirn,</span> 
     </span>
     <span class='ocr_line' id='line_1_37' title="bbox 141 2429 1605 2481; baseline 0.001 -13"><span class='ocrx_word' id='word_1_360' title='bbox 141 2431 296 2468; x_wconf 89' lang='lat' dir='ltr'>tametsi</span> <span class='ocrx_word' id='word_1_361' title='bbox 327 2431 497 2469; x_wconf 87' lang='lat' dir='ltr'>Atticam</span> <span class='ocrx_word' id='word_1_362' title='bbox 527 2431 651 2481; x_wconf 87' lang='lat' dir='ltr'>ipsam</span> <span class='ocrx_word' id='word_1_363' title='bbox 683 2429 866 2467; x_wconf 87' lang='lat' dir='ltr'>invaserit</span> <span class='ocrx_word' id='word_1_364' title='bbox 885 2436 923 2467; x_wconf 91' lang='lat' dir='ltr'>et</span> <span class='ocrx_word' id='word_1_365' title='bbox 955 2429 1139 2474; x_wconf 85' lang='lat' dir='ltr'>Piraeum,</span> <span class='ocrx_word' id='word_1_366' title='bbox 1174 2429 1248 2468; x_wconf 94' lang='lat' dir='ltr'>hoc</span> <span class='ocrx_word' id='word_1_367' title='bbox 1281 2431 1399 2477; x_wconf 75' lang='lat' dir='ltr'>d1cet‚</span> <span class='ocrx_word' id='word_1_368' title='bbox 1432 2432 1464 2469; x_wconf 86' lang='lat' dir='ltr'>si</span> <span class='ocrx_word' id='word_1_369' title='bbox 1492 2445 1539 2470; x_wconf 87' lang='lat' dir='ltr'>ex</span> <span class='ocrx_word' id='word_1_370' title='bbox 1560 2433 1605 2470; x_wconf 88' lang='lat' dir='ltr'>iis</span> 
     </span>
     <span class='ocr_line' id='line_1_38' title="bbox 143 2490 1604 2544; baseline 0.002 -16"><span class='ocrx_word' id='word_1_371' title='bbox 143 2504 231 2542; x_wconf 85' lang='lat' dir='ltr'>quae</span> <span class='ocrx_word' id='word_1_372' title='bbox 250 2491 288 2528; x_wconf 90' lang='lat' dir='ltr'>in</span> <span class='ocrx_word' id='word_1_373' title='bbox 309 2492 404 2530; x_wconf 89' lang='lat' dir='ltr'>alios</span> <span class='ocrx_word' id='word_1_374' title='bbox 425 2492 517 2530; x_wconf 89' lang='lat' dir='ltr'>fecit</span> <span class='ocrx_word' id='word_1_375' title='bbox 535 2492 760 2543; x_wconf 88' lang='lat' dir='ltr'>conjectura</span> <span class='ocrx_word' id='word_1_376' title='bbox 778 2490 970 2542; x_wconf 85' lang='lat' dir='ltr'>capienda</span> <span class='ocrx_word' id='word_1_377' title='bbox 984 2498 1057 2529; x_wconf 87' lang='lat' dir='ltr'>est.</span> <span class='ocrx_word' id='word_1_378' title='bbox 1118 2491 1182 2529; x_wconf 91' lang='lat' dir='ltr'>Sic</span> <span class='ocrx_word' id='word_1_379' title='bbox 1202 2492 1302 2530; x_wconf 89' lang='lat' dir='ltr'>enim</span> <span class='ocrx_word' id='word_1_380' title='bbox 1325 2500 1364 2530; x_wconf 84' lang='lat' dir='ltr'>et</span> <span class='ocrx_word' id='word_1_381' title='bbox 1392 2493 1604 2544; x_wconf 84' lang='lat' dir='ltr'>Olynthiis,</span> 
     </span>
     <span class='ocr_line' id='line_1_39' title="bbox 141 2552 1603 2605; baseline 0.001 -15"><span class='ocrx_word' id='word_1_382' title='bbox 141 2567 212 2590; x_wconf 79' lang='lat' dir='ltr'>uon</span> <span class='ocrx_word' id='word_1_383' title='bbox 244 2553 314 2590; x_wconf 77' lang='lat' dir='ltr'>m&#39;si</span> <span class='ocrx_word' id='word_1_384' title='bbox 345 2553 604 2605; x_wconf 87' lang='lat' dir='ltr'>quadraginta</span> <span class='ocrx_word' id='word_1_385' title='bbox 629 2553 677 2590; x_wconf 88' lang='lat' dir='ltr'>ab</span> <span class='ocrx_word' id='word_1_386' title='bbox 706 2553 803 2591; x_wconf 93' lang='lat' dir='ltr'>urbe</span> <span class='ocrx_word' id='word_1_387' title='bbox 841 2552 977 2591; x_wconf 89' lang='lat' dir='ltr'>stadiis</span> <span class='ocrx_word' id='word_1_388' title='bbox 1015 2553 1179 2599; x_wconf 89' lang='lat' dir='ltr'>distans,</span> <span class='ocrx_word' id='word_1_389' title='bbox 1211 2553 1346 2601; x_wconf 83' lang='lat' dir='ltr'>edixit,</span> <span class='ocrx_word' id='word_1_390' title='bbox 1376 2555 1603 2593; x_wconf 82' lang='lat' dir='ltr'>alterutrum</span> 
     </span>
     <span class='ocr_line' id='line_1_40' title="bbox 141 2614 1604 2667; baseline 0.001 -14"><span class='ocrx_word' id='word_1_391' title='bbox 141 2615 224 2653; x_wconf 90' lang='lat' dir='ltr'>fieri</span> <span class='ocrx_word' id='word_1_392' title='bbox 238 2622 430 2666; x_wconf 90' lang='lat' dir='ltr'>oportere,</span> <span class='ocrx_word' id='word_1_393' title='bbox 455 2616 517 2654; x_wconf 89' lang='lat' dir='ltr'>vel</span> <span class='ocrx_word' id='word_1_394' title='bbox 550 2614 724 2667; x_wconf 90' lang='lat' dir='ltr'>Olyntho</span> <span class='ocrx_word' id='word_1_395' title='bbox 756 2615 832 2652; x_wconf 88' lang='lat' dir='ltr'>illis</span> <span class='ocrx_word' id='word_1_396' title='bbox 853 2614 1126 2653; x_wconf 86' lang='lat' dir='ltr'>excedendum</span> <span class='ocrx_word' id='word_1_397' title='bbox 1155 2615 1216 2652; x_wconf 92' lang='lat' dir='ltr'>vel</span> <span class='ocrx_word' id='word_1_398' title='bbox 1246 2615 1318 2653; x_wconf 89' lang='lat' dir='ltr'>sibi</span> <span class='ocrx_word' id='word_1_399' title='bbox 1352 2616 1604 2662; x_wconf 88' lang='lat' dir='ltr'>Macedonia,</span> 
     </span>
     <span class='ocr_line' id='line_1_41' title="bbox 142 2675 1604 2728; baseline 0.001 -14"><span class='ocrx_word' id='word_1_400' title='bbox 142 2677 339 2728; x_wconf 90' lang='lat' dir='ltr'>superiore</span> <span class='ocrx_word' id='word_1_401' title='bbox 359 2677 462 2714; x_wconf 90' lang='lat' dir='ltr'>omni</span> <span class='ocrx_word' id='word_1_402' title='bbox 495 2683 680 2728; x_wconf 91' lang='lat' dir='ltr'>tempore,</span> <span class='ocrx_word' id='word_1_403' title='bbox 700 2677 732 2714; x_wconf 91' lang='lat' dir='ltr'>si</span> <span class='ocrx_word' id='word_1_404' title='bbox 751 2676 836 2727; x_wconf 89' lang='lat' dir='ltr'>quis</span> <span class='ocrx_word' id='word_1_405' title='bbox 857 2677 891 2715; x_wconf 91' lang='lat' dir='ltr'>ei</span> <span class='ocrx_word' id='word_1_406' title='bbox 909 2675 988 2715; x_wconf 84' lang='lat' dir='ltr'>tale</span> <span class='ocrx_word' id='word_1_407' title='bbox 1015 2676 1161 2727; x_wconf 88' lang='lat' dir='ltr'>aliquid</span> <span class='ocrx_word' id='word_1_408' title='bbox 1180 2676 1329 2714; x_wconf 84' lang='lat' dir='ltr'>crimini</span> <span class='ocrx_word' id='word_1_409' title='bbox 1350 2677 1473 2726; x_wconf 86' lang='lat' dir='ltr'>daret,</span> <span class='ocrx_word' id='word_1_410' title='bbox 1503 2676 1604 2715; x_wconf 82' lang='lat' dir='ltr'>indi-</span> 
     </span>
     <span class='ocr_line' id='line_1_42' title="bbox 143 2737 1605 2790; baseline -0.001 -13"><span class='ocrx_word' id='word_1_411' title='bbox 143 2745 330 2790; x_wconf 88' lang='lat' dir='ltr'>gnaturus</span> <span class='ocrx_word' id='word_1_412' title='bbox 347 2739 484 2775; x_wconf 81' lang='lat' dir='ltr'>scilicet</span> <span class='ocrx_word' id='word_1_413' title='bbox 501 2744 540 2776; x_wconf 87' lang='lat' dir='ltr'>et</span> <span class='ocrx_word' id='word_1_414' title='bbox 558 2738 710 2789; x_wconf 87' lang='lat' dir='ltr'>legatos</span> <span class='ocrx_word' id='word_1_415' title='bbox 729 2738 918 2776; x_wconf 85' lang='lat' dir='ltr'>missurus</span> <span class='ocrx_word' id='word_1_416' title='bbox 939 2738 1004 2788; x_wconf 88' lang='lat' dir='ltr'>qui</span> <span class='ocrx_word' id='word_1_417' title='bbox 1021 2750 1062 2775; x_wconf 91' lang='lat' dir='ltr'>se</span> <span class='ocrx_word' id='word_1_418' title='bbox 1079 2745 1334 2776; x_wconf 85' lang='lat' dir='ltr'>excusarent:</span> <span class='ocrx_word' id='word_1_419' title='bbox 1356 2738 1411 2775; x_wconf 87' lang='lat' dir='ltr'>sic</span> <span class='ocrx_word' id='word_1_420' title='bbox 1431 2737 1480 2775; x_wconf 88' lang='lat' dir='ltr'>ad</span> <span class='ocrx_word' id='word_1_421' title='bbox 1501 2737 1605 2776; x_wconf 91' lang='lat' dir='ltr'>Pho-</span> 
     </span>
     <span class='ocr_line' id='line_1_43' title="bbox 141 2799 1603 2851; baseline -0.001 -12"><span class='ocrx_word' id='word_1_422' title='bbox 141 2814 292 2847; x_wconf 87' lang='lat' dir='ltr'>censes,</span> <span class='ocrx_word' id='word_1_423' title='bbox 321 2807 505 2850; x_wconf 90' lang='lat' dir='ltr'>tanquam</span> <span class='ocrx_word' id='word_1_424' title='bbox 534 2799 584 2837; x_wconf 92' lang='lat' dir='ltr'>ad</span> <span class='ocrx_word' id='word_1_425' title='bbox 612 2799 751 2844; x_wconf 90' lang='lat' dir='ltr'>socios,</span> <span class='ocrx_word' id='word_1_426' title='bbox 781 2806 845 2838; x_wconf 87' lang='lat' dir='ltr'>est</span> <span class='ocrx_word' id='word_1_427' title='bbox 883 2800 1092 2851; x_wconf 90' lang='lat' dir='ltr'>profectus,</span> <span class='ocrx_word' id='word_1_428' title='bbox 1129 2806 1169 2837; x_wconf 90' lang='lat' dir='ltr'>et</span> <span class='ocrx_word' id='word_1_429' title='bbox 1196 2800 1314 2849; x_wconf 88' lang='lat' dir='ltr'>legati</span> <span class='ocrx_word' id='word_1_430' title='bbox 1345 2799 1603 2838; x_wconf 88' lang='lat' dir='ltr'>Phocensium</span> 
     </span>
     <span class='ocr_line' id='line_1_44' title="bbox 142 2861 1606 2914; baseline 0 -13"><span class='ocrx_word' id='word_1_431' title='bbox 142 2876 231 2901; x_wconf 89' lang='lat' dir='ltr'>eum</span> <span class='ocrx_word' id='word_1_432' title='bbox 281 2862 591 2914; x_wconf 88' lang='lat' dir='ltr'>proficiscentem</span> <span class='ocrx_word' id='word_1_433' title='bbox 635 2861 932 2909; x_wconf 88' lang='lat' dir='ltr'>comitabantur,</span> <span class='ocrx_word' id='word_1_434' title='bbox 979 2868 1018 2900; x_wconf 89' lang='lat' dir='ltr'>et</span> <span class='ocrx_word' id='word_1_435' title='bbox 1055 2861 1158 2912; x_wconf 89' lang='lat' dir='ltr'>apud</span> <span class='ocrx_word' id='word_1_436' title='bbox 1192 2874 1262 2898; x_wconf 88' lang='lat' dir='ltr'>nos</span> <span class='ocrx_word' id='word_1_437' title='bbox 1296 2861 1406 2898; x_wconf 90' lang='lat' dir='ltr'>multi</span> <span class='ocrx_word' id='word_1_438' title='bbox 1442 2869 1606 2901; x_wconf 90' lang='lat' dir='ltr'>conten-</span> 
     </span>
     <span class='ocr_line' id='line_1_45' title="bbox 139 2923 1610 2974; baseline 0.001 -12"><span class='ocrx_word' id='word_1_439' title='bbox 139 2924 296 2971; x_wconf 83' lang='lat' dir='ltr'>debant,</span> <span class='ocrx_word' id='word_1_440' title='bbox 333 2926 416 2973; x_wconf 80' lang='lat' dir='ltr'>ejus</span> <span class='ocrx_word' id='word_1_441' title='bbox 463 2923 678 2974; x_wconf 84' lang='lat' dir='ltr'>ingressum</span> <span class='ocrx_word' id='word_1_442' title='bbox 710 2936 789 2962; x_wconf 88' lang='lat' dir='ltr'>non</span> <span class='ocrx_word' id='word_1_443' title='bbox 827 2937 849 2962; x_wconf 90' lang='lat' dir='ltr'>e</span> <span class='ocrx_word' id='word_1_444' title='bbox 886 2937 926 2962; x_wconf 88' lang='lat' dir='ltr'>re</span> <span class='ocrx_word' id='word_1_445' title='bbox 957 2923 1038 2962; x_wconf 86' lang='lat' dir='ltr'>fore</span> <span class='ocrx_word' id='word_1_446' title='bbox 1068 2923 1358 2961; x_wconf 79' lang='lat' dir='ltr'>Thebanorum.</span> <span class='ocrx_word' id='word_1_447' title='bbox 1427 2924 1529 2966; x_wconf 83' lang='lat' dir='ltr'>Quin</span> <span class='ocrx_word' id='word_1_448' title='bbox 1567 2933 1610 2964; x_wconf 84' lang='lat' dir='ltr'>et</span> 
     </span>
    </p>
   </div>
  </div>
 </body>
</html>
