1923 3149
275 93 324 129 64
671 88 876 128 ORATIO
908 91 981 129 DE
1012 92 1316 130 HALONESO.

271 206 347 230 non
368 199 677 243 corrumpentur:
709 205 834 231 nonne
854 206 936 240 vos,
955 195 985 232 si
1004 195 1087 233 haec
1104 194 1327 240 admittatis,
1340 193 1515 232 omnibus
1533 193 1570 230 in
1590 192 1711 231 conti-

267 260 380 290 nente
400 253 534 291 ceditis
554 253 634 291 sine
657 253 735 292 ulla
767 256 1037 300 controversia,
1066 263 1105 293 et
1124 254 1347 292 mortalibus
1368 255 1554 292 universis
1580 259 1711 292 osten-

267 315 371 360 ditis,
391 327 456 352 vos
478 305 546 365 pro
574 315 682 353 nulla
698 328 738 353 re
758 329 929 366 pugnam
959 317 1132 354 cumillo
1152 322 1416 367 suscepturos,
1437 316 1622 366 siquidem
1641 327 1712 365 pro

269 375 426 426 imperio
446 375 574 422 maris,
590 376 627 413 in
648 389 724 426 quo
744 390 813 415 vos
833 383 1009 428 potentes
1028 390 1112 415 esse
1133 376 1360 427 gloriamini,
1382 390 1457 414 non
1477 375 1714 427 pugnabitis,

271 437 338 474 sed
359 437 587 475 sententiam
600 437 744 488 judicis
764 438 1065 489 exspectabitis?

325 500 362 536 3.
391 498 480 536 Jam
500 498 603 548 quod
625 498 674 536 ad
694 506 809 550 pacta
835 506 873 537 et
897 506 1086 538 conventa
1109 498 1260 544 attinet,
1291 513 1331 538 se
1357 498 1545 550 quosdam
1571 498 1716 535 misisse

269 558 321 597 ait
340 559 405 610 qui
424 573 470 597 ea
487 560 684 597 vobiscum
704 559 880 598 facienda
898 561 1065 599 curaturi
1087 560 1182 604 sint;
1211 573 1270 598 res
1285 567 1414 599 autem
1433 560 1581 598 futuras
1602 565 1717 604 ratas,

268 632 345 657 non
360 621 424 657 ubi
443 620 482 657 in
497 626 624 657 vestra
642 620 748 658 curia
759 621 896 660 decisae
916 622 1068 668 fuerint,
1089 620 1416 672 quemadmodum
1432 621 1493 658 lex
1507 619 1631 671 jubet,
1648 618 1717 656 sed

268 694 386 731 quum
407 681 456 718 ad
477 694 517 719 se
536 680 677 718 fuerint
695 682 841 732 relatae,
860 689 1027 721 vestram
1051 683 1221 734 ipsorum
1248 683 1508 734 cognitionem
1533 681 1583 719 ad
1609 693 1719 718 suam

269 742 388 792 ipsius
410 741 677 780 auctoritatem
697 743 875 782 referens.
933 745 1033 782 Nam
1053 745 1128 783 hoc
1147 745 1254 783 vobis
1279 745 1488 796 praecipere
1509 743 1603 789 vult,
1623 749 1662 780 et
1680 743 1719 780 in

269 802 468 840 conventis
487 815 555 853 pro
573 803 748 842 confesso
768 811 950 850 statuere,
973 819 1014 843 se
1033 805 1082 843 de
1101 806 1214 843 sactis
1233 806 1272 843 in
1289 805 1464 842 Potidaea
1479 805 1623 853 injuriis
1643 817 1721 842 non

269 864 440 901 accusari
459 876 482 901 a
498 863 604 900 vobis
635 864 796 914 injuriae,
824 866 893 902 sed
914 866 1009 902 illud
1035 866 1249 903 confirmari
1265 869 1352 914 jure
1372 879 1413 903 se
1439 878 1522 903 eam
1543 871 1583 903 et
1606 877 1723 902 occu-

268 937 383 975 passe
401 931 440 962 et
457 930 602 962 tenere.
657 926 774 974 Atqui
794 932 984 975 quotquot
1002 925 1258 963 Athenienses
1279 925 1463 963 Potidaeae
1483 926 1722 973 habitarunt,

270 997 492 1036 quanquam
517 985 570 1022 eis
588 999 676 1023 curn
696 984 872 1036 Philippo
890 998 967 1023 non
987 992 1069 1022 erat
1083 985 1243 1031 bellum,
1264 985 1332 1023 sed
1353 986 1530 1032 societas,
1551 993 1590 1024 et
1608 987 1725 1025 inter-

266 1052 436 1083 cesserat
457 1046 740 1096 jusjurandum,
775 1046 968 1098 fidemque
1000 1046 1203 1098 Philippus
1238 1046 1424 1085 Potidaeae
1455 1047 1721 1086 habitantibus

270 1107 444 1153 dederat,
462 1114 591 1146 tamen
610 1107 859 1146 facultatibus
879 1108 958 1146 suis
983 1108 1030 1146 ab
1050 1121 1095 1146 eo
1116 1108 1268 1159 spoliati
1297 1116 1400 1146 sunt.
1458 1108 1635 1148 Postulat
1653 1110 1725 1160 igi-

272 1175 333 1207 tur
350 1169 423 1207 hoc
443 1176 488 1207 ut
506 1169 553 1208 ab
581 1169 684 1208 omni
713 1176 821 1221 parte
849 1170 1096 1216 confirmetis,
1123 1183 1164 1208 se
1189 1170 1236 1208 de
1264 1169 1371 1208 hisce
1397 1170 1618 1209 criminibus
1646 1183 1726 1209 non

273 1230 448 1268 accusari
473 1244 495 1269 a
520 1232 644 1279 vobis,
670 1238 710 1269 et
740 1230 854 1269 nullis
887 1231 1045 1270 affectos
1076 1245 1159 1270 esse
1186 1245 1255 1271 vos
1289 1231 1431 1280 injuriis
1457 1231 1726 1282 profiteamini.

275 1291 377 1329 Nam
404 1291 684 1331 Macedonibus
708 1292 802 1330 nihil
831 1293 986 1330 omnino
1006 1305 1102 1344 opus
1126 1306 1211 1331 esse
1234 1293 1434 1331 conventis
1450 1305 1544 1343 erga
1563 1292 1725 1330 Atheni-

272 1365 397 1398 enses,
417 1353 647 1404 praeteritum
668 1361 819 1405 tempus
840 1353 1009 1391 evidenti
1027 1354 1134 1392 vobis
1154 1361 1380 1406 argumento
1401 1353 1462 1392 sit.
1520 1353 1603 1391 Nee
1624 1354 1727 1391 enim

273 1414 334 1451 vel
356 1415 546 1466 Amyntas
564 1415 731 1466 Philippi
752 1421 871 1466 pater,
890 1415 951 1453 vel
980 1415 1116 1465 reliqui
1149 1415 1397 1453 Macedoniae
1417 1428 1528 1465 reges
1550 1428 1639 1452 cum
1659 1427 1729 1452 no-

276 1483 354 1514 stra
381 1477 535 1515 civitate
562 1484 752 1515 conventa
772 1490 943 1528 unquam
965 1476 1154 1524 fecerunt,
1173 1477 1348 1528 quamvis
1372 1477 1482 1528 plura
1503 1484 1596 1515 tunc
1624 1489 1728 1514 com-

274 1538 416 1576 mercia
436 1552 549 1590 quam
569 1552 673 1576 nunc
690 1539 788 1577 inter
806 1552 876 1577 nos
893 1546 1027 1577 mutuo
1046 1539 1286 1577 exsisterent.
1336 1537 1439 1575 Nam
1457 1545 1603 1577 nostrae
1622 1545 1731 1590 pote-

273 1601 361 1638 stati
381 1601 537 1638 subdita
551 1607 632 1639 erat
645 1600 891 1647 Macedonia,
911 1607 950 1639 et
968 1601 1111 1638 tributa
1128 1600 1240 1638 nobis
1255 1599 1464 1651 pendebat,
1485 1607 1524 1638 et
1541 1601 1730 1651 portubus

276 1662 368 1698 tunc
387 1662 510 1712 magis
532 1675 646 1713 quam
660 1675 765 1700 nunc
785 1668 862 1699 tam
876 1674 946 1699 nos
965 1661 1115 1699 illorum
1130 1675 1245 1712 quam
1264 1661 1339 1712 ipsi
1354 1660 1494 1698 nostris
1509 1662 1734 1707 utebantur,

275 1722 474 1773 etjudicia
492 1730 791 1760 mercaturarum
807 1736 887 1760 non
902 1729 1011 1760 erant
1030 1723 1086 1760 sic
1105 1728 1288 1760 accurata
1305 1729 1349 1758 ut
1367 1721 1505 1765 hodie3
1536 1735 1622 1772 quae
1641 1722 1733 1772 quia

279 1782 439 1833 singulis
458 1783 655 1822 mensibus
676 1790 917 1830 exercentur,
937 1783 1111 1821 efficiunt
1137 1790 1192 1829 ut,
1213 1790 1320 1820 tanto
1341 1783 1512 1821 locorum
1532 1783 1731 1822 intervallo

279 1845 454 1895 sejuncti,
475 1845 671 1883 conventis
700 1844 793 1882 nihil
815 1844 1082 1895 ¹indigeamus.
1140 1844 1220 1882 Sed
1240 1851 1382 1890 tamen,
1402 1857 1521 1894 quum
1540 1844 1615 1881 illis
1635 1851 1732 1882 tem-

278 1905 433 1956 poribus
453 1906 532 1944 tale
553 1906 645 1943 nihil
665 1906 702 1943 in
721 1920 795 1943 usu
815 1912 928 1952 esset,
948 1918 1025 1942 non
1045 1905 1288 1956 expediebat,
1310 1904 1419 1942 factis
1441 1905 1657 1950 conventis,
1682 1905 1732 1943 ad

270 1966 361 2017 jura
376 1967 542 2018 petenda
554 1966 614 2004 vel
629 1979 676 2004 ex
692 1966 923 2004 Macedonia
937 1966 1124 2012 Athenas,
1146 1966 1207 2003 vel
1222 1965 1383 2003 Athenis
1402 1965 1440 2002 in
1457 1966 1734 2005 Macedoniam

278 2028 470 2080 navigari3
499 2029 569 2066 sed
582 2034 626 2065 ut
640 2041 710 2066 nos
723 2028 886 2072 illorum,
904 2028 959 2066 sic
972 2028 1024 2066 illi
1041 2027 1183 2066 nostris
1202 2027 1385 2065 institutis
1399 2033 1437 2065 et
1459 2027 1608 2078 legibus
1626 2028 1732 2079 judi-

280 2090 358 2128 cari
377 2090 656 2128 controversias
677 2090 935 2140 patiebantur.
985 2089 1130 2128 Scitote
1150 2089 1280 2139 itaque
1292 2088 1367 2126 ista
1380 2094 1573 2126 conventa
1591 2089 1672 2127 fieri
1691 2096 1736 2128 ut

279 2151 387 2190 vobis
402 2152 583 2202 deinceps
600 2150 745 2188 nullam
762 2164 847 2190 esse
867 2163 1025 2189 causam
1039 2148 1467 2201 probabilemPotidaeae
1485 2148 1732 2188 vindicandae

281 2213 517 2251 concedatis.

335 2277 373 2311 4.
403 2274 457 2311 At
483 2274 531 2312 de
550 2273 798 2324 praedonibus
825 2286 979 2323 aequum
1007 2285 1093 2310 esse
1114 2271 1167 2310 ait
1191 2278 1236 2309 ut
1263 2270 1328 2321 qui
1347 2270 1544 2321 piraticam
1574 2270 1614 2308 in
1642 2271 1737 2310 mari

282 2342 474 2380 exercent,
496 2348 518 2372 a
541 2335 647 2372 vobis
678 2341 717 2372 et
742 2347 765 2372 a
794 2347 835 2372 se
866 2334 1118 2372 communiter
1135 2333 1342 2384 pellantur,
1363 2344 1439 2370 non
1467 2331 1571 2370 aliud
1600 2344 1737 2384 nempe

282 2408 397 2446 quam
416 2396 490 2433 hoc
515 2395 713 2446 postulans
733 2402 774 2432 ut
796 2394 866 2431 sibi
887 2408 909 2432 a
927 2394 1032 2432 vobis
1059 2394 1234 2431 tradatur
1253 2393 1366 2430 maris
1387 2392 1599 2444 imperium,
1618 2399 1738 2445 utque

285 2456 542 2495 confiteamini
562 2469 628 2494 vos
649 2456 729 2494 sine
755 2455 934 2506 Philippo
955 2467 1081 2506 neque
1101 2467 1204 2493 mare
1224 2454 1321 2492 tueri
1342 2461 1381 2492 et
1395 2454 1591 2492 custodire
1610 2467 1738 2505 posse.

284 2519 397 2556 Hanc
419 2519 535 2556 etiam
554 2518 625 2555 sibi
645 2517 726 2555 dari
746 2517 829 2554 vult
848 2517 1057 2563 licentiam,
1076 2522 1119 2553 ut
1149 2528 1393 2567 quocumque
1421 2516 1606 2567 navigans
1622 2522 1660 2554 et
1681 2517 1737 2554 in-

284 2580 387 2618 sulas
407 2581 578 2618 invectus
598 2593 664 2631 per
680 2579 846 2630 speciem
864 2579 1019 2618 arcendi
1045 2579 1263 2629 praedones,
1291 2578 1477 2617 insulares
1506 2586 1736 2630 corrumpat,

284 2647 322 2678 et
341 2654 364 2679 a
382 2642 489 2679 vobis
519 2641 670 2686 alienet,
690 2653 760 2678 nec
781 2640 906 2678 solum
928 2639 1206 2678 Macedonicos
1223 2640 1374 2678 exsules
1395 2654 1462 2692 per
1487 2641 1736 2691 imperatores

286 2709 434 2741 vestros
461 2709 693 2754 transportet
721 2702 902 2747 Thasum,
926 2701 993 2740 sed
1022 2709 1060 2740 et
1091 2700 1254 2751 reliquas
1282 2701 1352 2740 sibi
1380 2701 1547 2740 vindicet
1575 2701 1734 2748 insulas,

823 2822 827 2838 ¹
858 2819 1025 2858 indigeant.
1071 2819 1189 2849 W'orr.
