1923 3149
256 147 333 183 200
806 145 878 183 DE
909 144 1149 184 CORONA.

255 256 322 284 ret.
381 246 480 284 Nam
512 246 545 283 si
572 245 656 285 haec
688 248 783 285 citra
814 255 1007 286 certarnen
1040 246 1274 292 tradidisset,
1294 258 1365 296 pro
1395 246 1532 296 quibus
1559 246 1705 284 nullum

256 321 333 345 non
353 307 562 358 periculum
585 308 746 360 majores
780 309 899 347 nostri
933 309 1152 354 subiissent,
1174 308 1259 360 quis
1281 320 1355 345 non
1377 313 1414 345 te
1444 315 1705 358 consputaret,

254 369 450 406 AEschine?
479 370 578 407 absit
611 370 710 408 enim
743 378 786 408 ut
818 371 1010 409 civitatem
1045 370 1183 415 dicam,
1217 376 1284 406 aut
1313 381 1387 406 me.
1444 369 1594 411 Quibus
1614 383 1704 408 vero

251 429 374 467 oculis
394 443 463 481 pro
482 430 655 481 Jupiter!
678 431 850 468 homines
867 432 1096 469 intueremur
1117 431 1181 480 qui
1202 431 1240 468 in
1261 429 1361 467 hanc
1373 431 1504 467 urbem
1521 430 1705 476 venirent,

252 491 284 528 si
303 491 412 529 resin
433 504 519 528 eum
534 504 609 541 quo
630 505 734 529 nunc
755 499 847 530 sunt
865 492 991 530 locum
1007 492 1269 537 devenissent,
1289 504 1333 528 ac
1354 491 1432 527 dux
1451 490 1706 541 dominusque

251 552 420 590 omnium
453 553 747 590 constitueretur
780 553 993 604 Philippus,
1026 553 1312 591 contentionem
1343 560 1470 590 autem
1489 551 1573 589 haec
1594 558 1637 589 ut
1656 564 1704 590 ne

251 614 387 652 fierent
401 614 463 652 alii
489 614 568 651 sine
589 614 698 651 nobis
720 613 916 653 iniissent!
935 615 1050 665 idque
1069 628 1155 652 curn
1176 615 1258 652 haec
1276 614 1407 652 civitas
1426 626 1623 663 nunquam
1641 627 1704 651 su-

249 675 385 726 periori
406 682 574 725 ternpore
603 674 849 713 securitatem
875 675 1077 727 ingloriam
1109 676 1230 727 pluris
1259 688 1373 725 quam
1401 675 1615 726 periculum
1636 687 1704 725 pro

250 737 362 774 rebus
380 736 552 774 honestis
571 743 797 787 susceptum
818 737 962 775 fecerit.
1019 737 1113 779 Quis
1135 738 1235 775 enim
1255 736 1493 782 Graeeorum,
1512 736 1596 787 quis
1616 737 1703 774 bar-

249 799 429 835 barorum
447 797 585 842 nescit,
605 804 645 835 et
662 797 867 836 Thebanos
882 798 1023 849 quique
1046 806 1133 836 ante
1153 811 1220 837 eos
1239 798 1436 848 pollebant
1458 797 1704 836 Lacedaemo-

248 859 331 897 nios
345 865 383 897 et
401 858 525 910 ipsum
545 857 752 896 Persarum
771 872 901 910 regem
921 859 1045 897 multa
1064 873 1151 897 cum
1173 860 1295 910 gratia
1314 859 1409 897 illud
1428 858 1592 896 libenter
1610 859 1702 896 civi-

249 920 320 958 tati
339 927 479 958 nostrae
511 920 628 957 fuisse
650 933 921 967 concessuros,
950 927 994 958 ut
1023 920 1209 971 quicquid
1226 920 1344 957 vellet
1364 921 1558 970 acciperet
1576 927 1613 957 et
1633 932 1704 957 sua

247 981 441 1027 retineret,
462 981 493 1018 si
512 981 628 1019 modo
647 981 805 1032 imperio
821 982 1099 1032 obsequeretur
1119 981 1357 1030 alterumque
1378 979 1543 1018 Graeciae
1561 980 1702 1031 princi-

246 1050 339 1094 patu
358 1043 470 1094 potiri
489 1042 641 1080 sineret.
698 1043 842 1080 Verum
862 1043 1056 1080 enimvero
1075 1055 1153 1080 non
1174 1048 1284 1080 erant
1299 1042 1384 1079 haec
1403 1041 1703 1080 Atheniensibus

245 1104 377 1156 priscis
399 1104 500 1142 avita
518 1116 644 1154 neque
665 1103 824 1141 ferenda
841 1116 966 1154 neque
985 1103 1112 1149 insita,
1133 1116 1258 1154 neque
1276 1103 1402 1155 potuit
1426 1104 1474 1140 ab
1495 1103 1597 1140 omni
1617 1116 1702 1141 aevo

245 1167 446 1217 quisquam
477 1178 650 1216 unquam
679 1165 897 1216 reipublicae
926 1165 1157 1216 persuadere
1179 1171 1219 1202 ut
1238 1165 1469 1215 potentibus,
1490 1164 1700 1215 iisdemque

244 1228 373 1278 iniqua
390 1227 633 1272 facientibus,
655 1227 841 1264 addicens
872 1240 913 1264 se
940 1233 1022 1264 tuto
1051 1227 1220 1272 serviret,
1241 1225 1332 1277 quin
1352 1238 1420 1277 per
1438 1238 1591 1263 omnem
1608 1232 1700 1263 aeta-

244 1296 322 1327 tem
353 1289 401 1326 de
433 1288 649 1339 principatu
682 1288 907 1339 honoreque
941 1295 980 1326 et
1011 1289 1133 1339 gloria
1160 1287 1373 1325 decertavit
1402 1294 1441 1325 et
1460 1287 1499 1324 in
1518 1287 1698 1338 periculis

243 1357 396 1388 versata
414 1358 485 1388 est.
542 1350 668 1400 Atque
699 1349 783 1387 haec
813 1356 892 1387 tam
923 1349 1141 1400 splendida,
1162 1355 1241 1386 tam
1260 1349 1395 1386 vestris
1415 1348 1584 1386 moribus
1606 1361 1700 1386 con-

243 1419 431 1451 sentanea
449 1425 534 1450 esse
549 1412 767 1463 judicastis,
788 1418 832 1449 ut
850 1412 1012 1462 majores
1027 1419 1194 1455 nostros,
1210 1424 1275 1449 eos
1291 1411 1355 1462 qui
1375 1411 1460 1448 haee
1481 1418 1698 1461 gesserunt,

244 1475 420 1512 maximis
453 1474 632 1511 laudibus
659 1473 840 1511 efferatis.
900 1473 1037 1523 Neque
1071 1473 1222 1524 injuria.
1280 1472 1375 1515 Quis
1398 1472 1500 1509 enirn
1521 1472 1698 1510 virtutem

240 1537 393 1574 illorum
412 1535 574 1573 virorum
592 1548 669 1573 non
690 1535 910 1580 admiretur,
931 1534 996 1585 qui
1015 1534 1147 1585 patriae
1163 1533 1286 1571 solum
1303 1540 1415 1583 atque
1434 1534 1581 1577 urbem,
1603 1547 1698 1572 con-

243 1597 391 1636 scensis
411 1596 586 1642 navibus,
607 1597 822 1647 relinquere
851 1608 929 1633 non
954 1594 1195 1640 dubitarunt,
1224 1607 1272 1632 ne
1301 1594 1459 1645 imperio
1489 1595 1695 1645 parerent?

243 1666 358 1709 atque
377 1659 491 1707 hujus
512 1658 668 1709 quidem
699 1658 849 1695 consilii
883 1663 1076 1695 auctorem
1101 1656 1403 1694 Themistoclem
1431 1656 1698 1707 imperatorem

243 1721 485 1772 delegerunt,
506 1733 595 1758 eum
615 1732 704 1757 vero
724 1720 788 1770 qui
803 1719 1016 1770 parendum
1037 1719 1234 1770 imperatis
1262 1718 1414 1756 censuit
1433 1718 1625 1768 Cyrsilum
1643 1719 1699 1757 la-

243 1782 397 1833 pidibus
417 1783 639 1826 obruerunt,
650 1794 778 1831 neque
798 1793 884 1817 eum
899 1780 1038 1825 solum,
1051 1779 1119 1817 sed
1135 1786 1173 1816 et
1189 1779 1368 1817 mulieres
1383 1786 1520 1817 vestrae
1541 1793 1696 1818 uxorem

243 1844 339 1892 ejus.
395 1843 483 1880 Non
505 1843 606 1880 enim
626 1842 852 1891 quaerebant
871 1840 985 1892 prisci
1004 1840 1059 1878 illi
1089 1840 1346 1878 Athenienses
1367 1853 1490 1891 neque
1507 1841 1696 1879 rhetorem

240 1917 365 1954 neque
385 1904 665 1954 imperatorem,
694 1904 803 1952 cujus
837 1914 956 1953 opera
986 1901 1148 1939 feliciter
1167 1901 1376 1940 servirent:
1408 1902 1476 1939 sed
1497 1916 1621 1953 neque
1641 1902 1697 1940 vi-

241 1966 409 2004 vendum
430 1965 501 2002 sibi
529 1964 770 2015 judicabant,
791 1963 863 2002 nisi
895 1977 982 2001 cum
1011 1963 1190 2001 libertate
1209 1964 1336 2001 vivere
1356 1963 1498 2001 liceret.
1557 1963 1698 2002 Existi-

241 2028 373 2065 mabat
392 2026 493 2063 enim
514 2038 645 2063 eorum
664 2025 825 2076 quisque
845 2038 924 2062 non
941 2024 1066 2062 solum
1086 2025 1184 2075 patri
1204 2037 1244 2062 se
1264 2031 1303 2062 et
1316 2025 1427 2062 matri
1446 2031 1578 2062 natum
1594 2038 1695 2070 esse,

241 2102 371 2126 verum
393 2089 507 2125 etiam
527 2087 672 2138 patriae.
729 2087 834 2129 Quid
855 2099 946 2124 vero
964 2085 1153 2125 interest?
1182 2086 1287 2135 quod
1316 2085 1358 2131 is,
1380 2085 1446 2136 qui
1465 2099 1506 2124 se
1525 2087 1694 2137 parenti-

239 2152 313 2188 bus
329 2150 451 2188 solum
470 2157 601 2187 natum
617 2162 701 2186 esse
714 2149 930 2193 arbitratur,
943 2155 1104 2186 mortem
1117 2160 1234 2197 quam
1249 2147 1368 2185 fatum
1390 2160 1434 2185 ac
1449 2154 1585 2185 natura
1601 2147 1694 2186 affe-

241 2219 300 2250 rat
319 2210 572 2262 exspectabit,
585 2210 649 2260 qui
664 2216 792 2248 autem
811 2216 850 2247 et
868 2210 1014 2260 patriae,
1030 2216 1073 2247 ut
1091 2223 1140 2247 ne
1159 2222 1243 2246 eam
1266 2208 1405 2247 servire
1422 2208 1562 2254 videat,
1576 2208 1694 2246 emori

239 2273 480 2324 praeoptabit‚
500 2278 538 2309 et
556 2271 677 2321 magis
697 2271 926 2309 metuendas
941 2284 1024 2309 esse
1039 2271 1157 2309 ducet
1170 2269 1422 2308 contumelias
1442 2269 1694 2319 ignominias-

241 2347 330 2384 que,
350 2346 443 2384 quas
463 2334 500 2370 in
513 2332 666 2370 civitate
686 2332 864 2370 servienti
884 2332 1051 2383 perferre
1070 2338 1130 2370 est
1149 2344 1322 2376 necesse,
1337 2343 1451 2380 quam
1465 2332 1674 2370 interitum.

295 2396 359 2433 60.
389 2395 428 2431 Si
449 2395 564 2444 igitur
583 2394 657 2432 hoc
674 2393 800 2432 dicere
819 2394 1072 2440 instituerem,
1091 2406 1151 2430 me
1170 2393 1278 2430 vobis
1299 2400 1494 2430 auctorem
1515 2393 1633 2431 fuisse
1651 2400 1695 2432 ut

241 2457 392 2508 spiritus
408 2455 615 2506 majoribus
635 2455 770 2493 vestris
793 2455 932 2505 dignos
963 2454 1180 2500 sumeretis,
1201 2466 1314 2492 nemo
1334 2453 1506 2504 profecto
1522 2460 1584 2492 est
1601 2455 1693 2505 quin

242 2532 302 2557 me
316 2519 403 2570 jure
423 2516 690 2568 reprehendat.
748 2515 865 2554 Nunc
885 2528 958 2567 ego
977 2522 1106 2553 vestra
1124 2528 1207 2552 esse
1226 2515 1310 2552 haec
1330 2515 1505 2553 instituta
1523 2515 1692 2562 declaro,

241 2587 491 2629 monstroque
520 2578 634 2614 etiam
655 2584 742 2614 ante
771 2590 857 2614 mea
884 2583 1059 2628 tempora
1085 2576 1156 2613 hos
1179 2575 1297 2613 fuisse
1318 2576 1469 2626 spiritus
1489 2589 1534 2614 ac
1555 2589 1691 2614 sensus

239 2641 417 2685 civitatis,
437 2652 482 2677 ac
503 2637 701 2675 ministerii
721 2637 876 2687 quidem
892 2644 1041 2688 partem
1058 2638 1095 2674 in
1118 2636 1278 2686 singulis
1301 2638 1414 2674 rebus
1433 2637 1552 2688 gestis
1566 2637 1616 2675 ad
1631 2650 1691 2675 me

240 2716 393 2754 quoque
413 2699 650 2739 referendam
668 2713 753 2737 esse
775 2699 885 2737 dico:
916 2706 955 2737 at
974 2700 1059 2744 istc,
1080 2699 1171 2736 dum
1199 2710 1390 2735 summam
1420 2711 1498 2736 rem
1526 2699 1691 2736 insecta·

241 2773 314 2809 tur,
335 2775 481 2814 vosque
502 2761 591 2799 mihi
621 2761 790 2798 infensos
821 2773 906 2798 esse
926 2760 1040 2811 jubet
1067 2768 1110 2798 ut
1137 2759 1201 2810 qui
1232 2760 1408 2797 timorum
1437 2773 1482 2797 ac
1502 2759 1691 2798 discrimi-

241 2839 330 2862 num
346 2823 566 2875 reipublicae
585 2835 703 2861 causa
721 2822 868 2867 fuerim,
888 2834 948 2859 me
969 2821 1124 2871 quidem
1144 2821 1321 2872 praesenti
1341 2827 1565 2858 ornamento
1585 2821 1693 2872 cupit

239 2885 464 2937 exspoliare,
485 2884 592 2922 vobis
612 2896 700 2922 vero
723 2882 956 2933 sempiterna
973 2883 1164 2933 praeconia
1184 2882 1341 2933 eripere.
1385 2881 1425 2918 Si
1445 2880 1559 2928 enim,
1579 2882 1690 2932 quasi
