1923 3149
301 148 375 182 210
853 149 924 187 DE
964 148 1199 188 CORONA.

297 254 411 303 igitur
427 268 493 305 per
509 267 658 294 omnem
672 256 786 294 vitam
806 271 896 295 usus
916 271 999 296 sum
1021 258 1187 305 fortuna,
1209 271 1254 296 ac
1275 257 1394 295 multa
1412 258 1486 296 alia
1504 271 1589 309 quae
1610 259 1657 297 de
1670 259 1737 297 illa

297 316 438 364 possim
460 315 583 354 dicere
604 320 861 368 praetermittO,
882 321 1022 357 veritus
1044 333 1090 357 ne
1107 320 1306 371 quospiam
1323 318 1526 365 offendam,
1546 320 1635 357 dum
1655 334 1736 358 me-

298 375 423 425 ipsum
443 377 570 415 effero.

352 438 415 474 79.
444 438 502 475 Tu
522 452 610 476 vero
630 440 683 476 vir
702 441 825 490 gravis
853 448 965 491 atque
985 442 1078 480 alios
1099 454 1313 492 conspuens
1334 441 1418 479 vide
1446 454 1531 479 cum
1551 441 1623 479 hac
1652 455 1737 479 mea

297 497 475 536 collatam
495 499 648 549 qualem
679 500 841 539 habuisti
871 502 1082 540 fortunam:
1112 504 1160 540 ob
1190 514 1303 552 quam
1324 501 1468 540 scilicet
1485 514 1581 552 puer
1599 514 1739 552 magna

295 558 334 594 in
362 566 533 608 egestate
558 560 745 598 educatus
774 575 827 608 es,
856 575 932 599 una
959 576 1046 600 cum
1073 570 1181 614 patre
1210 562 1301 599 ludo
1329 563 1519 600 literarum
1549 562 1739 607 assidens,

297 625 549 656 atramentum
566 627 704 666 terens,
726 635 882 660 scamna
902 624 1070 674 spongiis
1090 637 1270 674 purgans,
1285 622 1554 673 paedagogium
1569 635 1740 668 verrens,

296 678 426 715 famuli
445 680 541 725 vice,
560 692 635 716 non
657 682 762 730 pueri
781 681 947 733 ingenui,
967 684 1145 727 functus;
1172 684 1228 720 vir
1247 689 1373 720 autem
1392 683 1517 720 factus
1537 682 1647 719 matri
1666 682 1738 718 ini-

297 740 404 777 tianti
418 741 532 778 libros
548 742 735 780 recitabas
752 743 898 793 aliaque
913 745 1055 781 fraudis
1071 745 1322 781 instrumenta
1336 744 1446 779 simul
1464 743 1739 789 concinnabas,

297 808 411 838 noctu
431 814 496 839 eos
513 802 577 852 qui
596 802 841 842 initiabantur
860 805 1100 841 hinnulorum
1118 805 1282 854 pellibus
1304 803 1531 853 succingens
1551 810 1590 840 et
1607 803 1738 841 vinum

295 861 339 898 iis
358 861 573 907 effundens,
595 871 632 900 et
651 866 808 916 expians
834 878 912 910 eos,
934 872 972 902 et
990 866 1071 902 luto
1090 872 1128 902 et
1145 865 1288 902 furfure
1308 865 1525 915 detergens,
1552 872 1590 902 et
1608 865 1738 916 expia-

294 923 395 961 tione
415 932 571 975 peracta
591 939 656 965 eos
678 940 831 977 surgere
855 926 1014 972 faciens,
1034 933 1074 963 et
1093 925 1219 963 dicere
1233 926 1374 976 jubens
1404 925 1494 962 effu
1509 925 1551 975 gi
1589 939 1626 962 m
1641 927 1684 963 al
1699 940 1736 972 a,

295 997 312 1021 r
325 998 345 1022 e
358 998 381 1034 p
394 998 414 1022 e
427 986 466 1022 ri
503 1000 539 1023 m
555 1000 575 1025 e
591 988 662 1025 lio
675 1001 691 1024 r
705 1000 739 1033 a,
777 987 966 1024 neminem
994 999 1162 1042 unquam
1183 993 1259 1023 tam
1278 986 1430 1023 immani
1450 999 1543 1023 voce
1568 985 1739 1025 ululasse

297 1044 653 1097 gloriatus,-quod
684 1060 757 1097 ego
776 1060 909 1084 verum
928 1047 1108 1084 arbitror:
1139 1047 1255 1084 nolite
1276 1046 1376 1083 enim
1406 1046 1620 1084 existimare
1648 1049 1738 1084 eum

295 1105 360 1154 qui
391 1111 469 1142 tam
502 1107 605 1146 clare
632 1108 822 1159 loquatur,
853 1120 929 1144 non
957 1107 1102 1144 ululare
1131 1108 1245 1144 etiam
1274 1107 1546 1152 clarissime—,
1574 1108 1739 1145 interdiu

295 1178 384 1203 vero
410 1168 611 1216 praeclaros
643 1169 727 1207 illos
759 1169 905 1206 thiasos
930 1181 998 1219 per
1023 1169 1102 1206 vias
1129 1168 1301 1218 agitabas
1327 1167 1507 1205 foeniculo
1533 1174 1570 1205 et
1595 1169 1739 1219 populo

294 1226 504 1274 redimitos,
524 1230 724 1280 anguibus,
746 1243 842 1280 quos
863 1230 1008 1280 parcias
1039 1236 1193 1273 vocant,
1218 1229 1447 1279 compressis
1476 1235 1514 1266 et
1532 1242 1648 1279 supra
1671 1242 1735 1268 ca-

293 1294 365 1336 put
383 1288 504 1335 elatis,
522 1290 797 1342 clamitausque
823 1305 842 1329 e
855 1305 876 1328 v
888 1304 922 1328 oe
954 1304 970 1328 s
985 1304 1007 1328 a
1018 1292 1042 1328 b
1055 1303 1102 1336 oe,
1128 1297 1167 1328 et
1182 1303 1335 1328 carmen
1350 1290 1443 1327 illud
1456 1290 1598 1327 saltans
1610 1291 1635 1326 h
1650 1304 1674 1342 y
1685 1304 1705 1328 e
1719 1304 1737 1328 s

295 1360 318 1384 a
329 1354 345 1384 t
357 1356 371 1385 t
383 1361 403 1385 e
417 1362 434 1386 s
467 1363 489 1387 a
501 1357 515 1387 t
527 1358 569 1389 te
581 1365 598 1389 s
635 1352 660 1388 h
676 1366 699 1403 y
713 1365 733 1390 e
747 1366 777 1398 s,
798 1363 943 1404 auspex
964 1359 1003 1389 et
1029 1358 1248 1389 antecursor
1268 1357 1306 1388 et
1330 1350 1517 1388 hederifer
1546 1358 1585 1388 et
1602 1351 1736 1388 vanni-

294 1409 350 1445 fer
369 1416 408 1446 et
427 1411 563 1449 similia
582 1413 628 1450 ab
650 1414 811 1451 aniculis
831 1414 1029 1457 salutatus,
1050 1412 1263 1450 mercedem
1282 1424 1351 1461 pro
1370 1410 1428 1449 his
1455 1418 1651 1461 reportans
1680 1412 1737 1448 in-

293 1469 382 1506 trita
396 1476 435 1507 et
455 1472 643 1511 scriblitas
659 1481 697 1512 et
719 1475 881 1512 mellitas
903 1475 1116 1525 placentas,
1137 1473 1273 1522 quibus
1300 1472 1411 1509 rebus
1431 1471 1516 1521 quis
1544 1485 1620 1509 non
1649 1485 1737 1509 eum

291 1542 380 1567 vere
406 1532 561 1570 beatum
580 1535 762 1584 praedicet
781 1537 982 1584 beatamque
1010 1535 1200 1572 fortunam
1229 1532 1341 1580 ejus?
1371 1532 1581 1582 Postquam
1609 1539 1737 1570 autem

292 1588 329 1625 in
349 1592 588 1641 popularium
621 1595 750 1633 album
778 1596 981 1646 inscriptus
1002 1609 1055 1641 es,
1076 1607 1229 1645 quoquo
1259 1593 1374 1630 modo
1400 1592 1440 1629 id
1463 1593 1737 1631 fuerit—mitto

294 1650 391 1688 enim
412 1653 550 1701 hoc——,
571 1657 639 1694 sed
658 1665 862 1708 postquam
882 1658 1086 1708 inscriptus
1113 1669 1168 1702 es,
1188 1654 1318 1693 statim
1336 1653 1630 1704 pulcherrimum
1651 1667 1736 1692 sus-

293 1711 428 1760 cepisti
453 1727 606 1762 munus,
626 1726 669 1755 ut
686 1717 824 1755 infimis
845 1718 1127 1768 magistratibus
1149 1717 1273 1754 scriba
1291 1728 1395 1753 esses
1417 1722 1456 1753 et
1481 1715 1736 1753 subservires:

294 1770 446 1816 deinde,
466 1782 506 1811 ut
535 1776 608 1814 hoc
629 1778 742 1815 etiam
766 1791 920 1815 munere
941 1778 1143 1815 defunctus
1164 1790 1216 1821 es,
1235 1777 1279 1813 iis
1307 1776 1480 1813 omnibus
1509 1789 1668 1825 quorum
1694 1783 1736 1814 tu

296 1829 390 1867 alios
415 1833 566 1872 incusas
585 1838 666 1887 ipse
685 1839 927 1888 perpetratis,
951 1837 1043 1873 nihil
1064 1837 1210 1874 medius
1233 1836 1345 1873 fidius
1370 1848 1500 1873 eorum
1531 1849 1616 1886 quae
1647 1836 1736 1874 olim

294 1902 316 1927 a
335 1898 371 1928 te
390 1900 476 1930 acta
496 1904 585 1932 sunt
604 1899 808 1946 posteriore
833 1898 909 1934 vita
937 1897 1189 1941 dedecorasti,
1218 1897 1289 1932 sed
1309 1909 1396 1933 cum
1427 1897 1591 1947 teipsum
1610 1897 1736 1935 histri—

294 1952 432 1991 onibus
455 1955 527 1993 illis
547 1957 611 2006 qui
631 1959 836 2008 mugitores
866 1957 1196 2008 cognominantur,
1218 1957 1363 2008 Simylo
1390 1965 1429 1995 et
1458 1957 1617 2003 Socrati,
1638 1972 1736 1996 mer-

294 2014 389 2052 cede
407 2016 623 2065 locavisses,
638 2020 832 2057 tertiarum
853 2020 1015 2071 partium
1035 2026 1140 2057 actor
1158 2032 1256 2065 eras,
1275 2019 1369 2056 ficus
1391 2026 1430 2057 et
1448 2033 1540 2058 uvas
1561 2027 1599 2058 et
1617 2021 1735 2059 olivas

295 2074 495 2126 colligens,
515 2085 694 2130 tanquam
714 2081 906 2131 pomarius
921 2094 967 2118 ex
983 2081 1113 2118 alienis
1128 2080 1271 2122 fundis,
1291 2080 1402 2130 plura
1417 2080 1466 2117 ob
1481 2080 1563 2118 haec
1578 2081 1736 2120 vulnera

294 2136 483 2186 accipiens
504 2152 618 2190 quarn
639 2142 676 2178 in
696 2141 741 2178 iis
761 2142 1045 2185 certaminibus,
1074 2141 1111 2178 in
1141 2141 1278 2191 quibus
1307 2154 1374 2178 vos
1400 2141 1447 2178 de
1472 2141 1548 2179 vita
1577 2142 1734 2180 dimica-

295 2196 381 2238 stis3
403 2206 484 2236 erat
498 2200 598 2238 enim
617 2201 892 2239 interneciuum
912 2209 951 2240 et
970 2201 1208 2253 implacabile
1226 2202 1332 2238 vobis
1350 2214 1434 2238 cum
1455 2202 1733 2251 spectatoribus

294 2254 449 2301 bellum,
472 2273 494 2297 a
512 2262 648 2310 quibus
667 2275 753 2299 curn
774 2262 895 2300 multa
913 2263 1068 2299 vulnera
1087 2262 1289 2312 acceperis,
1308 2267 1411 2298 recte
1429 2273 1495 2297 eos
1516 2261 1580 2311 qui
1598 2262 1735 2300 insueti

296 2313 607 2366 sunthujusmodi
619 2322 871 2372 periculorum
886 2330 928 2360 ut
941 2323 1091 2361 timidos
1106 2322 1249 2359 irrides.
1280 2321 1357 2358 Sed
1370 2321 1495 2358 missis
1508 2321 1733 2373 iis,quorum

293 2376 446 2427 culpam
467 2381 551 2430 quis
581 2382 618 2419 in
637 2390 900 2433 paupertatem
919 2384 1090 2421 conferre
1115 2388 1244 2432 queat,
1269 2381 1317 2418 ad
1336 2394 1381 2419 ea
1408 2382 1558 2419 veniam
1576 2384 1735 2423 crimina

295 2450 382 2485 quae
410 2440 446 2476 in
467 2454 587 2479 mores
607 2450 692 2481 tuos
712 2444 955 2482 conveniunt.
989 2444 1082 2481 Eam
1102 2444 1200 2480 enim
1220 2443 1311 2493 reip.
1338 2442 1651 2481 administrandae
1672 2457 1732 2483 ra-

293 2496 436 2536 tionem
456 2510 611 2541 secutus
631 2517 686 2549 es,
711 2512 914 2555 postquam
934 2505 972 2542 id
991 2517 1143 2555 quoque
1170 2517 1266 2554 opus
1291 2504 1392 2541 venit
1416 2504 1482 2541 tibi
1501 2504 1539 2541 in
1566 2512 1732 2544 mentem

294 2564 337 2594 ut
366 2562 592 2612 susciperes,
621 2565 722 2602 unde
750 2565 907 2603 florente
935 2565 1088 2615 quidem
1115 2565 1237 2615 patria
1265 2565 1403 2615 leporis
1431 2565 1546 2602 vitam
1571 2566 1730 2613 viveres,

293 2617 451 2659 horrens
480 2636 525 2661 ac
561 2631 726 2663 tremens
757 2633 794 2664 et
819 2639 1012 2677 nunquam
1050 2638 1125 2663 non
1158 2626 1314 2663 verbera
1343 2633 1574 2676 exspectans
1605 2626 1654 2664 ob
1685 2639 1731 2665 ea

293 2692 454 2729 quorum
485 2685 552 2721 tibi
583 2687 758 2725 conscius
787 2700 870 2724 eras
898 2686 1054 2738 flagitia,
1085 2687 1151 2724 sed
1179 2699 1267 2724 cum
1300 2686 1459 2724 adversa
1486 2687 1548 2724 alii
1578 2687 1730 2726 fortuna

293 2748 500 2790 uterentur,
519 2744 625 2783 ferox
646 2754 684 2784 et
703 2748 828 2785 alacer
848 2748 895 2784 ab
915 2747 1090 2784 omnibus
1119 2747 1348 2785 cernereris:
1377 2754 1416 2784 at
1434 2747 1498 2796 qui
1518 2746 1618 2784 mille
1638 2747 1728 2785 civi-

292 2802 363 2840 bus
382 2805 588 2844 interfectis
608 2808 822 2851 exsultavit,
838 2807 965 2857 qualia
976 2808 1046 2845 iste
1062 2809 1109 2844 ab
1125 2808 1167 2845 iis
1180 2808 1243 2858 qui
1256 2815 1458 2858 supersunt
1469 2807 1546 2857 pati
1564 2809 1727 2846 meruit?

294 2863 391 2902 Cum
410 2867 531 2906 multa
548 2869 662 2919 igitur
681 2869 754 2907 alia
768 2869 942 2914 habeam,
958 2882 1042 2920 quae
1054 2869 1101 2907 de
1114 2869 1186 2907 isto
1202 2870 1346 2921 possim
1361 2868 1502 2916 dicere,
1516 2875 1724 2920 praetereo:
