1923 3149
730 195 802 234 DE
833 195 1075 234 CORONA.
1550 195 1624 231 217

166 297 324 336 cuitum.
384 298 519 349 Neque
551 311 640 337 vero
671 299 838 336 consiliis
874 297 1041 348 Philippi
1073 297 1196 334 victus
1226 309 1299 347 ego
1333 308 1432 341 sum,
1461 296 1626 334 multum

165 371 256 396 sane
277 359 402 404 abest,
425 373 550 409 neque
581 367 781 411 apparatu,
811 358 880 396 sed
911 358 1103 396 sociorum
1132 364 1348 405 nostrorum
1369 357 1488 394 duces
1509 364 1624 407 atque

164 419 285 470 copiae
306 420 472 459 fortuna.
529 420 626 464 Quae
648 427 737 458 sunt
756 421 893 458 harum
912 431 1038 456 rerum
1066 417 1321 469 argumenta?
1353 418 1566 455 Luculenta
1586 425 1624 456 et

163 480 384 519 manifesta.
441 482 635 532 Reputate
651 481 766 519 enim.

216 542 279 579 94.
311 543 416 586 Quid
434 543 560 580 facere
580 544 782 592 oportebat
801 549 996 581 amantem
1016 540 1150 592 patriae
1170 540 1303 584 civem,
1326 539 1418 590 quid
1449 552 1533 575 eum
1557 540 1622 589 qui

161 603 265 640 omni
297 604 550 655 providentia,
583 604 725 649 studio,
745 604 981 655 integritate,
1001 604 1039 640 in
1060 602 1367 640 administranda
1385 613 1465 651 rep.
1488 601 1622 650 patriae

159 664 409 702 consuleret?
465 665 555 702 Non
576 677 599 701 a
618 664 713 701 mari
732 665 901 703 Atticam
919 665 1067 702 Euboea
1079 671 1300 713 contegere,
1322 674 1423 711 aque
1443 661 1622 698 mediter-

158 725 283 762 raneis
314 726 534 776 regionibus
567 726 733 771 Boeotia,
756 734 796 764 et
828 728 876 765 ab
908 726 951 764 iis
986 726 1080 764 locis
1112 739 1200 776 quae
1231 725 1280 762 ad
1311 724 1622 774 Peloponnesum

157 792 335 835 spectant
365 787 517 838 populis
549 786 639 824 huic
668 788 915 825 conterminis
929 787 945 824 ’ξ
986 785 1306 836 Non,«quomodo
1326 798 1386 823 res
1406 785 1619 822 frumenta-

156 847 211 884 ria
241 861 310 898 per
337 854 478 899 pacata
497 849 668 900 undique
686 850 817 887 omnia
848 862 967 900 usque
1002 849 1051 886 ad
1086 847 1277 885 Piraeeum
1312 852 1619 897 supportaretur,

154 909 381 958 providere?
410 916 449 947 et
475 909 551 947 alia
577 910 732 960 quidem
758 911 840 962 jam
871 917 961 948 ante
992 917 1104 961 parta
1140 909 1250 953 tueri,
1289 908 1437 946 auxiliis
1467 907 1621 944 mitten-

156 969 230 1014 dis,
251 970 432 1018 dicendo,
463 971 711 1009 decernendo
749 972 854 1017 talia,
889 972 1194 1016 Proconnesum,
1217 970 1520 1013 Chersonesum,
1544 967 1621 1004 Te-

156 1031 314 1078 nedum,
347 1032 425 1070 alia
458 1040 502 1070 ut
533 1033 701 1070 amicitia
734 1040 774 1070 et
810 1034 996 1071 societate
1039 1031 1237 1070 nobiscum
1280 1031 1619 1081 conjungerentur,

155 1091 316 1138 efficere,
336 1093 578 1145 Byzantium,
600 1093 776 1145 Abydus,
798 1094 981 1131 Euboea?
1011 1102 1049 1131 et
1080 1093 1266 1130 maximas
1299 1104 1395 1142 quas
1424 1091 1621 1128 habebant

154 1153 287 1191 hostes
319 1155 452 1205 copias
485 1155 670 1200 adimere,
703 1168 789 1205 quae
823 1156 1004 1193 deessent
1034 1161 1163 1192 autem
1194 1153 1428 1205 reipublicae,
1450 1165 1496 1190 ea
1515 1163 1620 1189 corn-

155 1226 291 1263 parare
306 1214 322 1251 2

156 1296 158 1298 v
208 1275 274 1312 95.
302 1275 402 1314 Haec
420 1277 536 1327 igitur
554 1278 663 1314 vobis
684 1278 860 1316 confecta
891 1279 1020 1316 omnia
1041 1284 1131 1314 sunt
1150 1276 1244 1314 meis
1263 1277 1428 1315 decretis
1448 1275 1620 1324 meisque

153 1335 192 1373 in
222 1349 302 1388 rep.
335 1337 532 1383 institutis,
564 1351 651 1388 quae
685 1345 726 1375 et
758 1345 862 1376 recte
881 1339 1052 1389 cogitata
1071 1351 1170 1383 esse,
1192 1338 1462 1382 Athenienses,
1484 1336 1515 1373 si
1534 1336 1619 1386 quis

154 1397 301 1448 absque
317 1398 459 1436 invidia
478 1399 723 1437 considerare
742 1399 858 1447 volet,
877 1399 1055 1450 reperiet,
1088 1406 1127 1436 et
1160 1412 1310 1436 summa
1343 1411 1430 1436 cum
1461 1396 1621 1447 integri-

153 1465 233 1496 tate
255 1459 534 1505 administrata,
558 1459 700 1498 nullius
720 1473 833 1512 porro
854 1462 908 1498 rei
925 1468 1077 1511 tempus
1104 1473 1126 1498 a
1156 1473 1217 1497 me
1243 1472 1369 1510 neque
1390 1458 1622 1510 praetermis-

154 1533 240 1557 sum
260 1533 383 1571 neque
413 1521 632 1571 ignoratum
665 1534 792 1572 neque
825 1522 1036 1574 proditum,
1071 1528 1111 1559 et
1144 1535 1278 1559 eorum
1315 1532 1555 1571 quaecunque
1584 1519 1622 1555 in

151 1582 267 1620 unius
297 1583 462 1622 hominis
496 1590 728 1634 potestatem
760 1591 1006 1634 mentemque
1040 1585 1169 1621 venire
1207 1583 1372 1634 possint,
1404 1581 1494 1618 nihil
1525 1593 1620 1630 neg-

152 1643 310 1682 lectum.
365 1644 482 1686 Quod
503 1645 534 1682 si
555 1652 622 1682 aut
652 1645 714 1683 dei
739 1646 899 1694 alicujus
920 1654 988 1683 aut
1007 1646 1171 1683 fortunae
1191 1645 1262 1690 vis,
1292 1651 1358 1681 aut
1387 1643 1530 1680 ducum
1550 1642 1622 1679 im-

152 1704 342 1743 becillitas
375 1713 439 1743 aut
463 1713 591 1744 vestra
622 1707 685 1757 qui
714 1708 827 1745 urbes
861 1707 1085 1757 prodidistis
1117 1706 1264 1744 malitia
1295 1711 1362 1742 aut
1393 1705 1478 1741 haec
1508 1702 1622 1741 simul

152 1765 282 1804 omnia
299 1779 425 1804 rerum
457 1780 645 1805 summam
675 1767 973 1815 labefactarunt,
996 1768 1127 1818 quoad
1149 1766 1394 1811 evertissent,
1416 1764 1510 1815 quid
1542 1764 1624 1801 De-

151 1827 375 1867 mosthenes
395 1828 600 1879 peccavit?
656 1829 709 1866 At
743 1829 774 1866 si
804 1829 930 1880 qualis
966 1842 1039 1880 ego
1074 1841 1177 1868 eram
1210 1827 1316 1879 apud
1349 1839 1417 1864 vos
1446 1839 1516 1876 pro
1535 1838 1622 1863 meo

152 1888 251 1935 loco,
272 1890 360 1927 talis
379 1889 436 1926 vir
455 1903 552 1927 unus
573 1890 612 1927 in
633 1890 797 1941 singulis
820 1890 984 1929 Graeciae
1007 1890 1165 1928 urbibus
1186 1889 1411 1934 exstitisset,
1438 1888 1514 1925 imo
1533 1899 1622 1924 vero

152 1950 315 1988 siunum
335 1951 458 1989 solum
479 1951 683 1989 Thessalia
703 1965 902 2003 unumque
921 1952 1090 1990 Arcadia
1104 1951 1304 1988 habuisset
1318 1950 1382 2000 qui
1400 1949 1502 1986 idem
1515 1948 1620 1998 quod

153 2026 226 2063 ego
246 2013 413 2058 sentiret,
435 2013 565 2050 nullus
596 2026 722 2064 neque
756 2027 887 2051 eorum
921 2014 985 2065 qui
1019 2021 1109 2051 sunt
1130 2019 1237 2051 extra
1257 2011 1374 2062 Pylas
1393 2010 1620 2047 Graecorum

153 2087 279 2125 neque
300 2087 432 2112 eorum
455 2075 625 2124 quisunt
649 2075 750 2113 intra
781 2076 896 2113 hasce
929 2075 1169 2113 calamitates
1201 2080 1303 2111 esset
1334 2078 1526 2123 expertus,
1548 2070 1619 2107 sed

153 2148 286 2173 omnes
305 2135 412 2173 liberi
432 2135 586 2185 suisque
605 2135 755 2186 legibus
776 2136 961 2181 viventes,
991 2137 1039 2172 ab
1075 2135 1179 2171 omni
1205 2140 1312 2171 metu
1332 2132 1460 2177 vacui,
1480 2131 1553 2168 tuti
1572 2143 1618 2168 ac

152 2196 256 2234 beati
275 2209 365 2234 suas
385 2197 553 2246 ipsorum
582 2197 727 2247 patrias
757 2196 980 2242 incolerent,
1001 2202 1197 2233 tantorum
1217 2207 1263 2232 ac
1281 2193 1415 2231 talium
1433 2192 1617 2230 benefici-

152 2271 260 2295 orum
279 2257 387 2296 vobiS
406 2264 444 2295 et
462 2258 610 2295 caeteris
634 2257 940 2295 Atheniensibus
964 2258 1125 2308 gratiam
1146 2257 1333 2293 habentes
1354 2261 1509 2304 propter
1539 2265 1614 2291 me.

205 2322 271 2358 96.
301 2322 430 2371 Atque
452 2327 495 2357 ut
524 2321 748 2371 intelligatis
768 2322 899 2365 verba,
928 2320 1067 2370 quibus
1096 2326 1195 2364 utor,
1227 2318 1339 2356 factis
1373 2317 1494 2354 multo
1527 2330 1611 2354 esse

151 2382 340 2428 tenuiora,
356 2383 461 2433 quod
481 2382 661 2419 invidiam
683 2395 826 2427 verear,
846 2394 955 2419 sume
984 2381 1083 2418 hanc
1103 2379 1301 2423 tabellam,
1321 2391 1485 2429 cumque
1506 2392 1611 2416 sum-

154 2443 282 2493 pseris
310 2443 464 2494 perlege
483 2456 683 2481 numerum
703 2443 943 2488 auxiliorum,
965 2456 1053 2493 quae
1079 2441 1173 2479 meis
1201 2441 1366 2479 decretis
1386 2448 1612 2491 comparata

153 2511 257 2542 sunt.

546 2601 822 2641 NUMERUS
851 2601 1217 2649 AUXILIORUM.

155 2685 252 2722 Haec
273 2691 387 2735 atque
418 2685 478 2722 his
502 2687 650 2732 similia,
671 2689 867 2735 AEschine,
886 2690 1030 2726 bonum
1049 2689 1334 2738 honestumque
1352 2687 1478 2726 civem?
1493 2696 1608 2734 agere

153 2752 317 2797 oportet,
336 2759 424 2796 quae
444 2746 475 2783 si
496 2760 676 2798 prospere
695 2750 919 2795 cessissent,
953 2763 976 2787 o
1007 2757 1108 2788 terra
1136 2750 1265 2800 diique
1284 2746 1539 2785 immortales!
1569 2745 1608 2781 in

153 2806 390 2857 amplissimo
407 2819 529 2844 rerum
553 2814 657 2845 statu
676 2808 781 2846 haud
807 2810 923 2848 dubie
943 2811 1055 2848 nobis
1075 2823 1162 2849 esse
1189 2810 1373 2852 licuisset,
1388 2813 1428 2844 et
1447 2806 1530 2843 sine
1549 2806 1608 2842 in-

147 2867 250 2917 juria
278 2867 463 2913 licuisset,
490 2868 560 2905 sed
593 2870 748 2918 quando
781 2884 892 2909 secus
914 2872 1152 2916 acciderunt,
1174 2878 1214 2908 at
1242 2870 1316 2907 hoc
1347 2875 1449 2906 certe
1478 2874 1608 2912 restat,

153 2929 258 2979 quod
276 2931 374 2968 bene
394 2930 595 2968 audiamus
615 2927 794 2982 quodque
809 2946 922 2970 nemo
941 2947 1067 2983 neque
1083 2933 1275 2970 civitatem
1291 2936 1463 2969 nostram
1483 2943 1609 2980 neque

848 2995 870 3028 ‘2
893 3006 915 3030 F
