1923 3149
674 134 1086 175 ARGUMENTUM.
1530 134 1600 171 371

775 293 991 334 ALITER.

195 400 341 433 Dumx
358 407 405 432 est
417 402 524 438 oratio,
542 402 795 442 quemadmodum
820 405 850 431 et
875 400 926 430 illa
954 410 1020 439 quoe
1043 402 1090 429 est
1112 403 1218 429 contra
1242 399 1456 429 Timocratem.
1501 398 1607 428 Habet

150 451 244 487 enim,
261 463 387 492 eamque
412 453 579 492 duplicem,
595 453 695 492 legum
712 453 892 482 violatarum
907 450 1087 490 hypothesin
1106 450 1144 479 de
1162 459 1221 488 qua
1236 449 1436 488 disceptatur,
1453 450 1544 478 habet
1561 453 1606 478 et·

149 501 207 531 iam
225 503 311 532 aliam
326 504 583 544 superinductam,
600 515 643 533 sc.
658 504 695 533 de
712 504 804 533 rebus
819 501 1093 533 Chersonesitanis.
1139 502 1196 531 Est
1218 504 1318 530 autem
1345 510 1480 538 praesens
1497 500 1607 534 oratio,

149 557 182 581 ut
201 553 241 583 ita
256 555 354 584 dicam
373 565 426 593 per
445 555 674 584 similitudinem
693 554 847 583 contentio
862 552 1038 582 adversaria
1062 552 1107 581 illi
1133 563 1200 590 quae
1227 551 1407 581 inscribitur
1422 551 1460 579 (le
1483 560 1604 579 corona.

147 603 194 631 lbi
211 605 288 633 enim
307 605 463 634 contendit
479 605 626 642 Ctesipho
643 605 768 643 dignum
783 614 907 633 munere
923 613 992 632 esse
1011 602 1294 642 [Demosthenem]‚
1306 601 1355 630 hic
1372 605 1471 630 autem
1489 601 1605 639 Euthy-

146 653 212 682 cles
225 654 445 684 Aristocratem
461 655 630 690 accusavit,
642 665 784 684 asserens
809 655 875 693 ejus
903 654 1058 684 decretum
1082 653 1203 692 legibus
1221 663 1288 682 esse
1305 651 1498 686 contrarium,
1516 655 1546 680 et
1559 650 1606 679 di-

146 713 236 741 gnum
254 715 377 734 munere
394 716 450 735 non
469 715 538 735 esse
555 706 781 736 Charidemum.
827 705 1025 735 Manifestum
1052 708 1152 734 autem
1178 708 1288 734 statum
1313 714 1383 733 esse
1412 703 1606 742 negotialem,

145 754 261 792 scripto
277 759 477 792 constantem,
494 760 593 786 utrum
611 761 768 795 oporteret
785 762 881 786 ratum
901 767 968 785 esse
990 757 1148 785 decretum
1171 766 1277 784 necne.
1321 756 1397 784 Sunt
1417 759 1516 783 autem
1539 764 1606 783 ora-

143 803 235 832 tionis
251 806 349 845 capita
366 806 434 841 trin,
448 808 579 845 justum,
596 807 780 846 legitimum,
796 812 826 837 et
843 807 928 837 utile.
974 807 1014 836 Et
1026 808 1143 845 justum
1161 806 1282 845 quidem
1303 811 1332 834 et
1348 805 1517 844 legitimum
1535 814 1606 843 pro-

144 853 210 891 prie
227 855 420 886 deducuntur
436 856 475 886 eit
494 857 561 896 ipsa
577 869 676 887 rerum
694 858 831 893 materia,
848 858 923 887 utile
939 861 1036 887 autem
1052 868 1091 887 ex
1107 856 1229 896 ingenio
1245 856 1385 886 oratoris.
1412 856 1450 885 Et
1465 855 1604 894 legitimo

144 904 182 933 ad
199 905 278 935 hunc
288 907 410 936 modum
426 914 559 943 accusat,
572 919 616 938 sc.
631 919 698 938 eum
715 909 821 939 decem
838 909 922 948 leges
932 908 1078 943 violasse,
1095 917 1220 946 quarum
1238 911 1355 945 septem
1373 912 1441 935 sunt
1457 907 1495 935 de
1509 906 1605 941 caede,

143 958 176 983 et
192 959 253 984 tres
269 956 307 985 de
327 958 494 995 republica.
539 960 630 989 Jnsto
655 964 768 994 autern,
792 969 874 997 saepe
902 958 1119 988 Charidemum
1146 957 1257 995 injuria
1282 957 1421 987 'affecisse
1437 956 1605 990 civitatem,

145 1015 201 1034 nec
218 1006 245 1035 ei
268 1008 338 1044 jure
358 1008 418 1037 tale
436 1008 501 1037 dari
519 1019 640 1038 munus.
686 1009 774 1038 Ponit
789 1015 889 1039 autem
905 1009 979 1039 utile
1002 1019 1036 1038 ex
1054 1008 1176 1046 ingenio
1193 1007 1336 1043 oratoris,
1352 1007 1409 1036 hoc
1426 1007 1536 1036 modo:
1561 1016 1605 1036 sc.

145 1055 377 1087 animadvertite
394 1058 476 1097 quali
491 1059 583 1088 modo
602 1063 703 1098 capta,
717 1065 747 1089 et
769 1060 852 1099 quali
868 1060 979 1089 tradita
995 1065 1058 1089 erat
1076 1058 1297 1089 Chersonesus.
1342 1058 1541 1087 Manifestum
1557 1062 1606 1087 est

146 1111 259 1142 autem,
275 1112 393 1146 captam
412 1109 520 1144 fuisse,
535 1109 632 1148 Cotye
657 1115 814 1149 regnante,
833 1111 933 1139 datam
952 1120 1036 1144 vern,
1054 1110 1174 1148 quando
1190 1108 1352 1148 imperium
1369 1110 1436 1147 ejus
1458 1106 1605 1137 trifariam

143 1157 350 1188 dividebatur.
399 1161 488 1189 Nunc
509 1161 614 1199 igitur,
631 1161 750 1200 quando
773 1172 828 1191 vos
853 1161 1017 1200 impertitis
1041 1160 1224 1190 Charidemo
1247 1159 1423 1198 hujusmodi
1440 1169 1560 1194 munus,
1578 1157 1606 1188 si

143 1208 279 1238 voluerit
293 1210 511 1250 Cersobleptes
534 1212 647 1241 ceteris
663 1212 787 1250 regibus
805 1212 917 1241 bellum
934 1212 1056 1248 inferre,
1072 1211 1223 1242 neminem
1244 1211 1370 1240 habebit
1385 1209 1606 1240 adversarium.

143 1258 358 1288 Athenodorus
378 1260 469 1295 enim,
482 1271 594 1298 genere
611 1262 824 1297 Atheniensis,
850 1263 1063 1292 Charidemum
1084 1263 1257 1292 interlicere
1280 1261 1358 1291 nolit
1379 1266 1503 1301 propter
1520 1260 1607 1290 cives

143 1317 215 1337 suos
229 1318 236 1336 z
260 1320 376 1346 rursus,
393 1311 476 1340 Simo
493 1315 523 1340 et
540 1312 665 1347 Bianor,
677 1312 753 1341 socii
769 1323 837 1342 cum
855 1312 913 1342 sint
924 1318 953 1342 et
965 1312 1090 1343 civitate
1102 1312 1218 1348 donati,
1229 1322 1327 1351 neque
1338 1312 1401 1351 ipsi
1412 1315 1606 1351 peremptum

143 1359 356 1390 Charidemum
372 1362 496 1391 volent:
522 1362 547 1391 si
564 1362 656 1401 igitur
672 1363 857 1392 Charidemo
873 1363 1086 1402 Cersobleptis
1103 1363 1262 1393 exercitus
1275 1363 1420 1392 ductante
1433 1362 1479 1391 illi
1496 1372 1556 1392 non
1573 1373 1607 1392 se

143 1411 355 1448 opposuerint,
372 1412 485 1441 ceteris
508 1413 631 1451 regibus
653 1414 784 1443 desertis
806 1418 836 1443 et
862 1414 1035 1450 trucidatis,
1051 1414 1135 1444 solus
1151 1424 1206 1443 rex
1223 1413 1428 1443 constituetur
1443 1413 1607 1442 Cersoble-

144 1465 226 1498 ptes,
243 1464 273 1489 et
291 1461 365 1491 nihil
379 1462 407 1492 ei
423 1464 559 1492 obstabit
581 1474 640 1502 quo
663 1464 764 1493 minus
787 1465 1007 1495 Chersonesum
1032 1469 1174 1504 occupet.
1206 1465 1279 1495 Hoc
1303 1468 1403 1494 autem
1428 1469 1520 1503 caput
1545 1474 1606 1493 non

143 1515 192 1540 est
207 1512 331 1551 proprie
344 1523 381 1542 ex
399 1514 525 1543 materia
541 1525 639 1544 rerum
653 1515 800 1553 ipsarum,
816 1516 869 1545 sed
886 1521 933 1545 est
950 1526 966 1545 a
979 1526 1044 1552 reo,
1057 1516 1109 1554 qui
1126 1515 1264 1546 dicturus
1281 1519 1338 1550 est,
1354 1514 1503 1554 expedire
1516 1514 1606 1544 vobis

141 1562 285 1601 accipere
298 1564 521 1603 Amphipolim,
537 1569 568 1595 et
584 1566 680 1596 multa
693 1567 752 1596 alia
768 1568 833 1605 ejus
850 1568 980 1606 generis.
1025 1569 1097 1598 Hoc
1109 1573 1208 1597 autem
1222 1571 1313 1606 caput
1330 1566 1482 1606 proficisci
1501 1577 1540 1596 ex
1562 1566 1606 1596 la-

143 1613 239 1642 scivia
255 1614 397 1650 oratoris,
415 1616 608 1646 manifestum
625 1622 738 1658 estUex
764 1618 901 1648 oratione
924 1618 1082 1649 AEschinis
1108 1623 1213 1648 contra
1238 1618 1480 1657 Ctesiphontem.
1527 1618 1607 1647 Nam

143 1675 212 1694 cum
227 1665 326 1695 simile
343 1671 374 1695 et
390 1666 432 1695 ibi
450 1677 571 1707 quoque
587 1672 634 1698 est
650 1674 871 1708 argumentum,
884 1669 1047 1699 AEschines
1061 1674 1160 1699 tamen
1174 1674 1302 1708 propter
1313 1668 1426 1708 ingenii
1442 1673 1606 1707 pauperta-

141 1720 201 1744 tem
217 1721 249 1745 et
264 1716 415 1746 defectum
433 1718 544 1748 virium
563 1729 619 1748 non
638 1720 760 1750 valebat
776 1730 889 1759 ponere
913 1721 1013 1750 locum
1031 1731 1065 1750 ex
1085 1720 1150 1750 utili
1168 1721 1352 1759 profectum.
1399 1719 1536 1749 Exordia
1552 1728 1606 1749 a'u-

141 1771 202 1796 tem
216 1767 364 1797 orationis
376 1768 433 1798 tria
446 1774 535 1798 sunt:
553 1770 682 1808 primum
700 1771 824 1810 quidem
838 1782 877 1801 ex
889 1772 956 1811 ipsa
968 1782 1018 1801 re:
1043 1773 1120 1801 Cum
1138 1771 1269 1801 viderim
1282 1781 1408 1810 magnas
1423 1770 1606 1809 reipublicae

140 1817 206 1846 fieri
233 1817 371 1856 injurias,
394 1820 547 1849 actionem
574 1821 651 1850 hanc
674 1821 803 1851 institui.
848 1822 885 1851 In
910 1832 982 1859 quo,
998 1821 1176 1851 inimicitias
1197 1821 1320 1860 quidem
1336 1831 1404 1850 cum
1421 1819 1605 1850 Charidemo

140 1867 231 1902 celat,
247 1868 431 1898 simultatem
451 1879 525 1898 vero
552 1881 620 1899 cum
645 1871 836 1900 Aristocrate
852 1872 1023 1910 profitetur,
1039 1872 1119 1901 unde
1137 1871 1210 1900 nihil
1226 1871 1402 1901 detrimenti
1421 1876 1606 1910 accepturus

139 1923 216 1947 erat.
261 1919 341 1949 Nam
358 1929 427 1949 cum
455 1924 561 1959 aperta
589 1923 628 1950 sit
657 1921 812 1951 contentio
838 1922 988 1951 adversus
1005 1921 1237 1958 Aristocratem,
1254 1921 1350 1952 tacita
1366 1932 1439 1952 vero
1455 1916 1606 1952 adversus

140 1969 368 2006 Charidemum,
383 1970 453 2000 ideo
469 1971 499 2000 id
516 1971 599 2010 quod
616 1971 767 2001 occultum
790 1977 849 2009 est,
863 1977 897 2002 ut
919 1983 977 2002 non
995 1978 1172 2012 suspectum
1189 1973 1376 2009 dissimulat,
1394 1973 1494 2013 deque
1511 1973 1607 2004 mani-

142 2023 222 2052 festo
238 2022 372 2052 disserit.
406 2023 579 2052 Secundum
596 2034 668 2053 vero
682 2034 720 2053 ex
735 2034 866 2063 persona
882 2024 1013 2054 dicentis
1029 2024 1177 2054 sumitur:
1201 2025 1354 2061 Quoniam
1371 2035 1441 2064 ego,
1458 2026 1548 2054 homo
1560 2025 1606 2055 in·

141 2073 264 2107 doctus,
276 2083 323 2102 me
334 2083 395 2102 rem
413 2077 524 2102 tantam
541 2078 733 2104 ostensurum
747 2076 905 2114 profiteor,
922 2075 1068 2105 convenit
1079 2085 1184 2105 omnes
1201 2086 1258 2105 vos
1269 2076 1343 2105 mihi
1357 2087 1423 2106 esse
1436 2077 1606 2115 adjutores.

143 2124 213 2153 Hoc
231 2128 330 2153 autem
352 2123 395 2153 ait
410 2128 534 2164 propter
551 2129 676 2160 metum,
697 2125 779 2164 quod
805 2125 873 2164 ipse
895 2126 1034 2164 privatus
1059 2137 1128 2155 cum
1151 2127 1204 2161 sit,
1224 2137 1346 2156 causam
1363 2131 1434 2165 agat
1456 2127 1604 2156 adversus

141 2179 277 2203 oratores
290 2178 321 2203 et
338 2174 563 2212 imperatorem.
607 2177 686 2205 Nam
702 2187 737 2206 ex
750 2176 919 2215 longinquo
936 2187 1055 2206 omnem
1073 2177 1277 2217 suspicionem
1302 2188 1319 2207 a
1342 2187 1374 2206 se
1387 2187 1545 2207 removere
1559 2177 1605 2207 ni-

139 2225 214 2255 titur
228 2235 284 2264 per
300 2226 473 2264 opinionem
490 2226 709 2265 simplicitatis.
752 2227 891 2257 Tertium
906 2237 979 2256 vero
997 2238 1013 2256 a
1029 2237 1161 2266 persona
1177 2228 1350 2258 Charidemi
1368 2233 1496 2267 propter
1511 2238 1603 2266 quem

140 2276 249 2306 oratio.
275 2276 421 2306 Traditur
444 2277 524 2306 enim
543 2278 852 2316 nobis'praeceptum,
873 2288 978 2307 omnes
996 2278 1185 2317 objectiones
1202 2289 1269 2317 quae
1283 2289 1300 2308 a
1316 2278 1465 2317 dignitate
1489 2279 1603 2308 deduci

140 2332 270 2366 possunt
287 2338 353 2356 esse
367 2328 555 2365 refutandas,
571 2339 638 2358 cum
656 2335 762 2358 contra
777 2329 950 2359 honoratam
963 2340 1124 2369 personam
1140 2330 1236 2360 verba
1250 2330 1388 2360 facimus.
1422 2330 1494 2360 Hoc
1510 2330 1603 2360 etiam

140 2378 213 2408 fecit
231 2378 385 2408 Aristides
402 2379 432 2408 in
449 2389 502 2408 sua
518 2380 654 2409 oratione
671 2385 780 2410 contra
797 2380 960 2409 Periclem.
1004 2381 1061 2409 Est
1077 2386 1178 2410 autem
1204 2381 1362 2410 in-medio
1379 2380 1463 2411 tertii
1480 2380 1602 2410 exordii

140 2429 300 2467 congeries
313 2430 449 2467 quaedam
467 2436 697 2469 argumentosa:
723 2431 816 2469 Quod
833 2431 870 2466 si,
883 2431 1099 2466 Athenienses,
1110 2442 1224 2461 summa
1233 2433 1298 2461 haec
1309 2436 1391 2461 esset
1404 2431 1603 2462 Aristocratis

140 2479 262 2519 injuria,
277 2485 309 2509 et
325 2489 392 2519 quae
409 2485 587 2519 sequuntur.
632 2481 713 2511 Nam
743 2492 811 2510 cum
838 2482 867 2511 in
884 2482 1038 2521 principio
1064 2482 1186 2512 exordii
1213 2483 1389 2523 exagitabat
1413 2482 1600 2522 opinionem,

138 2541 207 2570 quae
221 2535 285 2561 erat
299 2530 336 2561 de
351 2531 534 2561 Charidemo
558 2537 713 2572 suscepta,
730 2532 859 2562 timebat
874 2544 912 2562 ne
928 2538 1150 2572 consequenter
1166 2538 1376 2573 argumentum
1393 2533 1516 2572 aliquod
1533 2534 1599 2570 ejus

140 2581 211 2612 unali
237 2581 331 2611 animi
351 2586 509 2620 expeteret
531 2583 664 2619 auditor,
684 2584 716 2613 id
744 2584 826 2623 quod
849 2584 968 2623 rejecit,
985 2595 1062 2614 nunc
1079 2585 1201 2623 quidem
1218 2595 1282 2624 prae
1299 2595 1331 2614 se
1347 2585 1446 2613 serens
1460 2584 1541 2613 velle
1558 2585 1598 2612 ad

136 2643 187 2663 res
199 2633 470 2662 Chersonesitanas
485 2634 640 2669 festinare,
657 2635 686 2664 in
706 2637 906 2674 sequentibus
922 2640 1020 2665 autem
1038 2636 1076 2666 de
1092 2638 1158 2674 ejus
1169 2647 1265 2675 prava
1278 2636 1434 2665 voluntate
1444 2635 1597 2664 disserere

139 2683 310 2722 professus.
354 2684 431 2713 Cum
448 2689 548 2713 autem
570 2685 734 2715 miraturus
754 2691 820 2716 erat
835 2687 967 2722 auditor,
987 2697 1081 2726 quare
1106 2687 1158 2716 ille
1179 2688 1230 2726 qui
1257 2691 1415 2716 accusaret
1440 2687 1596 2715 decretum

138 2738 243 2763 contra
257 2734 342 2772 leges
359 2734 463 2770 latum,
478 2735 702 2765 Chersonesum
727 2737 757 2767 iu
782 2737 900 2767 actione
916 2744 1109 2774 memoraret,
1125 2739 1154 2768 in
1171 2738 1390 2767 constitutione
1403 2747 1504 2766 causae
1518 2747 1597 2775 prae-

138 2789 225 2822 parat
241 2785 422 2820 auditorem,
437 2789 469 2814 ut
484 2786 641 2816 existimet
656 2797 724 2816 esse
740 2788 922 2818 mentionem
940 2789 1122 2819 Chersonesi
1140 2789 1210 2818 huic
1227 2788 1413 2818 contentioni
1427 2788 1598 2827 propriam,

138 2839 232 2864 totam
247 2845 366 2865 causam
384 2836 450 2873 ejus
466 2837 564 2874 gratia
579 2837 756 2867 insimulans
771 2842 801 2867 et
816 2846 989 2878 suspectam
1005 2840 1147 2869 reddens.
1193 2840 1234 2868 Et
1246 2845 1292 2869 est
1308 2838 1397 2877 quasi
1413 2840 1596 2877 praeparatio

137 2883 199 2914 loci
216 2885 254 2914 de
268 2886 346 2916 utili.
391 2886 582 2918 Constitutio
598 2892 699 2918 auteur
718 2899 819 2919 causae
840 2890 966 2921 ducitur
989 2890 1153 2930 aliqnando
1184 2900 1224 2920 ex
1250 2889 1411 2926 sementia,
1431 2889 1594 2929 aliquando
