1923 3149
645 168 958 207 PHILIPPICA
988 169 1058 206 ΙΙΙ.
1535 170 1586 206 89

119 271 233 311 dico:
265 273 322 311 sin
343 272 538 319 differetis,
565 272 605 313 id
637 286 762 322 neque
779 283 867 310 cum
884 269 1035 315 voletis,
1054 270 1180 308 facere
1200 271 1384 321 poteritis.
1444 271 1494 309 Et
1519 284 1585 309 us-

119 346 194 384 que
215 333 311 372 adeo
331 336 377 373 ab
398 335 555 374 aliorum
576 334 745 373 consiliis
765 345 852 371 mea
870 331 1106 383 discrepant,
1124 338 1169 369 ut
1187 332 1278 369 mihi
1300 332 1487 378 videatur,
1508 345 1581 370 nec

121 395 170 433 de
192 396 437 435 Chersoneso
455 410 525 435 nec
546 396 594 434 de
621 395 808 448 Byzantio
836 407 923 431 esse
942 406 1044 431 nunc
1075 393 1388 439 consultandum,
1410 394 1479 431 sed
1499 401 1584 431 tum

119 456 179 495 his
201 459 517 504 succurrendum,
545 465 584 496 ct
601 456 896 508 praecavendum
919 468 965 492 ne
986 455 1077 505 quid
1090 455 1144 492 cis
1161 455 1326 501 accidat,
1346 463 1391 493 ct·
1403 456 1585 494 militibus

121 519 185 569 qui
207 532 307 557 nunc
324 527 414 558 sunt
432 519 511 557 illic
531 519 658 557 omnia
672 518 813 568 quibus
834 515 1009 567 indigent
1027 516 1230 562 mittenda,
1247 524 1329 554 tum
1345 516 1394 555 de
1407 518 1585 555 omnibus

120 580 271 619 Graecis
293 581 596 627 deliberandum,
616 580 709 618 utin
728 579 896 618 maximo
913 578 1081 629 periculo
1101 578 1332 617 constitutis.
1380 578 1586 629 Exponam

121 648 250 680 autem
268 643 391 689 vobis,
419 656 498 692 qua
517 643 564 680 de
596 654 713 680 causa
743 642 857 679 rebus
878 642 930 680 ita
950 647 1134 686 metuam,
1161 647 1218 690 ut,
1243 640 1273 678 si
1311 647 1415 678 recte
1449 641 1587 685 sentio,

122 704 323 742 sententiae
355 717 451 742 meae
486 703 697 750 accedatis,
725 710 763 741 et
795 703 981 742 rationem
1013 703 1180 752 aliquam
1211 710 1381 740 vestrum
1416 701 1583 752 ipsorum

121 765 272 810 saltem,
307 764 339 803 si
364 765 520 804 omnino
551 765 647 803 alios
681 764 893 815 negligitis,
921 764 1124 803 habeatis:
1157 764 1215 801 sin
1243 763 1381 813 nugari
1403 770 1441 800 et
1459 768 1587 800 mente

119 833 257 877 captus
277 839 364 864 esse
382 826 554 874 videbor,
582 839 708 878 neque
741 840 846 865 nune
873 839 999 877 neque
1024 825 1062 863 in
1085 832 1286 877 posterum
1319 824 1410 862 mihi
1431 831 1472 862 ut
1491 837 1587 862 sano

122 887 365 926 auscultetis.

176 955 216 990 5.
245 952 468 1004 Philippum
483 952 599 1003 igitur
614 964 798 1002 magnum
819 966 840 990 e
860 965 977 1003 parvo
993 957 1034 990 et
1052 950 1185 989 humili
1207 951 1255 988 ab
1276 950 1382 988 initio
1403 948 1591 1001 paulatim

123 1026 210 1052 esse
238 1014 398 1060 factum,
423 1021 464 1052 et
483 1013 646 1051 Graecos
667 1012 838 1051 diffidere
868 1020 1004 1051 mutuo
1032 1019 1072 1051 et
1101 1012 1238 1064 agitari
1260 1011 1528 1055 seditionibus,
1550 1017 1591 1048 et

123 1075 245 1114 multo
266 1075 392 1114 minus
408 1075 591 1114 credibile
604 1075 723 1112 fuisse
741 1081 890 1113 tantum
906 1088 994 1113 eum
1015 1088 1037 1113 e
1056 1074 1210 1113 tantillo
1225 1073 1322 1119 fore,
1341 1086 1456 1125 quam
1470 1085 1591 1119 nunc,

119 1150 208 1174 cum
236 1137 334 1175 adeo
366 1137 488 1175 multa
517 1136 731 1188 intercepit,
763 1137 880 1174 etiam
907 1144 1051 1175 caetera
1078 1137 1345 1182 subacturum,
1374 1141 1413 1173 et
1442 1134 1593 1185 reliqua

119 1198 201 1249 ejus
215 1199 365 1249 generis
384 1198 527 1245 omnia,
548 1211 635 1249 quae
648 1210 954 1237 commemorare
969 1211 1136 1249 possem,
1155 1198 1463 1248 praetermittam.
1508 1196 1589 1233 Sed

120 1259 217 1298 illud
237 1259 271 1298 ei
291 1260 404 1298 video
438 1259 681 1298 concessisse
710 1259 893 1298 mortales
924 1273 1073 1306 omnes,
1094 1273 1117 1298 a
1136 1260 1244 1297 vobis
1265 1258 1371 1296 initio
1401 1258 1519 1303 facto,
1541 1258 1591 1295 de

120 1334 197 1372 quo
227 1328 342 1361 antea
373 1334 526 1373 semper
556 1321 739 1360 universa
768 1321 909 1360 Graeca
925 1321 1030 1360 bella
1048 1322 1291 1360 exstiterunt.
1349 1320 1454 1364 Quid
1475 1320 1592 1370 igitur

119 1383 217 1422 illud
236 1383 323 1422 est?
353 1396 468 1435 agere
489 1382 673 1434 quicquid
692 1383 726 1421 ei
746 1383 853 1429 libet,
885 1390 925 1422 et
951 1383 1178 1434 singulatim
1210 1383 1365 1434 quosvis
1386 1379 1439 1420 ita
1458 1382 1589 1420 conci-

121 1445 212 1483 dere
231 1450 271 1482 et
290 1445 456 1496 spoliare
478 1444 654 1491 Graecos,
674 1451 713 1483 et
738 1445 920 1483 invadere
954 1453 1070 1497 atque
1098 1445 1317 1497 opprimere
1337 1446 1452 1483 urbes
1473 1444 1590 1482 servi-

119 1512 216 1545 tute.
273 1506 396 1557 Atqui
416 1506 564 1545 Graecis
591 1519 659 1544 vos
685 1506 859 1557 praefecti
880 1507 1004 1545 fuistis
1025 1513 1102 1545 tres
1123 1514 1163 1545 et
1184 1507 1433 1558 septuaginta
1452 1519 1590 1552 annos,

121 1567 296 1618 praefecti
315 1567 405 1605 item
425 1567 689 1618 undetriginta
710 1567 1009 1607 Lacedaemonii.
1067 1569 1241 1607 Thebani
1262 1582 1418 1619 quoque
1440 1568 1590 1618 aliquid

122 1636 284 1681 potuere
303 1629 486 1667 extremis
505 1628 610 1666 hisee
624 1629 877 1679 temporibus,
899 1637 989 1681 post
1006 1643 1178 1681 pugnam
1196 1630 1452 1668 Leuctricam.
1510 1629 1589 1667 Sed

122 1697 251 1729 tamen
266 1702 393 1741 neque
411 1690 521 1728 vobis
540 1703 664 1740 neque
693 1689 890 1729 Thebanis
920 1705 1046 1742 neque
1077 1691 1381 1730 Lacedaemoniis
1410 1691 1491 1730 ullo
1517 1705 1591 1729 un-

123 1766 240 1804 quam
256 1760 437 1803 tempore,
456 1752 732 1798 Athenienses,
753 1765 986 1791 concessum
1007 1753 1081 1791 fuit
1100 1753 1174 1791 hoc
1195 1766 1218 1791 a
1234 1753 1401 1800 Graecis,
1422 1760 1466 1791 ut
1485 1754 1591 1805 quod

121 1815 273 1853 libitum
291 1820 394 1852 esset
413 1813 579 1864 ageretis
597 1826 606 1851 z
636 1813 728 1863 quin
748 1813 914 1851 multum
934 1814 1072 1861 abfuit,
1093 1814 1163 1853 sed
1192 1820 1232 1852 et
1250 1815 1375 1861 vobis,
1396 1828 1441 1853 ac
1461 1815 1591 1866 potius

121 1876 223 1915 illius
243 1875 427 1927 temporis
449 1874 768 1923 Atheniensibus,
789 1888 878 1914 cum
895 1877 1085 1926 quosdam
1107 1889 1184 1914 non
1201 1883 1367 1915 tractare
1388 1878 1590 1914 moderate

120 1937 356 1985 viderentur,
376 1949 512 1976 omnes
540 1937 746 1988 putabant,
765 1937 827 1976 vel
847 1937 912 1988 qui
939 1938 1032 1976 nihil
1052 1939 1160 1989 queri
1179 1937 1228 1976 de
1244 1938 1290 1976 iis
1310 1945 1503 1988 poterant,
1522 1952 1592 1989 per

124 2012 286 2038 causam
307 2011 441 2038 eorum
472 1998 537 2048 qui
561 1997 690 2037 affecti
719 2005 829 2036 erant
849 1999 987 2050 injuria
1004 2000 1150 2038 bellum
1170 2013 1254 2038 esse
1273 1999 1531 2046 inferendum,
1552 2007 1593 2038 et

126 2074 257 2100 rursus
295 2059 607 2098 Lacedaemoniis
635 2059 917 2112 imperantibus
947 2067 987 2099 et
1013 2061 1183 2099 eundem
1207 2075 1323 2112 quem
1355 2075 1423 2099 vos
1457 2068 1592 2100 tenue-

124 2122 216 2161 ratis
238 2121 496 2174 principatum
525 2120 690 2172 adeptis,
713 2135 803 2160 cum
821 2121 1055 2161 insolescere
1075 2124 1288 2175 coepissent
1302 2130 1342 2162 et
1359 2123 1590 2162 immodera-

123 2184 200 2222 tius
219 2183 396 2222 instituta
414 2188 545 2220 vetera
555 2182 831 2230 convellerent,
851 2197 986 2222 omnes
1005 2183 1152 2222 bellum
1172 2184 1399 2229 intulerunt,
1421 2185 1444 2222 ii
1459 2186 1591 2231 etiam,

122 2246 188 2298 qui
206 2244 300 2283 nihil
318 2245 368 2283 de
382 2244 438 2282 eis
457 2244 731 2295 querebantur.
789 2246 839 2283 Et
859 2259 1044 2296 quorsum
1069 2246 1209 2284 attinet
1239 2247 1379 2285 referre
1397 2248 1589 2285 caeteros?

124 2306 218 2359 quin
236 2319 306 2345 nos
325 2305 399 2358 ipsi
418 2311 459 2344 et
483 2304 788 2353 Lacedaemonii,
813 2320 902 2345 cum
919 2309 966 2345 ab
985 2307 1093 2346 initio
1109 2307 1204 2345 nihil
1221 2308 1350 2347 dicere
1371 2322 1590 2360 possemus,

123 2381 202 2418 quo
218 2367 328 2406 alteri
342 2368 390 2405 ab
410 2365 540 2404 alteris
567 2366 697 2405 violati
725 2381 914 2415 essemus,
930 2375 1058 2408 tamen
1079 2375 1234 2421 propter
1253 2370 1427 2422 injurias,
1450 2372 1591 2423 quibus

126 2428 222 2467 alios
254 2428 355 2467 affici
374 2428 618 2476 videbamus,
638 2428 784 2467 bellum
817 2443 901 2468 esse
932 2431 1146 2481 gerendum
1177 2432 1412 2483 putavimus.
1469 2433 1591 2484 Atqui

126 2490 257 2528 omnia
279 2502 367 2539 quae
393 2502 417 2527 a
450 2489 753 2529 Lacedaemoniis
785 2498 948 2542 peccata
984 2499 1077 2530 sunt
1104 2500 1173 2545 per
1209 2493 1370 2544 triginta
1408 2494 1494 2532 illos
1520 2508 1590 2532 an-

125 2565 196 2590 nos
217 2557 257 2589 et
275 2564 298 2588 a
316 2550 523 2602 majoribus
538 2551 680 2591 nostris
700 2565 769 2603 per
789 2553 1050 2604 septuaginta,
1080 2555 1229 2593 minora
1247 2563 1350 2602 sunt,
1373 2557 1590 2594 Athenien-

127 2627 203 2660 ses,
222 2612 268 2651 iis
285 2624 373 2664 quae
393 2611 594 2664 Philippus
621 2614 742 2651 tribus
773 2621 812 2652 et
844 2614 981 2653 decem
1002 2629 1079 2654 non
1095 2617 1187 2654 totis
1208 2618 1321 2656 annis
1338 2618 1476 2668 quibus
1497 2617 1591 2655 emi·

126 2675 212 2713 nuit
231 2674 272 2712 in
300 2673 464 2712 Graeeos
482 2673 696 2713 commisit:
726 2675 802 2713 imo
833 2689 907 2715 nee
938 2677 1096 2716 minima
1127 2690 1215 2729 pars
1243 2678 1310 2717 illa
1330 2686 1420 2718 sunt
1438 2679 1590 2716 horum.

129 2737 254 2788 quue
272 2735 406 2787 paucis
426 2735 580 2773 ostendi
593 2737 719 2774 verbis
735 2737 846 2775 facile
866 2744 1010 2789 potest.

180 2800 220 2837 6.
251 2797 467 2849 Olynthum
488 2796 643 2847 quidem
672 2805 712 2835 et
739 2799 973 2838 Methonam
1007 2807 1047 2838 et
1073 2801 1320 2852 Apolloniam
1354 2807 1393 2837 et
1424 2800 1520 2839 duas
1550 2808 1591 2840 et

126 2861 284 2913 triginta
303 2861 416 2899 urbes
436 2859 474 2896 in
493 2859 659 2898 Thracia
677 2861 828 2908 omitto,
848 2876 946 2913 quas
962 2864 1160 2901 universas
1179 2864 1276 2901 adeo
1291 2863 1500 2902 crudeliter
1521 2879 1592 2903 ex-

127 2923 234 2971 cidit,
253 2929 295 2962 ut
314 2922 346 2962 si
361 2921 585 2970 accesseris,
601 2934 672 2961 nec
692 2935 741 2962 an
762 2937 933 2975 unquam
953 2925 1136 2964 habitatae
1159 2924 1315 2972 fuerint,
1331 2925 1442 2964 facile
1459 2926 1565 2966 dicas
1582 2941 1589 2966 :

854 2999 880 3023 N
