1923 3149
556 182 790 222 CONTRA
829 180 1268 218 AmsrocstATEM.
1487 162 1597 216 ’407-

142 284 233 335 quid
255 284 335 336 ipse
356 284 445 321 mali
465 285 643 335 patiatur,
665 296 882 336 praecavere
901 282 1043 327 studet,
1065 284 1130 320 viri
1145 282 1345 333 prudentis
1363 281 1489 319 officio
1505 278 1590 319 fun-

142 346 258 396 gitur.

197 407 261 443 49.
294 407 483 444 Fortassis
510 413 639 444 autem
667 405 781 443 talem
802 403 995 455 quandam
1015 403 1271 453 suspicionem
1293 404 1499 454 proferent,
1523 416 1591 441 nos

143 466 263 504 virum
289 466 407 512 illum,
437 473 608 504 nostram
633 465 836 503 amicitiam
864 464 1108 502 vehementer
1127 471 1386 514 expetentem,
1405 472 1444 502 et
1465 465 1512 502 de
1533 478 1592 503 re-

143 527 299 577 publica
327 528 426 564 bene
446 527 615 564 merendi
636 526 863 570 studiosum,
886 524 1089 562 affecturos
1117 524 1281 568 tristitia,
1310 524 1464 562 decreto
1484 527 1594 563 abro-

146 594 250 638 gato,
279 595 317 626 et
342 587 557 633 effecturos,
584 595 626 625 ut
645 587 743 625 male
775 587 822 624 de
843 586 952 623 nobis
983 585 1213 636 suspicetur.
1258 584 1414 629 Audite,
1448 599 1593 635 quaeso,

145 648 415 693 Athenienses,
446 648 538 697 quid
567 660 614 685 ea
633 648 681 685 de
712 660 750 684 re
779 660 852 697 ego
878 647 1054 684 sentiam.
1095 647 1134 684 Si
1163 659 1250 684 vere
1277 653 1316 684 et
1344 646 1439 684 citra
1462 647 1594 684 fucum

146 710 255 747 nobis
276 709 421 747 amicus
437 716 552 753 esset,
575 708 650 745 imo
671 709 702 745 si
720 720 867 745 summa
887 707 923 744 in
952 720 1022 744 nos
1043 707 1229 745 beneficia
1249 707 1459 745 collaturus
1479 715 1595 754 esset,

146 783 194 808 ne
215 770 270 808 sic
292 770 448 820 quidem
467 766 579 807 istam
601 770 812 807 orationem
833 769 1064 807 audiendam
1086 775 1284 820 putarem3
1316 760 1393 806 non
1413 769 1514 807 enim
1531 783 1594 807 ex-

145 831 271 868 istimo
307 830 426 868 ullum
465 843 691 881 cujusquam
731 837 880 868 tantum
917 843 1001 867 esse
1034 843 1146 880 posse
1179 830 1409 867 beneficium
1440 837 1597 882 propter

143 904 258 941 quem
293 891 342 929 sit
361 891 614 943 jurisjurandi
638 892 819 929 violanda
850 891 995 941 religiO,
1019 898 1058 929 et
1088 891 1196 929 aliter
1225 905 1341 942 quam
1362 893 1511 943 justum
1542 893 1596 930 vi-

145 953 294 998 deatur,
314 952 668 1003 pronunciandum:
696 945 786 990 'cum
802 965 891 990 vero
906 958 1071 998 constet,
1087 966 1174 990 eum
1189 959 1227 990 et
1239 952 1484 1003 impostorem
1498 967 1596 1000 esse,

146 1020 186 1052 et
201 1014 472 1059 simulatorem,
491 1013 656 1063 nihilque
674 1013 811 1052 sinceri
826 1013 984 1064 agitare,
1001 1013 1227 1051 alterutrum
1244 1027 1264 1051 e
1279 1013 1597 1053 condemnatione

145 1075 288 1113 decreti
304 1075 548 1114 commodum
561 1075 790 1126 percipietis.
824 1075 923 1112 Nam
942 1083 1007 1112 aut
1022 1075 1271 1125 imposturam
1288 1075 1414 1113 facere
1435 1076 1597 1121 desinet,

148 1136 212 1174 ubi
232 1150 273 1175 se
286 1136 444 1175 tandem
461 1137 645 1187 cognosci
665 1136 825 1174 viderit:
859 1143 940 1181 aut,
959 1137 991 1173 si
1020 1142 1185 1174 vestram
1205 1136 1530 1175 necessitudinem
1551 1151 1598 1175 ex

146 1198 273 1236 animo
293 1204 332 1235 et
351 1198 446 1235 citra
464 1198 638 1235 fraudem
661 1197 869 1241 desiderat,
890 1210 1020 1234 verum
1047 1197 1198 1247 aliquod
1219 1198 1257 1234 in
1276 1210 1343 1234 vos
1369 1198 1598 1236 beneficium

145 1259 330 1303 conferet,
351 1259 415 1295 ubi
434 1258 583 1303 viderit,
603 1271 643 1295 se
672 1258 914 1295 simulatione
935 1271 1006 1295 sua
1033 1258 1123 1295 nihil
1143 1258 1419 1309 profecturum.
1453 1261 1598 1302 Quam-

146 1320 293 1366 obrem,
314 1319 345 1356 si
365 1331 443 1356 non
461 1320 510 1356 ob
531 1318 636 1356 aliud
654 1319 874 1368 quicquam,
894 1319 954 1355 vel
975 1326 1131 1369 propter
1150 1319 1224 1356 hoc
1243 1319 1455 1357 tollendum
1473 1321 1600 1359 fuerit.

200 1382 264 1418 50.
296 1380 433 1431 Operae
453 1379 616 1430 pretium
636 1392 750 1430 porro
781 1379 866 1423 erit,
889 1379 1159 1424 Athenienses,
1176 1380 1274 1417 illud
1295 1393 1447 1431 quoque
1475 1382 1601 1419 consi-

147 1442 293 1487 derare,
314 1455 431 1492 quarn
463 1441 649 1478 rationem
677 1441 716 1478 in
743 1441 881 1478 dandis
904 1441 1115 1478 honoribus
1135 1449 1173 1479 et
1191 1443 1355 1492 praemiis
1376 1445 1494 1481 nostri
1520 1457 1600 1482 ma-

140 1504 246 1554 jores
262 1503 339 1542 sint
347 1503 484 1547 secuti,
498 1502 577 1539 sive
587 1501 651 1538 illa
663 1504 700 1538 in
714 1502 830 1546 cives,
846 1502 978 1539 sivein
991 1502 1175 1553 hospites,
1189 1504 1425 1541 reverabene
1441 1506 1601 1544 meritos

147 1564 425 1602 conferrentur.
457 1563 596 1604 Quare
612 1562 643 1598 si
663 1561 833 1599 videritis
853 1562 937 1599 illos
953 1562 1074 1600 fuisse
1096 1563 1237 1600 rectius
1256 1576 1359 1609 usos,
1381 1564 1519 1603 imitari
1535 1580 1601 1604 eos

147 1638 216 1676 par
241 1624 379 1662 fuerit:
410 1623 467 1661 sin
487 1635 570 1667 vos,
599 1622 783 1668 arbitratu
802 1629 931 1660 vestro
951 1624 1086 1673 agetis.
1117 1623 1286 1660 Primum
1307 1624 1423 1673 igitur
1451 1625 1604 1665 Themi-

149 1686 323 1731 stoclem,
343 1683 409 1735 qui
424 1683 551 1721 navali
571 1683 621 1720 ad
642 1682 877 1721 Salaminem
894 1684 1026 1734 praelio
1042 1684 1198 1728 vicerat,
1220 1690 1259 1721 et
1277 1684 1496 1723 Miltiadem
1511 1688 1602 1726 Ma-

149 1746 333 1784 rathoniae
367 1758 508 1796 pugnae
536 1744 689 1790 ducem,
709 1750 747 1782 et
771 1745 951 1795 reliquos,
986 1745 1050 1795 qui
1079 1746 1197 1796 longe
1227 1746 1370 1797 majora
1398 1761 1513 1798 quarn
1545 1750 1605 1790 isti

150 1807 270 1846 nostri
289 1806 409 1844 duces
430 1812 643 1856 gesserant,
665 1817 742 1842 non
770 1806 880 1843 aereis
899 1807 1036 1844 statuis
1057 1807 1304 1853 decorabant,
1325 1821 1449 1858 neque
1469 1810 1604 1849 immo-

150 1869 237 1907 dice
258 1867 500 1906 deamabant.
545 1867 633 1904 Non
655 1866 770 1916 igitur
789 1866 835 1904 de
856 1880 898 1904 se
912 1868 1010 1905 bene
1031 1867 1174 1906 meritis
1194 1869 1353 1919 gratiam
1379 1870 1605 1911 habebant?

150 1930 209 1967 Ac
229 1941 408 1979 magnam
439 1928 609 1979 quidem,
634 1927 904 1973 Athenienses,
933 1935 972 1966 et
997 1929 1216 1966 referebant
1239 1936 1321 1967 tum
1349 1944 1389 1968 se
1419 1939 1502 1970 tum
1527 1934 1603 1971 illis

152 1989 323 2040 dignam.
354 1989 430 2033 Qui
450 2002 538 2027 cum
558 1989 783 2039 ipsi-omnes
800 1994 1030 2039 praestantes
1049 1989 1118 2027 viri
1138 1996 1282 2036 essent,
1302 1991 1389 2030 illos
1410 1993 1481 2030 sibi
1499 1994 1605 2033 dele-

153 2057 291 2101 gerunt
309 2051 572 2100 imperatores,
591 2049 772 2100 praelatos
798 2050 949 2089 ceteris.
999 2051 1068 2087 Est
1088 2058 1216 2088 autem
1246 2053 1452 2091 moderatis
1480 2054 1603 2094 homi-

152 2111 277 2157 nibus,
297 2118 337 2148 et
366 2123 445 2148 rem
472 2116 577 2147 recta
595 2110 657 2146 via
674 2111 939 2160 reputantibus
960 2111 1076 2161 longe
1105 2112 1227 2162 major
1253 2112 1389 2159 honos,
1417 2124 1603 2165 praestan-

153 2171 248 2208 tium
275 2172 440 2208 virorum
460 2171 818 2221 praestantissimum
845 2184 925 2209 esse
949 2172 1180 2223 judicatum,
1208 2186 1324 2224 quam
1351 2188 1452 2213 aerea
1479 2185 1606 2217 statua

154 2245 240 2270 esse
260 2232 393 2282 possit.
428 2231 569 2282 Neque
589 2244 678 2269 vero
699 2231 811 2268 ullius
830 2232 1007 2270 facinoris
1024 2233 1145 2283 gloria
1164 2248 1204 2271 se
1225 2234 1449 2284 privabant3
1480 2251 1606 2289 neque

153 2294 356 2343 quisquam
376 2299 457 2330 erat
477 2293 541 2342 qui
561 2292 697 2330 navale
716 2293 887 2343 praelium
904 2293 953 2330 ad
974 2294 1207 2332 Salaminem
1227 2295 1496 2336 Themistoclis
1517 2313 1606 2340 esse

154 2355 312 2401 diceret,
338 2355 406 2392 sed
427 2354 737 2399 Atheniensium,
756 2367 880 2405 neque
900 2355 1186 2394 Marathoniam
1215 2370 1383 2408 pugnam
1405 2359 1607 2411 Miltiadis,

155 2416 223 2454 sed
244 2413 422 2454 ci'vitatis.
457 2416 573 2453 Nune
602 2415 719 2466 vulgo
742 2416 968 2462 ita'dicunt,
993 2417 1219 2456 Timotheus
1253 2419 1461 2470 Corcyram
1490 2425 1604 2475 cepit,

155 2477 367 2528 Iphicrates
388 2490 533 2514 moram
549 2477 732 2521 concidit,
754 2477 939 2515 Chabrias
959 2479 1085 2516 navali
1112 2479 1160 2517 ad
1179 2480 1333 2518 Naxum
1352 2482 1485 2531 praelio
1504 2485 1606 2524 vicit.

156 2538 258 2575 Nam
280 2538 373 2575 dum
393 2545 471 2575 tam
491 2539 697 2576 immensos
725 2539 890 2577 honores
911 2541 959 2578 ob
985 2540 1122 2578 horum
1143 2541 1296 2593 singula
1311 2543 1530 2592 decernitis,
1552 2549 1606 2585 vi-

155 2600 296 2638 demini
314 2600 423 2650 quasi
439 2601 652 2638 concedere
675 2601 724 2638 de
739 2601 861 2651 gloria
880 2609 1073 2652 gestarum
1095 2616 1234 2641 rerum.

210 2662 274 2698 51.
306 2661 445 2698 Civilia
463 2661 577 2711 igitur
606 2663 762 2712 praemia
780 2663 835 2700 illi
853 2670 929 2701 tam
966 2670 1005 2701 et
1023 2664 1155 2714 pulcre
1176 2672 1215 2703 et
1233 2666 1374 2704 utiliter
1392 2667 1606 2718 largieban-

156 2728 230 2767 tur,
257 2729 297 2759 et
317 2734 383 2758 vos
404 2735 481 2759 non
502 2729 628 2765 recte3
661 2723 730 2760 sed
747 2723 957 2775 hospitalia
976 2726 1199 2775 quomodo?
1225 2727 1287 2764 Illi
1307 2727 1465 2765 Menoni
1487 2729 1607 2769 Phar-

155 2781 266 2831 salio,
293 2781 498 2820 duodecim
519 2783 666 2832 argenti
684 2783 832 2822 talenta
851 2785 888 2821 in
908 2785 1051 2823 bellum
1079 2787 1128 2824 ad
1149 2788 1320 2833 Eionem,
1340 2801 1426 2838 quae
1447 2789 1607 2841 Amphi-

156 2841 234 2892 poli
247 2842 376 2880 vicina
388 2850 463 2891 est,
483 2842 637 2893 largito,
652 2850 690 2880 et
710 2845 888 2883 trecentis
904 2846 983 2884 suis
1001 2848 1194 2898 equitibus
1210 2848 1387 2886 Penestis
1405 2850 1606 2901 opitulato,

158 2916 236 2942 non
255 2904 522 2951 decreverunt,
544 2905 573 2943 si
595 2905 678 2955 quis
707 2919 794 2944 eum
819 2908 1036 2955 occidisset,
1068 2909 1204 2947 abduci
1231 2909 1339 2948 illum
1365 2910 1480 2950 licere
1495 2926 1506 2956 ;
1537 2915 1606 2953 sed
