1923 3149
439 173 511 212 DE
542 173 688 212 MALE
719 173 899 211 GESTA
931 171 1263 214 LEGATIONE.
1511 171 1584 212 231

129 289 188 314 me
205 287 250 313 ea
269 287 398 325 neque
418 276 530 323 scire,
546 289 672 327 neque
689 275 927 327 participare,
946 281 985 312 et
1003 273 1152 319 addidi,
1169 287 1294 324 neque
1313 273 1429 312 etiam
1450 286 1585 326 exspe-

131 344 245 375 ctare.
289 337 342 374 Ut
364 343 493 375 autem
520 351 587 376 vos
618 337 712 375 illud
732 338 889 376 verbum
906 348 976 374 nec
996 336 1259 387 exspectandi,
1279 349 1381 386 aegre
1401 335 1599 383 ferebatis,

129 398 261 444 facite,
281 398 452 449 inquam,
473 397 745 445 Athenienses,
775 398 807 436 si
826 397 918 449 quid
937 398 1097 436 istorum
1119 397 1263 434 factum
1283 396 1411 442 fuerit,
1439 405 1482 436 ut
1501 398 1595 436 istos

126 459 316 505 laudetis,
337 466 376 497 et
397 460 554 507 ornetis,
575 467 614 498 et
644 460 796 499 coronis
825 459 991 506 donetis,
1009 471 1070 496 me
1089 471 1179 496 vero
1208 470 1309 496 non:
1341 458 1410 496 sed
1440 460 1472 497 si
1501 460 1594 510 quid

130 533 246 558 secus
263 520 460 566 acciderit,
483 521 564 559 istis
584 520 801 567 irascimini,
819 533 892 573 ego
911 533 1001 559 vero
1021 520 1132 558 cedo.
1174 519 1265 557 Non
1293 532 1412 566 nunc,
1444 522 1597 572 subjicit

130 581 341 621 AEschines
371 583 456 629 iste,
479 596 556 620 non
576 596 680 622 nunc
700 583 808 629 cede,
836 583 905 621 sed
930 583 1018 621 vide
1035 595 1084 621 ne
1103 589 1197 621 tunc
1223 582 1291 621 tibi
1310 582 1507 621 vendices.
1538 584 1597 621 Ita

128 644 207 689 fiet,
222 644 392 694 inquam,
412 643 484 681 nisi
502 644 616 682 velim
631 657 718 683 esse
736 644 906 696 injurius.
931 645 988 682 At
1002 644 1245 682 Philocrates
1265 652 1355 695 post
1378 643 1485 683 illum
1504 657 1589 682 sur-

129 718 225 755 gens
253 705 367 743 valde
400 705 618 752 insolenter,
653 706 706 743 nil
742 706 895 753 mirum,
931 705 1068 757 inquit,
1101 713 1174 754 est,
1204 706 1476 752 Athenienses,
1509 718 1588 744 non

128 765 260 804 eadem
293 766 412 804 videri
445 767 538 804 mihi
561 781 648 819 quae
668 768 948 813 Demostheni3
979 769 1125 814 narnis
1157 768 1313 819 quidem
1342 781 1494 820 aquam,
1516 781 1596 820 ego

131 841 218 866 vero
238 829 369 867 vinum
386 829 490 869 bibo.
532 829 589 867 Ibi
608 843 675 868 vos
695 830 892 869 ridebatis.

187 891 247 927 17.
277 890 368 928 Jam
388 890 586 928 decretum
617 891 875 938 considerate,
900 890 1168 938 Athenienses,
1202 890 1306 942 quod
1332 897 1470 942 postea
1499 891 1593 929 scri-

129 951 298 989 bendum
314 953 460 990 curavit
477 952 729 991 Philocrates.
752 953 853 991 Nam
869 953 990 991 obiter
1003 952 1159 1003 quidem
1174 952 1310 991 auditu
1325 965 1415 991 sane
1431 952 1592 1003 praecla-

129 1026 212 1050 rum
241 1019 322 1050 est:
354 1012 424 1050 sed
442 1013 473 1050 si
493 1013 576 1063 quis
603 1019 778 1065 tempora
796 1014 1038 1064 computarit,
1057 1015 1196 1063 quibus
1217 1014 1404 1065 scriptum
1434 1014 1520 1059 fuit,
1552 1020 1593 1052 et

129 1074 423 1124 pollicitationes
452 1087 548 1124 quas
575 1074 649 1112 iste
679 1080 761 1112 tum
784 1073 982 1121 afferebat,
1010 1074 1217 1122 constabit,
1240 1087 1307 1112 eos
1332 1074 1426 1112 nihil
1455 1075 1594 1112 fecisse

131 1135 248 1180 aliud,
263 1148 379 1185 quam
399 1134 604 1173 tradidisse
626 1134 805 1187 Philippo
819 1142 858 1174 et
875 1134 1068 1173 Thebanis
1089 1134 1326 1180 Phocenses,
1341 1141 1494 1174 tantum
1514 1147 1592 1174 non

131 1196 308 1234 manibus
329 1203 420 1248 post
434 1203 543 1248 terga
555 1197 741 1248 religatis.
773 1197 912 1236 Recita
931 1197 1144 1236 decretum.

704 1339 1030 1380 DECRETUM.

139 1434 302 1482 Videtis,
348 1435 623 1482 Athenienses,
664 1436 862 1475 decretum
894 1436 1049 1486 quantis
1077 1435 1256 1473 laudibus
1287 1440 1326 1473 et
1361 1433 1601 1485 benignitate

136 1498 338 1535 verborum
368 1498 416 1536 sit
446 1498 650 1542 refertum
683 1505 722 1536 et
740 1511 814 1549 pax
842 1498 992 1543 eadem,
1019 1497 1154 1548 inquit,
1183 1503 1268 1535 esto
1297 1509 1386 1547 quae
1406 1495 1602 1547 Philippo,

137 1557 251 1596 etiam
270 1559 434 1609 posteris
454 1560 550 1611 ejus,
573 1567 613 1598 et
632 1560 820 1604 societas3
851 1567 890 1598 et
914 1559 1095 1597 laudetur
1115 1559 1332 1610 Philippus,
1353 1558 1457 1608 quod
1490 1557 1604 1608 polli-

137 1626 246 1658 cetur
267 1633 308 1659 se
328 1621 519 1659 facturum
539 1634 585 1659 ea
603 1634 689 1672 quae
709 1634 823 1672 aequa
841 1621 930 1659 sint.
964 1621 1109 1658 Verum
1128 1620 1222 1658 nihil
1242 1620 1305 1658 ille
1320 1619 1476 1670 quidem
1490 1618 1604 1669 polli-

137 1682 238 1723 citus
260 1683 397 1730 fuerat,
416 1684 485 1721 sed
505 1691 656 1729 tantum
676 1685 811 1722 aberat
830 1697 850 1721 e
870 1683 1105 1735 pollicendo,
1123 1688 1167 1720 ut
1187 1695 1227 1720 se
1245 1683 1423 1732 ignorare
1445 1680 1604 1726 diceret,

136 1757 215 1794 qua
235 1758 276 1782 re
306 1746 412 1783 vobis
433 1746 715 1796 gratificaretur
732 1759 741 1789 ;
773 1746 845 1783 iste
866 1751 994 1783 autem
1014 1757 1084 1796 pro
1105 1757 1152 1782 eo
1172 1744 1415 1795 loquebatur,
1434 1748 1473 1778 et
1490 1740 1604 1790 polli-

137 1806 310 1844 cebatur.
345 1806 583 1845 Philocrates
621 1807 738 1857 igitur
762 1820 829 1844 vos
856 1807 894 1844 in
925 1805 1034 1843 istius
1064 1806 1182 1838 verba
1209 1813 1422 1852 propensos
1452 1807 1604 1849 nactus,

136 1866 228 1905 illud
246 1867 418 1906 inscribit
433 1867 611 1909 decreto;
635 1868 740 1916 quod
756 1868 830 1902 nisi
846 1864 1008 1902 fecerint
1021 1862 1245 1900 Phocenses
1259 1875 1305 1900 ea
1320 1876 1407 1913 quae
1423 1862 1604 1909 debeant,

137 1940 208 1966 nec
242 1928 590 1979 Amphictyonibus
619 1926 806 1977 templum
835 1924 1075 1968 tradiderint,
1108 1924 1291 1975 populum
1321 1923 1604 1963 Atheniensem

137 1989 278 2027 auxilia
298 1990 502 2027 missurum
523 1996 659 2027 contra
679 2001 760 2036 eos,
779 2001 847 2039 per
866 2000 963 2038 quos
987 1994 1076 2034 stet,
1095 2000 1172 2037 quo
1191 1986 1318 2025 minus
1339 1999 1385 2025 ea
1405 1987 1512 2025 fiant.

196 2053 256 2088 18.
289 2052 438 2101 Itaque,
459 2052 730 2094 Athenienses,
751 2050 860 2088 vobis
881 2050 986 2088 domi
1007 2049 1252 2087 manentibus
1267 2055 1307 2087 et
1321 2061 1403 2086 non
1424 2050 1601 2100 egressis,

137 2119 176 2150 et
194 2112 380 2163 regressis
400 2112 709 2151 Lacedaemoniis
729 2111 867 2151 fraude
887 2111 1171 2157 animadversa,
1191 2116 1231 2150 et
1244 2111 1398 2149 nemine
1418 2111 1494 2149 alio
1509 2111 1604 2150 Am-

137 2173 388 2224 phictyonum
418 2180 607 2224 praesente
626 2180 765 2225 praeter
791 2172 1002 2211 Thessalos
1023 2179 1062 2211 et
1079 2172 1303 2220 Thebanos,
1327 2172 1486 2211 minima
1513 2186 1603 2211 eum

136 2234 360 2281 offensione,
389 2241 429 2273 et
446 2235 710 2273 moderatione
731 2248 882 2273 summa
902 2234 1066 2285 scripsit,
1087 2234 1274 2285 templum
1301 2233 1376 2272 illis
1407 2246 1494 2272 esse
1523 2241 1603 2274 tra-

138 2296 323 2344 dendum,
343 2310 432 2335 cum
451 2297 682 2335 tradendum
701 2309 787 2335 esse
809 2296 1025 2347 scripsisset
1037 2295 1400 2347 Amphictyonibus.
1424 2295 1604 2339 Quibus?

138 2371 263 2409 neque
292 2359 390 2397 enim
420 2366 530 2398 erant
563 2359 612 2397 ibi
645 2358 720 2405 alii,
750 2371 866 2409 quarn
897 2357 1069 2395 Thebani
1086 2364 1125 2395 et
1145 2357 1334 2396 Thessali.
1369 2357 1449 2395 Sed
1474 2370 1599 2409 neque

139 2420 343 2457 convocari
362 2421 477 2472 jussit
508 2420 827 2472 AmphictyoneS‚
859 2432 984 2470 neque
1013 2418 1158 2457 differri
1184 2417 1277 2456 dum
1308 2419 1599 2465 convenissent,

141 2493 266 2531 neque
285 2481 503 2520 Proxenum
517 2482 616 2521 ferre
635 2494 747 2534 opem
767 2481 1049 2528 Phocensibus,
1065 2494 1191 2532 neque
1205 2481 1372 2519 educere
1388 2481 1603 2520 exercitum

142 2541 413 2590 Athenienses,
429 2557 555 2594 neque
580 2544 658 2582 tale
678 2544 899 2596 quicquam.
939 2543 1044 2586 Quin
1063 2550 1103 2581 et
1120 2542 1250 2581 literas
1270 2541 1372 2580 misit
1398 2542 1602 2593 Philippus

141 2605 265 2650 binas,
282 2618 369 2656 quae
388 2608 580 2659 vocabant
591 2620 674 2653 vos,
689 2618 767 2643 non
782 2612 827 2643 ut
838 2604 1009 2643 exiretis.
1043 2604 1315 2656 Nequaquam.
1348 2603 1484 2654 Neque
1500 2603 1603 2640 enim

142 2665 310 2717 spatium
331 2665 563 2712 sustulisset,
589 2680 666 2717 quo
685 2668 791 2705 exire
810 2666 1047 2718 potuissetis,
1068 2672 1108 2704 et
1126 2673 1209 2704 tum
1235 2665 1391 2703 demum
1409 2669 1602 2710 vocasset,

140 2741 264 2778 neque
284 2741 344 2765 me
364 2727 442 2766 huc
461 2728 730 2779 navigaturum
749 2729 991 2774 detinuisset,
1012 2741 1139 2779 neque
1169 2728 1263 2766 talia
1282 2727 1397 2764 istum
1411 2725 1530 2763 verba
1547 2724 1605 2762 fa-

143 2802 232 2827 cere
245 2782 442 2841 jussisset,
455 2789 594 2840 quibus
609 2789 769 2828 adducti
787 2803 856 2828 vos
872 2790 1027 2828 minime
1044 2789 1184 2828 exituri
1203 2788 1318 2826 eratis
1334 2801 1343 2824 :
1374 2786 1443 2824 sed
1462 2785 1501 2823 id
1517 2798 1603 2836 spe-

141 2851 274 2897 ctavit,
295 2858 338 2889 ut
370 2864 454 2897 vos,
473 2857 655 2902 putantes
675 2863 764 2900 eum
785 2851 976 2890 facturum
996 2864 1082 2902 quae
1102 2848 1269 2896 velletis,
1286 2847 1381 2886 nihil
1400 2847 1434 2885 ei
1453 2853 1607 2884 contra-

144 2911 241 2950 rium
267 2913 539 2960 decerneretis,
562 2918 602 2951 et
622 2913 843 2953 Phocenses
863 2914 937 2952 vim
957 2927 1037 2951 non
1057 2911 1340 2965 propulsarent,
1360 2922 1488 2960 neque
1507 2908 1604 2948 resi-
