1923 3149
545 163 748 201 ORATIO
780 161 853 200 DE
885 160 1189 198 HALONESO.
1578 154 1626 190 67

168 275 305 316 nempe
323 265 442 303 ceteri
461 265 589 304 Graeci
609 266 674 316 qui
693 265 838 303 foedere
857 276 933 302 non
949 263 1237 301 continerentur
1256 260 1363 298 liberi
1383 267 1513 297 essent,
1527 259 1624 294 suis-

167 338 244 375 que
263 326 436 365 viverent
453 327 620 379 legibus,
640 339 685 365 ac
705 328 736 365 si
755 326 840 378 quis
853 338 919 364 eos
934 324 1147 370 invaderet,
1163 329 1206 360 ut
1220 322 1275 359 eis
1288 321 1464 358 foederati
1481 321 1622 357 ferrent

164 387 279 424 auxili
287 400 372 432 um:
404 388 502 427 ¹non
523 389 747 427 arbitrantes
759 388 833 425 hoc
849 398 1002 437 aequum
1024 398 1109 423 csse
1128 391 1168 422 et
1179 384 1405 425 humanum,
1420 394 1535 432 quum
1554 392 1623 417 nos

159 449 332 499 sociique
352 451 484 497 nostri,
505 464 622 501 quum
644 450 843 501 Philippus
863 452 1023 499 ejusque
1049 446 1139 484 socii
1166 458 1303 496 pacem
1331 450 1503 493 agerent,
1525 442 1620 479 ulios

163 510 228 560 qui
246 524 371 562 neque
384 513 499 550 nostri
517 525 641 563 neque
654 511 821 562 Philippi
835 509 930 548 socii
945 517 1086 554 essent,
1101 507 1273 545 desertos
1286 513 1325 544 et
1338 505 1492 543 relictos
1508 504 1520 523 ‘²
1535 517 1621 554 per-

166 571 205 608 di
225 585 248 609 a
267 574 557 623 potentioribus,
571 573 638 611 sed
654 573 721 612 hos
736 585 892 624 quoque
904 578 1061 624 propter
1079 576 1248 608 nostram
1264 566 1471 619 [vestram]
1489 578 1622 617 pacem

169 646 254 671 esse
273 634 499 679 incolumes,
515 640 555 672 et
573 648 643 672 uos
655 647 788 672 revera
805 646 940 686 pacem
953 645 1067 683 agere
1086 631 1150 682 qui
1165 643 1272 668 arma
1284 628 1546 681 posuissemus
1561 640 1570 664 t
1594 627 1625 663 is

170 706 283 744 porro
301 696 366 746 qui
384 696 422 733 in
446 696 612 747 epistola
631 710 714 744 sua,
733 703 777 734 ut
794 695 1007 741 audivistis,
1026 695 1127 732 hanc
1152 692 1464 731 emendationem
1486 691 1629 728 fatetur

170 769 323 806 aequam
343 770 426 795 esse
446 764 485 796 et
505 770 527 795 a
556 771 596 796 se
616 759 746 809 recipi,
766 757 934 795 Pheraeis
954 758 1088 794 urbem
1107 755 1259 806 eripuit,
1279 761 1318 792 et
1342 754 1420 792 arci
1445 752 1630 804 imposuit

166 818 405 868 praesidium,
426 826 470 857 ut
492 820 639 858 scilicet
670 821 748 858 suis
769 820 919 870 legibus
943 819 1085 864 vivant,
1114 823 1250 855 contra
1275 815 1518 854 Ambraciam
1541 826 1631 852 vero

172 880 287 919 duxit
303 881 530 927 exercitum,
552 882 625 933 [et]
643 890 722 921 tres
743 882 859 920 urbes
880 881 919 919 in
933 877 1394 931 Cassopia,Pandosiam,
1416 877 1633 914 Buchetam

169 949 209 979 et
231 943 433 989 Elateiam,
449 944 627 982 Eleorum
641 944 825 991 colonias,
843 944 989 981 exustis
1008 942 1125 993 agris,
1144 941 1374 992 oppidisque
1390 940 1426 977 vi
1446 938 1633 984 subactis,

173 1003 394 1042 Alexandro
427 1005 531 1042 affini
563 1018 634 1043 suo
665 1007 703 1043 in
740 1006 963 1043 servitutem
996 1004 1116 1042 dedit.
1173 1003 1243 1041 Ille
1264 1015 1356 1040 sane
1385 1002 1629 1039 vehementer

169 1066 280 1115 eupit
311 1065 470 1104 Groecos
498 1079 582 1105 esse
614 1066 770 1114 liberos,
808 1066 963 1117 suisque
995 1066 1122 1104 vivere
1158 1065 1323 1116 legibus,
1358 1071 1400 1102 ut
1423 1064 1524 1102 facta
1547 1064 1630 1114 ipsa

175 1126 388 1164 declarant.

227 1190 266 1224 8.
298 1188 358 1224 De
377 1186 718 1238 pollicitationibus
748 1201 838 1226 vero
857 1188 996 1238 quibus
1018 1200 1086 1225 vos
1112 1188 1231 1225 lactat
1257 1187 1531 1231 indesinenter,
1548 1194 1634 1224 tan-

172 1261 288 1298 quam
307 1262 450 1300 magna
467 1249 504 1285 in
525 1260 593 1287 vos
621 1249 810 1287 beneficia
827 1249 1054 1294 collaturus,
1084 1261 1125 1286 se
1148 1248 1245 1287 falso
1265 1262 1288 1286 a
1306 1262 1366 1286 mc
1387 1249 1575 1294 accusari,
1595 1254 1634 1285 et

172 1309 272 1360 apud
288 1309 449 1349 Graecos
471 1311 509 1348 in
527 1310 708 1348 invidiam
730 1311 872 1348 adduci
891 1310 996 1357 dicit,
1016 1323 1136 1361 quum
1155 1309 1263 1348 vobis
1284 1308 1377 1347 nihil
1398 1322 1565 1360 unquam
1587 1310 1636 1346 sit

172 1373 374 1423 pollicitus.
430 1373 564 1424 Usque
582 1374 678 1411 adeo
693 1372 897 1425 impudens
909 1379 982 1419 est,
999 1372 1030 1409 is
1050 1372 1132 1423 ipse
1151 1371 1216 1423 qui
1238 1371 1275 1408 in
1295 1385 1343 1409 ea
1363 1371 1528 1422 epistola
1546 1385 1633 1421 qua]

173 1434 300 1471 adhuc
317 1435 355 1471 in
377 1435 592 1472 bouleucerz'o
612 1434 787 1480 habetur,
801 1434 994 1472 scribebat
1012 1446 1053 1471 se
1072 1434 1181 1471 nobis
1197 1433 1267 1471 sibi
1283 1433 1578 1471 adversantibus
1593 1446 1635 1470 os

174 1496 440 1533 obturaturum
469 1496 499 1534 si
527 1509 604 1547 pax
633 1496 753 1542 fieret,
774 1501 832 1533 tot
861 1508 902 1534 se
926 1495 1115 1533 beneficia
1134 1495 1170 1532 in
1191 1508 1258 1533 vos
1280 1485 1525 1541 collaturum,
1544 1507 1632 1544 quae

174 1558 391 1608 scripsisset
403 1558 484 1609 jam
499 1564 592 1595 tunc
612 1557 643 1595 si
656 1558 829 1595 novisset
846 1571 983 1608 pacem
997 1557 1167 1594 futuram
1185 1570 1273 1594 esse
1290 1570 1299 1594 :
1328 1557 1431 1594 bona
1444 1556 1510 1593 illa
1522 1556 1633 1594 nimi-

175 1632 258 1656 rum
278 1633 366 1669 quae
385 1619 581 1669 accepturi
601 1632 752 1656 eramus
771 1626 949 1669 prompta
969 1625 1081 1657 erant
1099 1625 1139 1656 et
1154 1617 1349 1669 expedita,
1370 1618 1401 1655 si
1422 1631 1498 1668 pax
1510 1618 1632 1656 fieret.

176 1683 241 1727 At,
267 1682 368 1719 sacta
395 1695 506 1732 pace,
532 1682 723 1719 beneficia
742 1682 779 1719 in
810 1694 878 1719 nos
910 1681 1147 1719 conferenda
1165 1688 1416 1726 evanuerunt,
1447 1687 1633 1730 tantaque

176 1743 341 1780 Graeciae
352 1743 516 1781 vastatio
531 1750 742 1797 consecuta
763 1751 822 1781 est
840 1749 1026 1794 quantum
1048 1756 1116 1780 vos
1136 1743 1255 1781 scitis.
1311 1742 1432 1780 Vobis
1453 1749 1580 1780 autem
1596 1742 1633 1780 in

176 1805 248 1843 hac
268 1806 434 1856 epistola
453 1806 670 1857 pollicetur,
690 1806 721 1843 si
742 1812 779 1844 et
798 1805 875 1857 suis
897 1805 1029 1843 amicis
1051 1818 1096 1843 ac
1116 1805 1382 1842 defensoribus
1398 1805 1581 1851 credatis,
1597 1813 1636 1843 et

176 1880 247 1906 nos
267 1867 435 1918 puniatis
457 1868 522 1919 qui
541 1868 668 1919 ipsum
688 1868 790 1919 apud
811 1881 879 1906 vos
905 1867 1164 1914 criminamur,
1184 1881 1225 1905 se
1244 1867 1281 1904 in
1304 1880 1370 1905 vos
1390 1868 1468 1905 sore
1491 1867 1634 1905 benefi-

173 1930 449 1968 centissimum.
507 1930 560 1968 At
575 1930 641 1968 illa
659 1929 848 1968 beneficia
867 1936 980 1968 erunt
998 1923 1232 1980 hujusmodi,
1248 1941 1373 1979 neque
1389 1935 1514 1966 vestra
1530 1928 1637 1966 vobis

173 1991 437 2035 reddet-sua
450 1992 551 2029 enim
564 2005 648 2030 esse
661 1992 930 2039 contendit—,
942 2004 1066 2042 neque
1081 1991 1185 2029 dona
1197 1992 1236 2029 in
1247 1991 1323 2029 hoc
1332 1993 1424 2029 orbe
1439 1991 1638 2029 habitabili

176 2052 408 2090 locabuntur
426 2059 470 2090 ut
488 2066 565 2090 non
584 2053 755 2092 incurrat
773 2054 811 2091 in
831 2053 963 2091 odium
982 2052 1208 2091 Graecorum
1225 2069 1234 2097 ;
1264 2053 1333 2090 sed
1354 2052 1558 2090 verisimile
1579 2060 1637 2091 est.

177 2113 256 2150 fore
277 2120 319 2150 ut
351 2113 481 2164 aliqua
508 2114 583 2152 alia
606 2115 712 2164 regio
738 2123 777 2154 et
803 2115 900 2155 alius
927 2114 1063 2166 aliquis
1091 2114 1198 2153 locus
1224 2115 1351 2153 subito
1376 2122 1548 2165 emergat
1572 2116 1636 2154 ubi

177 2174 281 2212 dona
299 2174 366 2213 illa
384 2176 492 2213 vobis
512 2175 720 2215 dabuntur.

226 2243 265 2279 9.
295 2239 355 2277 De
369 2239 521 2291 oppidis
541 2247 671 2278 autern
691 2253 792 2291 quae,
810 2252 928 2291 quum
943 2247 1074 2279 vestra
1087 2247 1231 2285 essent,
1244 2247 1417 2292 tempore
1441 2241 1550 2291 pacis
1570 2254 1636 2279 oc-

176 2301 345 2352 cupavit,
366 2301 510 2341 foedere
535 2308 647 2353 rupto
676 2308 716 2340 et
743 2314 840 2353 pace
858 2301 1057 2352 despecta,
1082 2308 1288 2352 postquam
1309 2315 1385 2339 non
1405 2302 1522 2340 habet
1540 2303 1632 2354 quid

176 2361 421 2412 respondeat,
437 2363 505 2401 sed
520 2363 743 2414 injuriarum
762 2363 889 2414 palam
905 2364 1154 2408 convincitur,
1175 2364 1223 2402 de
1243 2364 1301 2402 liis
1315 2364 1510 2404 arbitrium
1528 2379 1638 2416 aequo

177 2429 215 2459 ct
234 2423 428 2461 communi
441 2424 592 2475 judicio
612 2425 829 2476 permittere
850 2438 891 2462 se
908 2434 1083 2475 paratum
1104 2438 1192 2464 esse
1213 2426 1317 2473 dicit,
1338 2441 1458 2477 quum
1485 2441 1534 2466 ea
1553 2428 1638 2466 sola

177 2484 405 2521 sententiam
419 2485 560 2535 judicis
580 2499 658 2524 non
673 2486 882 2537 requirant,
897 2487 967 2524 sed
985 2487 1067 2537 ipse
1086 2487 1232 2526 dicrum
1246 2502 1428 2527 numerus
1444 2491 1493 2528 sit
1501 2491 1635 2538 judex.

177 2546 326 2585 Omnes
346 2546 445 2583 enim
463 2548 605 2586 scimus
626 2561 702 2599 quo
723 2561 857 2586 mense
876 2555 914 2586 et
940 2555 1058 2599 quoto
1076 2549 1137 2587 die
1156 2563 1232 2601 pax
1252 2551 1355 2589 sacta
1372 2551 1433 2588 sit.
1492 2552 1635 2595 Quem-

175 2606 384 2644 admodum
410 2615 538 2646 autem
564 2609 649 2647 hoec
677 2609 833 2658 scimus,
859 2611 913 2648 sic
945 2623 1016 2648 nec
1040 2611 1108 2649 illa
1139 2613 1360 2662 ignoramus
1388 2627 1464 2664 quo
1489 2626 1634 2658 mense,

175 2674 214 2705 et
231 2674 352 2718 quoto
371 2668 434 2705 die
463 2669 631 2708 Serrium
664 2679 845 2718 castrum,
866 2673 1038 2723 Ergisce,
1059 2680 1098 2710 et
1117 2673 1234 2711 Sacer
1262 2675 1378 2713 Mons
1404 2683 1517 2725 capta
1543 2675 1631 2712 sint.

176 2729 263 2766 Non
284 2729 417 2780 utique
432 2743 493 2769 res
513 2739 678 2782 peractae
706 2734 759 2772 ita
777 2736 953 2772 obscurae
978 2742 1071 2773 sunt
1093 2743 1135 2773 ut
1153 2735 1383 2787 disceptatio
1405 2738 1631 2788 requiratur,

221 2816 228 2833 ¹
255 2814 331 2842 Nam
350 2818 381 2843 et
397 2825 514 2854 atquum
532 2816 587 2846 hoc
605 2822 632 2847 cl
647 2818 806 2848 humanum
822 2831 888 2849 esso
963 2822 974 2839 ²
1000 2821 1066 2849 Nun
1084 2822 1178 2860 perdi,
1205 2823 1308 2851 lumi.

177 2856 343 2886 (incohatis.
368 2858 486 2888 Wotr.
