1923 3149
645 133 867 172 CONTRA
901 132 1127 170 MIDIAM.
1546 131 1622 168 349

217 238 281 276 56.
314 237 399 287 Ego
419 249 524 281 vero,
545 243 587 273 ut
603 249 679 274 non
696 236 745 273 ob
765 234 886 278 aliud,
902 234 963 270 vel
982 234 1030 270 ob
1048 235 1203 271 crebras
1218 241 1256 272 et
1270 233 1508 284 importunas
1523 245 1616 271 con-

163 298 310 344 ciones,
330 306 369 336 et
387 305 558 349 tempora
575 297 713 347 quibus
734 309 800 334 eas
816 294 1006 340 habuerit,
1025 295 1192 333 maximo
1214 296 1401 347 supplicio
1422 310 1620 336 censerem

164 360 434 397 afficiendum:
465 359 587 397 nostis
613 359 713 396 enirn
737 358 812 395 hoc
828 356 1019 408 profecto,
1041 355 1072 393 si
1092 368 1154 393 res
1174 357 1272 394 bene
1293 360 1622 410 gestae'jnuncian-

163 427 225 457 tur
248 422 344 467 urbi,
366 429 405 459 et
433 421 510 458 tale
531 419 678 470 aliquid
706 432 782 469 quo
803 417 1060 456 exhilarentur
1074 429 1222 462 omnes,
1240 432 1430 469 nusquam
1452 435 1620 473 unquam

164 481 264 519 inter
283 496 348 520 eos
368 495 450 520 csse
471 482 634 519 Midiam
656 481 866 523 inventum,
890 478 955 529 qui
983 491 1070 515 cum
1091 479 1235 529 populo
1265 482 1450 530 gaudent,
1482 486 1623 536 quique

164 544 494 593 congratulantur.
526 543 592 579 Sin
612 542 703 592 quid
724 540 887 584 adversi,
908 540 1013 590 quod
1029 539 1284 590 deprecentur
1299 556 1446 590 omnes,
1460 547 1625 595 primum

166 603 265 641 inter
284 604 378 642 alios
401 604 528 641 statim
555 615 710 652 surgere
730 609 769 639 et
788 601 1018 647 concionari,
1037 601 1285 640 insultantem
1304 606 1553 655 temporibus,
1575 610 1625 646 si-

166 663 362 715 lentioque
390 665 593 711 fruentem,
625 664 731 714 quod
758 676 825 701 vos
856 670 1013 714 propter
1039 663 1213 701 adversae
1241 665 1406 703 fortunae
1433 668 1626 708 tristitiam

165 727 328 764 tenetis:
359 726 484 764 tales
515 726 652 763 enirn
688 726 829 772 estis,
866 725 1252 764 Athenienses:
1287 741 1457 779 neque
1491 732 1626 771 enim

166 787 510 838 egredimini,
549 800 720 838 neque
759 787 887 825 enim
926 788 1196 825 tributum
1239 792 1627 833 conferendum

166 850 423 888 censetis.
473 850 536 888 Et
573 849 844 887 miramini
891 849 1025 886 male
1069 849 1344 907 vobiscum
1383 855 1501 903 agi?
1548 856 1628 896 Me

169 911 373 961 putatis
413 912 562 950 vobis
599 911 808 948 tributa
843 910 1182 958 collaturum,
1232 926 1319 951 vos
1362 914 1465 953 illis
1512 917 1629 956 frui-

170 973 349 1010 turos?
398 973 475 1012 Me
506 971 712 1025 putatis
752 973 999 1011 triremes
1045 973 1444 1024 instructurum,
1483 982 1630 1020 vobis

171 1045 194 1071 0
210 1034 313 1073 tios
329 1048 349 1072 e
385 1035 519 1073 domi
552 1035 643 1072 sed
659 1035 807 1072 entib
824 1048 845 1071 u
863 1034 908 1072 s?
952 1035 1035 1072 Tali
1055 1036 1269 1086 petulantia
1288 1043 1415 1084 utens,
1447 1047 1486 1078 et
1514 1043 1631 1080 animi

170 1097 230 1133 sui
258 1097 505 1135 acerbitatem
527 1111 572 1135 ac
591 1097 915 1144 malevolentiam,
944 1111 1057 1148 quam
1091 1099 1252 1137 obscure
1282 1108 1417 1139 contra
1445 1104 1632 1154 populum

173 1158 277 1208 apud
322 1159 571 1210 semetipsum
612 1158 723 1209 gerit,
762 1172 829 1209 per
875 1158 1120 1196 occasionem
1158 1159 1358 1211 detegens,
1393 1165 1633 1206 obambulat,

175 1218 341 1270 Oportet
360 1220 488 1269 igitur,
522 1220 800 1271 Athenienses,
822 1233 888 1257 vos
909 1220 1022 1257 etiam
1055 1221 1110 1258 sic
1137 1234 1254 1268 nunc,
1285 1225 1439 1273 quando
1465 1228 1538 1264 iste
1566 1241 1635 1278 per

170 1280 346 1318 fraudem
379 1287 418 1318 et
442 1281 693 1331 imposturam
722 1280 1006 1324 lamentabitur,
1038 1287 1076 1318 et
1106 1281 1284 1331 plorabit,
1319 1291 1357 1321 et
1386 1287 1634 1337 supplicabit,

174 1341 267 1379 talia
284 1341 340 1378 illi
360 1341 575 1392 subjicere:
614 1341 743 1379 talis
778 1354 832 1384 es,
872 1341 915 1379 Μ
932 1341 1067 1380 idia:
1110 1343 1133 1379 h
1150 1356 1219 1381 om
1236 1357 1258 1382 o
1289 1346 1369 1382 eni
1385 1360 1419 1383 m
1458 1357 1635 1388 contu-

176 1402 389 1441 meliosu
407 1417 424 1441 s
457 1417 524 1451 es,
558 1417 583 1440 n
600 1417 729 1454 eque
754 1403 823 1440 vis
851 1416 1018 1440 manus
1047 1416 1106 1454 ap
1123 1404 1186 1442 ud
1219 1412 1267 1443 te
1295 1411 1634 1460 comprimere.

179 1465 243 1502 Et
281 1465 493 1503 miraris
533 1471 593 1512 te,
633 1465 806 1503 malus
842 1478 952 1502 cum
992 1465 1085 1513 sis,
1123 1467 1260 1505 male
1296 1470 1636 1518 periturum?

176 1526 277 1565 Sed
306 1533 464 1578 putas
499 1539 592 1565 nos
630 1533 673 1565 te
707 1526 1063 1572 toleraturos,
1097 1527 1262 1578 ipsum
1293 1543 1421 1569 vero
1455 1539 1504 1571 te
1529 1548 1633 1572 ver-

178 1588 526 1627 beraturum?
575 1601 668 1627 nos
706 1596 755 1627 te
794 1587 1174 1637 absoluturos,
1227 1591 1430 1631 nullum
1470 1601 1637 1636 statu-

179 1658 361 1690 entem
392 1651 742 1702 improbitati
773 1658 871 1688 tuae
906 1650 1133 1689 modum?

234 1714 299 1750 57.
330 1711 511 1750 Oratores
542 1712 700 1763 quidem
729 1712 843 1750 istum
865 1712 1089 1761 defendent,
1110 1728 1186 1753 non
1219 1722 1296 1754 tam
1331 1719 1481 1758 medius
1513 1722 1641 1770 fidius,

179 1780 223 1812 ut
250 1774 312 1811 isti
333 1775 610 1824 gratificentur,
633 1788 747 1826 quam
776 1782 820 1813 ut
839 1789 940 1826 aegre
970 1776 1061 1812 mihi
1089 1777 1234 1815 faciant
1252 1780 1301 1816 ob
1322 1781 1486 1830 privatas
1516 1784 1641 1822 inimi-

179 1835 303 1881 citias,
324 1848 419 1885 quas
440 1836 512 1873 iste
533 1837 603 1874 sibi
623 1850 789 1883 mecum,
811 1837 889 1875 sive
910 1837 1109 1883 affirmem,
1131 1839 1210 1876 sive
1236 1853 1458 1892 pernegem,
1479 1844 1642 1884 interce-

180 1897 272 1935 dere
293 1897 458 1943 dictitat,
479 1904 517 1935 et
533 1898 571 1935 vi
600 1904 803 1948 extorquet
822 1911 899 1935 non
928 1905 1046 1936 recte.
1097 1899 1175 1936 Sed
1203 1900 1258 1938 ita
1284 1902 1364 1940 fere
1384 1904 1439 1950 fit,
1460 1912 1501 1943 ut
1526 1906 1643 1946 nimia

180 1959 343 1998 felicitas
382 1959 556 1996 homines
586 1959 794 2009 aliquando
823 1960 961 1997 reddat
988 1960 1265 2001 intolerabiles.
1314 1964 1414 2002 Nam
1451 1980 1537 2005 cum
1571 1983 1645 2020 ego

182 2036 255 2061 nec
271 2022 440 2073 acceptis
460 2022 620 2071 injuriis,
641 2034 729 2058 eum
751 2021 947 2059 inimicum
963 2023 1053 2059 mihi
1073 2036 1160 2061 esse
1179 2027 1384 2075 profitear:
1417 2028 1500 2079 ipse
1515 2037 1645 2069 tamen

184 2098 245 2123 me
266 2083 519 2121 dimittentem
538 2096 616 2120 non
636 2082 806 2129 dimittit,
828 2083 897 2120 sed
926 2083 964 2120 in
983 2083 1114 2122 alienis
1134 2086 1259 2123 causis
1291 2095 1414 2126 semet
1431 2090 1585 2141 ingerit,
1609 2101 1648 2132 et

183 2160 287 2184 nunc
306 2145 486 2196 prodibit,
500 2152 543 2184 ut
557 2158 629 2183 nec
645 2158 848 2183 commune
863 2146 993 2196 legum
1010 2146 1232 2197 praesidium
1254 2149 1344 2187 rnihi
1360 2151 1646 2206 impertiamini,

181 2207 465 2261 postulaturus,
486 2206 572 2245 talis
593 2206 708 2257 igitur
735 2219 863 2244 nonne
877 2206 958 2257 jam
979 2207 1105 2257 gravis
1126 2214 1196 2255 est,
1224 2215 1263 2247 et
1280 2211 1402 2262 major
1421 2226 1537 2263 quam
1562 2217 1648 2254 uni-

186 2270 326 2320 cuique
363 2275 538 2307 nostrum
568 2267 776 2319 expediat?
806 2268 869 2306 Ad
894 2268 979 2306 haec
1009 2269 1147 2316 adfuit,
1177 2270 1447 2320 Athenienses,
1478 2282 1517 2313 et
1546 2277 1649 2316 sedit

187 2331 365 2370 Eubulus
395 2331 434 2368 in
454 2331 618 2377 theatro,
639 2344 758 2382 quum
783 2330 950 2382 populus
972 2331 1135 2369 Midiam
1166 2333 1377 2381 damnavit,
1407 2343 1447 2375 et
1473 2340 1649 2380 nomina-

186 2394 254 2432 tim
275 2394 428 2439 citatus,
448 2399 582 2431 orante
601 2393 673 2431 isto
692 2400 729 2431 et
755 2393 1030 2440 contendente,
1056 2395 1111 2431 uti
1133 2407 1199 2433 vos
1219 2398 1356 2444 nostis,
1378 2411 1454 2437 non
1475 2413 1650 2441 surrexe-

187 2456 250 2494 rit.
279 2454 398 2504 Atqui
418 2454 449 2491 si
470 2454 634 2492 Midiam
653 2454 845 2493 insontem
863 2454 1033 2493 delatum
1050 2468 1136 2494 esse
1152 2457 1317 2496 credidit
1331 2461 1432 2510 apud
1446 2463 1646 2513 populum,

189 2516 360 2556 officium
387 2516 498 2554 amici
527 2518 661 2568 utique
689 2517 840 2564 fuisset,
860 2518 895 2557 ei
914 2518 1145 2568 patrocinari
1165 2527 1203 2557 et
1222 2521 1413 2572 opitulari.
1459 2524 1538 2571 sin,
1559 2527 1650 2576 quia

189 2586 273 2617 tum
294 2576 487 2615 sentiebat
514 2590 601 2615 eum
630 2578 771 2629 injuste
799 2579 943 2626 facere,
971 2579 1059 2617 ideo
1091 2580 1228 2619 adesse
1259 2583 1397 2631 noluit,
1427 2599 1528 2622 nunc
1561 2587 1651 2636 quia

191 2639 285 2678 mihi
309 2638 485 2676 inimicus
506 2645 576 2685 est,
596 2639 683 2677 ideo
703 2640 819 2678 istum
848 2641 1009 2679 liberare
1039 2642 1182 2689 studet,
1211 2644 1319 2682 vobis
1349 2645 1551 2683 honestum
1572 2661 1650 2686 non

190 2701 319 2747 fuerit,
339 2700 394 2738 illi
411 2699 639 2750 gratificari:
669 2702 770 2739 absit
784 2710 824 2739 ut
846 2703 884 2740 in
905 2703 1103 2754 republica
1117 2705 1291 2755 populari
1304 2706 1504 2756 quisquam
1519 2714 1650 2748 tantus

193 2764 370 2807 exsistat,
383 2761 493 2812 cujus
509 2761 782 2800 intercessione
797 2764 892 2801 alter
907 2772 1105 2816 acceptam
1120 2767 1292 2816 injuriam
1308 2767 1469 2805 tolerare
1477 2776 1652 2819 cogatur,

179 2824 291 2862 alter
308 2824 450 2862 factam
469 2823 625 2874 impune
643 2823 755 2862 ferat.
786 2825 901 2867 Quod
924 2826 956 2863 si
974 2826 1066 2864 mihi
1078 2827 1306 2865 malefacere
1322 2827 1470 2874 studes,
1488 2829 1653 2880 Eubule,

195 2897 466 2936 -—quanquam
485 2897 558 2938 ego
579 2885 672 2923 deos
688 2891 820 2932 testor,
841 2886 947 2925 haud
966 2887 1046 2925 scio
1067 2899 1144 2938 quo
1165 2887 1300 2925 merito
1314 2901 1466 2937 meo—-,
1485 2898 1594 2942 potes
1612 2893 1653 2931 id
