1923 3149
686 188 1101 227 ARGUMENTUM.
1540 188 1618 226 413

168 286 276 323 visset,
300 286 390 318 etiam
416 288 510 328 legati
533 289 562 320 in
581 290 702 320 vincula
718 289 898 330 conjiciendi
916 295 1012 320 crant.
1050 292 1094 319 130
1114 295 1260 329 tempore,
1284 299 1351 320 cum
1374 289 1448 319 alter
1463 299 1559 320 annus
1575 289 1619 319 in-

166 339 295 377 ciperet,
319 351 379 379 quo
404 340 495 371 etiam
513 342 620 371 vinciri
637 342 756 381 legatos
771 343 942 382 oportebat,
961 341 1148 370 Timocrates
1167 341 1257 370 talem
1288 342 1385 381 legem
1413 342 1538 381 scripsit
1555 353 1562 372 ς
1585 341 1620 371 ni

168 390 258 428 quis
275 391 330 419 *ob
351 391 536 421 debitum
566 393 770 432 publicum
799 392 978 422 vinculis
1005 391 1061 421 sit
1086 392 1301 421 damnatus
1327 392 1419 422 sive
1443 392 1620 430 exlege,

171 440 264 470 sive
299 452 345 471 ex
377 443 758 478 senatusconsulto,
793 446 859 471 aut
899 442 935 472 in
972 446 1175 481 posterum
1213 442 1443 478 damnetur,
1482 442 1619 472 licere

169 490 208 519 ei
236 492 376 521 tribus
409 492 593 522 vadibus
632 493 756 528 datis,
787 492 1043 532 approbatis
1077 502 1094 521 a
1127 493 1284 530 populo,
1325 503 1368 521 se
1404 494 1507 522 bona
1541 493 1618 523 tide

170 541 486 573 satisfacturum
512 544 756 582 reipublicae
786 542 1069 583 promittenti,
1097 543 1222 572 exire
1254 543 1467 572 vinculis:
1497 543 1530 573 si
1561 554 1620 573 ve-

169 603 211 622 ro
245 603 320 623 non
359 594 623 624 satisfecerit
660 595 720 625 vel
752 595 852 635 ipse,
887 594 952 623 vel
989 593 1125 630 vadeS,
1168 604 1254 624 eum
1291 593 1359 633 qui
1395 604 1414 632 p
1429 603 1470 623 er
1505 604 1624 632 spon-

171 653 290 673 sores
328 644 535 674 liberatus
577 645 717 675 fuerat
747 645 788 674 in
812 643 1006 674 vinculis
1037 644 1283 680 habendum,
1330 645 1495 674 vadium
1527 656 1623 675 vero

169 695 265 723 bona
292 705 311 733 p
322 705 339 724 u
354 695 373 724 b
387 695 447 724 lic
458 706 502 724 an
514 696 569 724 da.
610 695 700 725 Hanc
716 696 815 734 legem
834 695 988 725 Diodorus
1005 703 1035 725 et
1052 696 1214 731 Eucteino,
1242 701 1274 725 ut
1295 696 1412 734 legibus
1429 696 1621 731 contrariam,

168 749 203 774 ut
224 744 381 783 injustam,
403 750 436 775 ut
458 744 662 784 perniciosam
694 746 880 776 detulerunt.
914 747 990 776 Cum
1019 751 1118 776 autem
1147 746 1310 782 Androtio,
1327 746 1486 782 Glauceta,
1507 751 1537 776 et
1554 747 1623 775 Me-

166 794 296 833 lanopns
313 796 590 826 animadverterent
606 797 832 826 accusationem
850 797 925 826 banc
939 808 994 826 sua
1015 807 1105 827 causa
1121 808 1190 826 esse
1208 798 1330 832 factam,
1346 807 1454 826 norem
1468 798 1580 827 talenta
1593 802 1626 827 et

167 845 293 885 triginta
309 846 405 876 minas
416 853 585 883 numerant,
595 848 725 878 fortasse
736 859 793 878 non
806 849 1003 884 numeraturi,
1017 848 1076 878 nisi
1090 854 1285 878 accusatores
1300 849 1359 887 legi
1373 848 1623 878 intercessissent.

169 896 230 925 Sed
243 902 401 927 numerant
417 902 527 928 tamen.
552 899 709 928 Diodorus
732 904 762 929 et
776 900 924 929 Euctemo
941 909 1085 929 accusare
1102 904 1245 939 pergunt,
1261 899 1387 939 perinde
1400 910 1434 928 ac
1450 900 1474 929 si
1490 901 1538 930 lex
1556 911 1622 940 pro·

168 952 238 986 pter
261 948 379 987 legatos
398 949 514 988 scripta
536 949 587 979 sit.
621 951 690 979 Etsi
707 950 786 980 enim
811 951 974 990 interjecto
997 955 1132 989 tempore
1152 951 1349 985 numerarim,
1374 950 1405 979 id
1428 951 1538 980 factum
1555 962 1625 981 esse

168 1002 268 1029 tamen
281 1000 476 1030 accusatione
494 1001 558 1039 jam
571 1001 724 1031 instituta.
749 1003 853 1039 Quare
870 1002 1030 1032 consilium
1047 1001 1233 1040 legislatoris
1250 1011 1318 1030 esse
1331 1001 1526 1040 culpandum.
1557 1003 1626 1032 Nec

169 1050 271 1079 minus
288 1050 408 1080 interim
424 1051 521 1090 legem
537 1052 693 1081 examinat
709 1057 824 1089 orator,
838 1058 869 1082 ut
887 1063 954 1092 quae
967 1052 1057 1082 etiam
1069 1053 1129 1082 alio
1147 1053 1236 1082 modo
1251 1052 1288 1081 sit
1306 1052 1514 1090 improbanda.
1544 1053 1625 1082 Nam

169 1104 200 1130 et
214 1105 318 1130 contra
328 1111 417 1140 quam
432 1101 518 1141 leges
528 1102 740 1141 praescribant,
755 1114 820 1132 esse
838 1104 940 1139 latam,
956 1107 987 1132 et
998 1103 1064 1132 aliis
1077 1103 1196 1142 legibus
1210 1102 1380 1138 adversari,
1393 1107 1424 1132 et
1438 1113 1493 1141 per
1506 1113 1541 1133 ea
1557 1114 1624 1142 quae

162 1151 282 1188 jubeat,
305 1161 426 1186 nocere,
450 1157 480 1181 et
503 1152 642 1191 injuriam
667 1153 767 1183 facere
783 1154 971 1193 reipublicae.
1008 1154 1212 1190 Quamobrem
1231 1158 1260 1183 et
1277 1153 1423 1183 orationis
1439 1159 1626 1193 argumenta,

168 1205 199 1230 ct
209 1201 403 1232 fundamenta
413 1202 484 1232 bina
498 1207 581 1239 sunt,
594 1204 775 1239 alterun1,in
788 1205 914 1243 gratiam
927 1205 1098 1244 legatorum
1109 1215 1176 1234 esse
1190 1205 1349 1243 scriptam,
1365 1205 1503 1241 alterum,
1516 1206 1626 1235 adver-

169 1251 230 1281 sari
247 1252 379 1292 legibus,
394 1257 425 1282 et
439 1254 641 1292 perniciosam
659 1259 689 1283 et
706 1255 848 1293 injustam
866 1265 936 1284 esse
959 1255 1070 1294 legem.
1100 1255 1247 1291 Proinde,
1262 1260 1295 1284 ut
1310 1256 1425 1285 crimen
1444 1261 1568 1295 propter
1582 1256 1626 1285 le-

169 1306 257 1341 gatos
269 1303 337 1332 latae
352 1303 429 1343 legis
450 1304 575 1344 effugiat
589 1305 789 1340 Timocrates,
807 1306 884 1335 illud
901 1313 1001 1335 tamen
1018 1317 1075 1335 non
1092 1306 1229 1344 effugiet,
1245 1306 1343 1344 legem
1359 1317 1427 1336 esse
1446 1307 1627 1345 improbam.

169 1352 296 1382 Poterat
306 1353 383 1383 enim
401 1363 545 1384 accusare
563 1354 768 1394 legislatorem
783 1355 940 1384 Diodorus
957 1355 1104 1394 improbae
1119 1356 1199 1394 legis
1216 1356 1353 1394 scriptae,
1376 1361 1407 1385 et
1422 1357 1540 1395 legibus
1555 1367 1629 1387 con-

168 1403 282 1438 trariae,
298 1404 389 1444 idque
407 1405 481 1434 satis
496 1405 524 1434 ei
548 1405 727 1435 firmamenti
745 1405 865 1435 fuisset.
886 1406 978 1435 Nunc
994 1406 1082 1435 etiam
1095 1406 1263 1444 legatorum
1281 1406 1461 1436 calumniam
1478 1417 1569 1437 causa
1585 1407 1629 1437 le-

170 1455 326 1495 gislatoris
341 1456 521 1495 adsumpsit.
560 1456 784 1496 Argumentum
801 1456 894 1495 igitur
910 1467 1022 1492 causae,
1040 1462 1168 1497 propter
1184 1468 1273 1496 quam
1290 1458 1387 1497 legem
1406 1458 1519 1493 tulerit,
1536 1464 1582 1488 est
1598 1459 1629 1488 in

171 1508 348 1546 conjectura
366 1506 513 1545 positum.
545 1507 703 1543 Quaeritur
726 1507 818 1544 enim,
842 1512 943 1537 ulrum
967 1513 1094 1546 propter
1119 1508 1238 1547 legatos
1262 1508 1322 1537 lata
1339 1509 1390 1544 sit,
1413 1519 1527 1538 necne:
1550 1510 1627 1539 illud

170 1568 247 1588 vero
269 1568 330 1597 quo
346 1558 430 1596 leges
446 1558 670 1593 examinantur,
688 1558 920 1588 deliberativum
937 1564 993 1588 est.
1021 1559 1099 1588 Nam
1116 1558 1146 1587 in
1164 1558 1340 1588 universum
1358 1559 1456 1588 omnis
1473 1561 1629 1589 accusatio

170 1607 277 1647 scripti
289 1607 521 1638 deliberativum
534 1608 627 1638 efficit
638 1612 760 1638 statum.
779 1608 894 1647 Scripti
909 1615 1008 1637 autem
1019 1608 1100 1644 dico,
1112 1618 1169 1638 non
1183 1610 1248 1647 ejus
1260 1609 1289 1638 in
1301 1619 1360 1647 quo
1375 1610 1530 1648 quippiam
1545 1610 1628 1640 aliud

170 1659 328 1699 quaeritur,
345 1664 378 1689 ut
395 1659 423 1689 in
441 1661 626 1698 conjectura,
640 1657 738 1698 neque
752 1661 818 1698 ejus
833 1660 914 1698 quod
932 1661 1061 1689 refertur
1077 1660 1115 1689 ad
1132 1670 1233 1689 casum
1250 1665 1280 1689 et
1301 1660 1486 1695 facultatem,
1504 1667 1533 1690 ut
1552 1661 1583 1690 fit
1602 1662 1631 1690 in

171 1710 370 1740 absolutione.
395 1710 466 1740 lllic
490 1710 570 1740 enim
594 1710 633 1739 de
653 1711 744 1740 rebus
764 1710 852 1740 factis
869 1715 915 1739 est
926 1710 1090 1748 judicium,
1106 1710 1136 1738 in
1155 1709 1369 1746 deliberativo,
1386 1711 1424 1739 de
1440 1711 1559 1740 futuris.
1583 1711 1631 1741 Ao

171 1762 318 1801 scriptum
332 1767 395 1792 tum
405 1762 434 1791 in
447 1762 528 1801 lege,
541 1766 603 1791 tum
615 1761 889 1792 senatusconsultis
902 1761 1050 1791 contineri
1060 1762 1163 1790 debet.
1187 1762 1263 1790 Sunt
1275 1761 1370 1800 igitur
1386 1762 1476 1801 liujus
1485 1762 1630 1792 orationis

170 1814 273 1854 capita
295 1818 436 1852 quatuor.
459 1814 559 1843 Unum
572 1812 754 1852 legitimum,
772 1813 864 1852 idque
879 1813 1015 1842 bifariam
1031 1812 1192 1847 dividitur,
1209 1812 1238 1841 in
1257 1822 1418 1851 personam
1435 1816 1465 1842 et
1481 1823 1555 1848 rem,
1572 1813 1630 1843 hoc

169 1869 226 1902 est,
244 1865 274 1894 in
287 1864 385 1904 ipsam
396 1863 509 1903 legem,
525 1864 679 1903 quomodo
692 1864 844 1893 contraria
860 1864 898 1893 sit
915 1863 1045 1902 legibus.
1062 1862 1211 1898 Alterum,
1224 1864 1353 1901 justum.
1376 1863 1526 1899 Tertium,
1545 1864 1631 1899 utile,

169 1926 240 1947 esse
253 1916 388 1946 noxiam.
405 1915 569 1951 Quartum,
583 1915 742 1955 possibile,
756 1916 953 1953 eamjubere‚
970 1925 1038 1953 quae
1053 1914 1116 1943 fieri
1129 1919 1288 1952 nequeant.
1306 1914 1524 1944 Controversia
1536 1914 1632 1954 igitur

171 1978 239 2007 quae
255 1966 340 1998 venit
353 1967 381 1996 in
394 1966 557 2005 judicium,
570 1966 599 1995 in
618 1967 664 1996 liis
675 1965 861 2006 argumentis
876 1956 1028 1994 consistit.
1051 1966 1129 1994 Nam
1141 1965 1351 1994 tractationem
1365 1965 1448 1994 illam
1465 1970 1571 1995 contra
1587 1966 1630 1995 le-

171 2024 272 2058 gatos,
287 2018 317 2047 in
335 2017 553 2047 constitutione
563 2023 594 2047 et
606 2017 796 2056 digressione
810 2017 925 2056 posuit,
936 2016 1155 2046 criminationis
1168 2026 1260 2046 causa
1276 2016 1428 2047 nimirum.
1453 2017 1533 2055 Quia
1549 2017 1631 2046 enim

171 2070 224 2100 lex
245 2068 461 2097 humanissima
477 2067 608 2103 videtur,
623 2068 704 2106 quod
722 2068 854 2097 vinculis
875 2066 961 2096 cives
983 2067 1105 2102 liberet,
1128 2072 1294 2106 propterea
1311 2067 1458 2106 opposuit
1479 2078 1547 2097 cum
1570 2067 1630 2097 alia

173 2121 273 2160 plura,
282 2124 345 2149 tum
357 2129 429 2148 vero
439 2119 499 2148 duo
510 2119 587 2154 haec,
598 2118 738 2154 alterum,
751 2123 958 2157 argumentum
967 2118 1005 2146 de
1018 2118 1140 2156 legatis,
1153 2123 1185 2146 ut
1197 2128 1232 2147 ea
1244 2117 1419 2155 suspicione
1431 2118 1551 2156 ingesta
1561 2128 1630 2156 per*

172 2172 300 2202 suadeat
315 2169 460 2204 auditori,
484 2169 694 2198 adversarium
715 2174 893 2208 corruptum
917 2168 1133 2208 largitionibus
1157 2173 1310 2198 oratorum
1336 2173 1367 2198 et
1386 2169 1631 2207 magistratuum,

170 2221 390 2260 rempublicam
422 2219 677 2260 depeculautiuiu,
700 2219 844 2249 sordibus
875 2223 908 2248 et
927 2218 1087 2258 rapacitati
1119 2218 1289 2247 consultum
1318 2218 1453 2247 voluisse
1467 2229 1473 2246 :
1501 2219 1629 2249 alterum

172 2272 394 2312 perniciosum,
410 2280 469 2309 quo
497 2263 634 2299 ostendif.
653 2279 688 2298 ea
713 2269 782 2307 lege
809 2269 966 2298 civitatem
994 2269 1092 2297 omnis
1117 2269 1186 2297 aeris
1210 2268 1300 2297 alieni
1318 2268 1467 2297 solutione
1493 2267 1632 2307 spoliari,

174 2323 331 2352 Praeterea
353 2319 554 2360 impossibile,
572 2319 662 2349 etiam
680 2319 706 2348 si
727 2319 887 2353 vellemus,
904 2318 1014 2357 inquit,
1031 2318 1095 2348 fieri
1119 2323 1217 2347 tamen
1241 2319 1319 2347 haud
1336 2323 1460 2357 posset3
1483 2319 1632 2349 tolluntur

173 2374 253 2404 enim
276 2372 391 2411 regulae
416 2371 561 2401 civitatis.
600 2371 670 2400 Non
694 2374 793 2399 autem
823 2370 964 2408 ignorare
989 2370 1150 2406 debemus,
1172 2369 1272 2408 legale
1293 2374 1386 2408 caput.
1409 2369 1632 2409 perfectissime

173 2427 343 2457 tractatum.
365 2424 494 2461 justum,
526 2426 557 2451 et
582 2421 668 2456 utile,
693 2425 724 2449 et
746 2420 906 2459 possibile,
931 2419 1011 2449 inter
1034 2430 1102 2449 sese
1125 2419 1257 2458 implexa
1279 2430 1360 2455 esse,
1381 2425 1472 2459 atque
1495 2420 1574 2450 inter
1595 2431 1632 2450 ea

173 2473 346 2513 principem
362 2479 465 2501 tenere
486 2472 588 2501 locum
606 2471 693 2507 utile,
710 2470 790 2510 quod
815 2475 845 2500 et
861 2472 947 2508 justo
969 2473 1000 2499 et
1015 2469 1140 2508 injusto,
1163 2474 1195 2499 et
1217 2470 1401 2508 impossibili
1427 2471 1632 2500 confirmetur.

174 2527 256 2556 Nam
279 2523 424 2563 quicquid
449 2523 604 2562 injustum,
620 2522 700 2552 idem
718 2522 808 2551 etiam
824 2521 949 2550 noxium
970 2525 1028 2550 est.
1054 2521 1189 2550 Eandem
1207 2520 1354 2549 rationem
1372 2520 1462 2549 etiam
1481 2521 1517 2549 ad
1531 2521 1630 2549 locum

175 2577 214 2606 ab
234 2573 416 2614 impossibili
432 2574 615 2612 detorquere
632 2574 745 2603 studet.
773 2571 927 2612 Quicquid
943 2571 1022 2600 enim
1037 2571 1230 2610 impossibile
1247 2571 1297 2607 sit,
1319 2570 1399 2602 idem
1417 2571 1506 2600 ctiam
1524 2571 1632 2600 inutile

176 2637 245 2657 esse
257 2624 345 2656 dicit.
378 2625 419 2654 Et
434 2623 574 2662 quoniam
595 2623 784 2652 Timocrates
800 2622 878 2661 legis
896 2621 1114 2651 humanitatem
1131 2621 1261 2651 subinde
1279 2621 1421 2656 inculcat,
1439 2631 1475 2649 ea
1500 2630 1572 2649 vero
1593 2621 1632 2650 ad

173 2679 289 2718 justum
305 2675 413 2705 merito
426 2674 566 2709 refertur,
581 2678 745 2714 propterea
761 2673 986 2703 Demosthenes
1003 2672 1102 2702 inutili
1117 2672 1233 2712 passim
1249 2671 1357 2708 utitur,
1374 2671 1547 2707 ostendens,
1563 2681 1629 2701 cam

177 2729 277 2768 legem
291 2726 538 2758 detrimentosam
554 2729 585 2754 et
600 2724 800 2764 perniciosam
817 2734 886 2755 esse
901 2723 1092 2765 reipublicae.
