1923 3149
319 179 395 215 3⁴26
807 181 1032 220 CONTRA
1064 181 1284 219 MIDIAM.

317 281 463 331 opinor,
481 281 661 331 estquod
686 283 814 321 studia
843 291 881 322 et
911 284 1155 336 cupiditatem
1187 285 1355 323 omnium
1387 283 1542 330 excitat,
1574 290 1616 321 ut
1643 283 1757 321 nullis

317 341 530 392 sumptibus
556 354 711 392 parcere
738 343 867 390 velint,
887 345 989 395 quod
1010 346 1045 381 in
1066 346 1240 396 populari
1259 345 1454 396 republica
1473 345 1554 395 pari
1573 357 1756 394 aequoque

311 405 399 450 Jure
417 415 502 440 cum
522 403 670 449 ceteris,
690 416 822 443 omnes
850 406 965 443 licere
999 407 1068 444 sibi
1095 408 1218 445 vivere
1250 407 1488 444 arbitrantur.
1549 405 1642 442 Mihi
1668 417 1758 442 vero

315 463 416 508 haec,
437 463 706 510 Athenienses,
725 478 791 515 per
810 467 921 503 istum
943 467 1165 517 contingere
1187 481 1265 505 non
1291 474 1507 518 potuerunt.
1565 466 1641 503 Sed
1662 478 1757 516 prae-

314 530 372 562 ter
391 531 588 575 acceptam
615 526 902 572 contumeliam,
920 529 1078 578 insuper
1096 529 1255 566 victoria
1274 541 1426 578 quoque
1443 541 1526 565 sum
1546 525 1756 564 fraudatus.

314 586 434 636 Atqui
453 586 560 623 vobis
580 587 754 624 omnibus
781 587 875 625 illud
894 601 966 639 ego
986 589 1184 640 perspicue
1204 590 1492 634 demonstrabo,
1511 587 1664 625 licuisse
1682 586 1757 622 Mi-

313 646 388 684 diae
408 647 501 684 nihil
520 647 687 697 improbe
708 647 890 693 molienti,
909 662 1034 700 neque
1054 650 1326 688 contumeliam
1346 649 1513 694 facienti,
1532 660 1655 699 neque
1675 659 1758 684 ver-

311 707 473 753 beranti,
494 714 532 745 et
551 707 726 745 exhibere
741 708 832 745 mihi
852 709 1078 757 molestiam,
1102 718 1141 749 et
1157 711 1312 749 laudem
1333 724 1355 748 a
1374 710 1480 748 vobis
1499 721 1689 747 concessu
1706 707 1760 744 le-

313 781 403 818 gum
423 767 591 818 adipisci,
608 774 646 805 et
663 768 816 819 quidem
835 769 889 807 sic
906 777 948 808 ut
966 783 1040 821 ego
1056 784 1158 809 nunc
1173 784 1218 809 ne
1233 771 1380 809 hiscere
1394 770 1546 821 quidem
1563 769 1756 807 auderem.

366 831 431 866 ⁶20.
463 828 669 866 Decuisset
701 830 814 875 enim,
836 830 1108 877 Athenienses,
1129 845 1216 870 cum
1244 845 1317 882 ego
1351 831 1502 882 publice
1534 829 1757 868 Pandioniae

312 891 432 928 tribus
451 890 672 928 aedilitatem
694 892 857 942 suscepi,
876 899 956 929 tum
981 893 1107 943 ipsum
1140 893 1291 931 aedilem
1323 892 1561 931 Erechtheiae
1581 905 1659 929 sure
1690 891 1759 928 tri-

311 952 384 988 bus
399 964 441 989 se
461 952 653 1002 profiteri;
684 965 830 1003 suaque
850 966 888 990 re
908 953 1096 999 familiari,
1117 954 1297 1005 exemplo
1328 967 1427 999 meo,
1448 952 1685 998 insumenda,
1704 951 1758 988 sic

312 1011 470 1049 demum
499 1012 645 1063 eripere
671 1013 762 1050 mihi
784 1013 1003 1051 victoriam:
1033 1014 1086 1052 sic
1107 1028 1194 1052 vero
1215 1014 1399 1052 insultare
1419 1022 1457 1052 et
1476 1015 1689 1059 verberare,
1709 1025 1759 1049 ne

312 1079 392 1110 tum
413 1073 580 1123 quidem.
638 1074 750 1112 Nunc
770 1074 809 1111 id
830 1074 982 1125 quidem
1009 1088 1085 1113 non
1104 1076 1208 1121 fecit,
1229 1089 1306 1126 quo
1328 1075 1469 1126 populo
1488 1074 1672 1112 honorem
1691 1074 1759 1111 ha-

310 1134 402 1171 bere
421 1134 625 1184 potuisset,
646 1148 769 1185 neque
790 1135 909 1173 ullum
924 1136 1000 1174 tale
1020 1150 1100 1174 suae
1119 1136 1386 1187 generositatis
1408 1135 1600 1187 specimen
1619 1133 1759 1172 edidit:

311 1195 379 1232 sed
400 1209 472 1241 me,
493 1196 690 1246 qui—sive
709 1196 808 1247 quis,
824 1197 1098 1245 Athenienses,
1113 1198 1301 1236 insaniam
1321 1210 1404 1235 eam
1423 1196 1638 1234 existimare
1657 1195 1760 1248 vult3

311 1263 373 1294 est
391 1257 491 1295 enim
511 1257 676 1295 fortasse
695 1257 868 1304 insaniae,
889 1258 957 1296 niti
986 1272 1103 1310 supra
1131 1259 1252 1297 vires:
1284 1259 1363 1296 sive
1381 1256 1759 1295 liberalitatem—ul-

311 1324 370 1355 tro
389 1318 610 1356 aedilitatem
628 1318 739 1363 subii,
763 1319 859 1357 adeo
878 1319 1005 1370 palam
1024 1327 1064 1357 et
1081 1320 1225 1357 nefarie
1243 1320 1433 1357 insultans
1454 1325 1669 1356 assectatus
1688 1324 1759 1363 est,

310 1384 354 1416 ut
371 1391 498 1429 neque
520 1391 543 1416 a
561 1378 690 1425 choro,
712 1392 837 1429 neque
857 1392 880 1417 a
898 1393 1055 1431 corpore
1071 1393 1155 1417 meo
1174 1393 1312 1418 manus
1334 1379 1556 1417 abstineret.
1614 1378 1654 1415 Si
1674 1378 1759 1428 quis

313 1446 442 1477 autem
471 1446 654 1487 vestrum,
676 1440 950 1486 Athenienses,
985 1441 1120 1478 Midiae
1146 1442 1301 1492 quidem
1333 1441 1523 1486 irascitur,
1554 1452 1631 1477 non
1663 1439 1761 1477 adeo

312 1508 454 1547 tamen,
484 1507 528 1538 ut
558 1513 645 1538 eum
682 1508 804 1539 morte
836 1501 1101 1539 mulctandum
1130 1502 1332 1548 existimet,
1353 1502 1384 1538 is
1412 1514 1489 1538 non
1508 1507 1611 1538 recte
1631 1501 1759 1538 sentit.

312 1562 398 1600 Nec
417 1562 518 1599 enim
536 1575 689 1612 aequum
709 1569 780 1608 est,
797 1571 863 1600 aut
877 1563 1067 1609 convenit,
1083 1563 1164 1614 ejus
1182 1563 1247 1614 qui
1271 1563 1386 1600 laesus
1405 1569 1465 1600 est
1475 1561 1758 1607 verecundiam,

313 1622 367 1660 illi
382 1623 447 1674 qui
467 1635 598 1660 omnes
619 1623 864 1661 contumeliae
886 1637 964 1661 suae
982 1623 1154 1661 habenas
1182 1623 1337 1667 laxavit,
1368 1622 1418 1660 ad
1452 1622 1616 1659 salutem
1649 1621 1758 1672 quic-

311 1697 427 1734 quam
445 1683 635 1734 opitulari.
691 1684 770 1721 Sed
790 1684 820 1721 is
839 1685 993 1734 quidem
1012 1684 1066 1722 sic
1086 1691 1147 1722 est
1166 1684 1393 1735 puniendus,
1411 1689 1454 1720 ut
1471 1696 1537 1734 per
1551 1695 1664 1733 quem
1683 1695 1761 1719 non

310 1746 469 1791 steterit,
490 1758 566 1795 quo
585 1746 710 1783 minus
730 1745 970 1784 atrocissima
987 1759 1151 1796 quaeque
1181 1752 1517 1796 perpetrarentur:
1548 1745 1760 1783 accusatori

310 1819 400 1844 vero
419 1813 593 1857 prompte
610 1818 722 1856 opem
741 1806 914 1851 ferendo,
937 1807 1099 1857 gratiam
1113 1806 1240 1844 referri
1260 1807 1384 1844 decet.

363 1868 429 1905 21.
460 1867 544 1905 Nec
562 1866 663 1904 enim
682 1867 756 1904 hoc
775 1867 947 1917 profecto
971 1867 1046 1905 dici
1072 1874 1210 1918 potest,
1241 1879 1315 1913 me,
1346 1880 1434 1904 cum
1467 1881 1515 1906 ex
1542 1867 1760 1915 huiusmodi

311 1929 426 1965 rebus
453 1927 547 1964 nihil
574 1940 743 1977 unquam
777 1928 988 1965 atrocitatis
1009 1927 1208 1973 exstiterit,
1229 1940 1331 1965 nunc
1352 1940 1587 1978 exaggerare
1606 1928 1682 1966 hoc
1702 1927 1758 1965 fa-

313 1995 430 2035 ctum,
449 1995 488 2026 et
507 1987 672 2025 terribile
689 1988 829 2026 facere.
886 1988 1020 2039 Longe
1043 1988 1199 2040 quidem
1226 2001 1267 2026 se
1287 2002 1346 2026 res
1367 1989 1476 2026 aliter
1495 1984 1624 2034 habet,
1640 2002 1759 2039 quum

311 2048 440 2086 norint
458 2060 608 2091 omnes;
640 2054 707 2085 aut
725 2048 894 2099 plerique
914 2049 1050 2086 saltem
1067 2062 1076 2086 z
1107 2049 1343 2100 Euthynum,
1363 2049 1426 2099 qui
1447 2049 1536 2086 olim
1553 2049 1763 2100 palaestrita

310 2110 396 2155 fuit,
443 2109 565 2156 illum,
604 2109 950 2155 adolescentulum,
1001 2109 1215 2160 Sophilum,
1257 2110 1686 2160 pancratiasten‚—suit
1728 2111 1760 2148 is

308 2170 423 2208 homo
442 2171 634 2215 robustus,
658 2170 776 2220 niger,
797 2170 886 2208 satis
917 2170 995 2208 scio
1025 2171 1233 2221 intelligere
1266 2179 1432 2209 vestrum
1459 2171 1620 2221 aliquos,
1646 2184 1760 2221 quem

310 2231 501 2276 dicam—,
521 2231 624 2268 hunc
641 2230 756 2281 igitur
777 2231 976 2281 Sophilum
997 2231 1101 2268 Sami
1121 2232 1159 2268 in
1180 2244 1388 2282 congressu
1414 2232 1580 2282 quodam
1600 2231 1759 2269 familia-

311 2294 418 2343 rique
437 2292 641 2342 colloquio,
654 2293 757 2342 quod
776 2292 840 2329 ille
855 2306 878 2330 a
893 2305 969 2342 quo
984 2292 1191 2343 vapulabat
1204 2293 1475 2330 contumeliam
1491 2294 1525 2330 ei
1543 2292 1666 2330 facere
1682 2306 1759 2331 non

312 2354 562 2398 dubitaverat,
582 2353 621 2390 in
653 2353 760 2390 illum
787 2353 841 2391 sic
873 2353 1101 2399 vindicasse,
1122 2363 1164 2391 ut
1196 2354 1309 2391 etiam
1342 2354 1549 2391 occideret.
1608 2353 1760 2392 Norunt

311 2414 359 2451 ab
390 2414 555 2451 Evaeone
587 2414 708 2457 multi,
731 2414 1004 2451 Leodamantis
1035 2414 1163 2459 fratre,
1192 2414 1360 2452 occisum
1393 2427 1477 2452 esse
1511 2415 1690 2452 Boeotum
1719 2415 1759 2452 in

312 2487 436 2520 coena,
455 2482 492 2511 et
511 2487 717 2524 congressu
747 2475 952 2520 communi,
973 2475 1022 2512 ob
1053 2487 1167 2512 unam
1194 2475 1358 2525 plagam.
1416 2475 1499 2513 Nec
1526 2476 1624 2513 enim
1644 2476 1761 2526 plaga

311 2537 494 2574 excitarat
524 2535 773 2581 iracundiam,
794 2536 862 2572 sed
893 2536 1124 2585 ignominia:
1155 2548 1278 2586 neque
1299 2538 1455 2574 verbera
1473 2537 1649 2588 ingenuis
1669 2545 1760 2575 sunt

312 2599 464 2644 acerba,
492 2608 710 2646 quanquam
743 2597 881 2633 acerba
911 2603 1011 2642 sunt,
1043 2596 1112 2634 sed
1143 2597 1386 2634 contumeliae
1420 2611 1538 2636 causa
1570 2599 1758 2636 verberari

311 2665 371 2697 est
407 2658 599 2695 acerbum.
660 2657 784 2693 Multa
808 2657 907 2693 enim
940 2657 971 2693 is
1003 2657 1066 2706 qui
1097 2658 1282 2702 verberat,
1313 2659 1579 2703 Athenienses,
1611 2658 1757 2697 fecerit.

312 2732 471 2771 quorum
500 2718 676 2768 quaedam
712 2718 741 2755 is
774 2718 837 2767 qui
870 2719 982 2756 laesus
1009 2726 1081 2762 est,
1104 2719 1185 2756 aliis
1219 2732 1290 2757 nec
1318 2720 1455 2758 referre
1477 2721 1609 2771 possit,
1629 2727 1756 2770 gestu,

311 2783 462 2825 obtutu,
494 2791 602 2824 voce,
633 2792 749 2829 quum
787 2786 828 2815 ut
860 2779 1062 2825 insultans,
1095 2793 1212 2830 quum
1243 2788 1286 2817 ut
1316 2781 1503 2825 inimicus,
1538 2793 1652 2831 quum
1685 2794 1754 2831 pu-

314 2855 403 2892 gno,
434 2854 553 2891 quum
585 2841 621 2877 in
658 2840 770 2878 mala.
840 2839 934 2877 Haec
972 2849 1227 2886 commovent,
1258 2842 1342 2879 hacc
1375 2842 1422 2878 ad
1452 2841 1638 2879 insaniam
1675 2842 1757 2879 adi-

314 2908 410 2952 gunt
448 2901 638 2947 homines,
672 2902 838 2939 ferendis
877 2902 1117 2939 contumeliis
1157 2914 1233 2939 non
1264 2910 1450 2940 assuetos.
1509 2902 1646 2951 Neque
1683 2910 1754 2948 est,
