1923 3149
728 173 1035 213 PHILIPPICA
1078 176 1128 212 ΙΙ.
1606 179 1654 214 59

180 281 464 320 sustinuissem
494 284 598 322 obire
628 283 873 336 legationem,
912 297 1036 335 neque
1073 296 1142 321 vos
1181 283 1259 321 scio
1291 283 1518 334 belligerare
1550 284 1651 322 desi-

193 340 336 391 issetis,
364 344 396 382 si
428 345 482 383 ita
512 352 686 383 acturum
720 345 942 396 Philippum
974 357 1069 396 pace
1088 345 1294 395 impetrata
1311 345 1548 394 putassetis3
1580 346 1649 383 sed

193 404 242 442 ab
269 405 329 443 his
356 408 469 444 rebus
491 406 607 458 longe
640 407 910 461 abhorrebant,
938 419 1025 457 quae
1054 412 1134 443 tum
1161 405 1398 443 dicebantur.
1451 406 1501 444 Et
1519 419 1647 445 rursus

194 465 289 503 alios
309 467 416 504 citari
443 474 497 504 cst
516 481 661 517 (equum.
707 466 842 510 Quos?
871 479 938 504 eos
968 466 1048 517 qui,
1068 478 1155 503 cum
1175 479 1248 517 ego
1267 466 1370 504 facta
1397 466 1478 517 jam
1511 479 1606 517 pace
1626 480 1649 504 a

192 528 404 576 posteriore
424 528 617 578 legatione
630 541 717 578 quae
733 527 783 565 ad
802 527 1035 578 exigendum
1058 527 1328 578 jusjurandum
1350 527 1469 564 missa
1489 534 1570 565 erat
1589 541 1646 565 re-

192 600 340 634 versus,
359 588 492 626 fucum
524 589 745 640 reipublicae
776 589 856 626 fleri
888 589 1070 635 sentiens,
1098 589 1183 626 haec
1208 588 1463 638 praedicebam
1493 595 1532 626 et
1556 601 1648 626 con·

194 650 365 687 testabar
395 656 435 688 et
466 663 545 688 non
566 650 739 688 sinebam
759 650 871 702 prodi
899 650 1017 701 Pylas
1048 663 1174 700 neque
1196 650 1434 696 Phocenses,
1467 650 1650 688 dicebant

192 723 255 749 me
286 711 352 761 qui
385 724 524 762 aquam
550 719 723 763 potarem
761 725 840 750 non
869 712 1009 762 injuria
1035 712 1232 750 difficilem
1259 718 1298 749 et
1323 725 1522 750 morosum
1562 725 1649 750 esse

189 771 396 818 hominem,
427 773 647 825 Philippum
678 780 821 819 autern,
840 786 926 824 quae
957 773 1139 824 optaretis
1161 786 1243 819 vos,
1266 773 1297 811 si
1318 774 1417 810 intra
1434 774 1545 822 Pyla-s
1558 786 1646 824 pro-

190 847 345 885 gressus
361 843 478 881 essct,
501 837 704 882 facturum,
719 843 758 874 et
775 835 962 887 Thespias
982 835 1138 887 quidem
1159 841 1200 872 et
1214 835 1381 873 Plataeas
1401 835 1647 882 muniturum,

190 895 459 935 Thebanorum
480 904 609 936 autem
629 897 810 936 ferociam
835 911 1114 949 repressurum,
1136 896 1423 935 Cherronesum
1445 896 1524 934 suis
1543 910 1647 935 sum-

188 957 318 1008 ptibus
337 959 610 1009 perfossurum,
631 959 817 997 Euboeam
842 965 881 996 et
907 958 1077 1009 Oropum
1099 971 1171 1009 pro
1194 958 1413 1009 Amphipoli
1433 958 1541 996 vobis
1561 958 1648 998 red-

191 1018 382 1057 diturum:
413 1033 502 1057 nam
523 1020 608 1058 haec
629 1021 757 1058 omnia
784 1020 846 1058 hic
879 1033 946 1071 pro
973 1026 1161 1071 suggesto
1191 1019 1272 1057 scio
1304 1019 1531 1057 meministis
1561 1033 1649 1058 esse

189 1078 308 1127 dicta,
338 1094 560 1132 quanquam
584 1095 721 1132 parum
745 1094 851 1119 acres
872 1082 910 1119 in
931 1081 1282 1120 animadvertendis
1307 1082 1565 1132 improborum
1590 1082 1648 1119 in-

182 1139 308 1191 juriis.
354 1141 407 1179 Et
424 1142 529 1191 quod
548 1149 608 1180 est
626 1142 797 1181 omnium
816 1143 1095 1194 turpissimum,
1126 1149 1169 1180 ut
1187 1143 1301 1181 etiam
1322 1149 1564 1193 posterorum
1584 1157 1649 1182 ve-

189 1207 352 1239 strorum
372 1202 453 1254 spei
473 1203 609 1241 eadem
626 1205 700 1242 ista
717 1217 794 1255 pax
815 1204 1066 1251 adhaerescat,
1082 1204 1237 1255 insuper
1253 1204 1479 1242 decrevistis
1495 1217 1505 1239 :
1524 1219 1647 1255 usque

188 1263 285 1302 adeo
303 1264 344 1301 in
362 1264 537 1303 fraudem
552 1265 641 1304 estis
660 1266 792 1304 illecti.
823 1265 925 1309 Quid
946 1266 1061 1317 igitur
1079 1266 1164 1304 haec
1193 1279 1297 1304 nunc
1317 1266 1406 1304 dico
1428 1273 1467 1304 et
1485 1266 1571 1304 illos
1591 1267 1647 1305 ci-

187 1326 261 1363 tari
272 1325 392 1377 jubeo
407 1326 423 1364 2
452 1340 539 1378 ego,
559 1341 627 1378 per
646 1327 742 1366 deos
760 1327 1008 1373 immortales,
1028 1340 1159 1365 verum
1173 1327 1277 1379 apud
1294 1340 1360 1365 vos
1389 1327 1506 1366 libere
1521 1328 1648 1366 dicam

188 1393 228 1425 et
242 1400 319 1425 non
338 1387 600 1427 dissimulabo.
641 1389 734 1426 Non
761 1396 805 1427 ut
821 1389 858 1426 in
878 1389 1095 1437 convicium
1116 1388 1300 1440 delapsus
1322 1388 1485 1427 efficiam
1505 1396 1548 1427 ut
1572 1403 1646 1441 ego

186 1447 349 1487 vicissim
365 1438 547 1488 conviciis
563 1451 666 1501 apud
678 1464 746 1488 vos
761 1451 944 1498 incessar,
957 1450 1001 1488 iis
1017 1456 1147 1488 autem
1162 1450 1227 1501 qui
1248 1451 1296 1488 ab
1317 1450 1425 1488 initio
1445 1451 1537 1488 mihi
1552 1451 1648 1490 infe-

188 1510 236 1548 sti
249 1511 404 1550 fuerunt
418 1525 521 1549 nunc
540 1525 694 1562 quoque
710 1513 902 1563 praebeam
929 1513 1173 1551 occasionem
1190 1512 1333 1563 aliquid
1354 1512 1491 1550 iterum
1505 1513 1648 1564 accipi-

189 1572 278 1609 endi
298 1585 320 1609 a
333 1573 511 1624 Philippo
528 1589 538 1617 ;
556 1587 681 1624 neque
695 1580 739 1611 ut
753 1574 893 1611 frustra
907 1574 1083 1625 garriam.
1118 1573 1196 1611 Sed
1212 1575 1305 1623 qaod
1318 1574 1525 1624 aliquando
1538 1576 1648 1613 vobis

188 1633 410 1671 molestiora
438 1634 518 1671 fore
549 1633 717 1685 Philippi
748 1635 850 1672 facta
882 1642 989 1685 puto,
1018 1647 1136 1685 quam
1158 1648 1290 1672 nunc:
1325 1648 1405 1672 rem
1438 1636 1539 1673 enim
1558 1650 1648 1687 pro-

189 1694 296 1745 gredi
324 1695 450 1741 video,
479 1708 602 1745 neque
634 1709 725 1734 sane
752 1696 865 1735 velim
893 1696 1134 1747 conjecturas
1163 1709 1269 1733 meas
1308 1709 1394 1733 esse
1421 1709 1545 1742 veras,
1577 1698 1646 1735 sed

186 1767 319 1793 vereor
338 1769 386 1793 ne
412 1756 451 1793 id
464 1756 545 1807 jam
567 1756 686 1794 nimis.
700 1758 737 1795 in
757 1757 972 1810 propinquo
1006 1757 1066 1795 sit.
1114 1757 1282 1798 Quando
1306 1757 1421 1807 igitur
1439 1759 1547 1796 vobis
1568 1773 1646 1797 non

180 1817 263 1868 jam
295 1817 459 1856 liberum
490 1819 562 1856 erit
595 1832 642 1857 ea
670 1833 758 1870 quae
794 1819 973 1857 eveniunt
1002 1819 1225 1870 negligere3
1255 1832 1381 1869 neque
1412 1820 1484 1857 ista
1514 1827 1648 1859 contra

185 1891 254 1916 vos
274 1880 397 1930 parari
416 1886 454 1917 et
474 1880 568 1918 strui
588 1893 638 1918 ex
663 1894 725 1919 me
752 1881 915 1920 audietis
947 1887 1015 1918 aut
1043 1880 1117 1918 alio
1138 1880 1334 1932 quopiam,
1361 1881 1430 1918 sed
1456 1881 1528 1931 ipsi
1562 1895 1644 1919 om—

185 1953 254 1978 nes
274 1941 450 1979 videbitis
480 1949 519 1980 et
549 1943 668 1993 probe
700 1943 843 1988 scietis,
873 1942 1080 1981 iracundos
1110 1948 1150 1980 et
1178 1955 1334 1993 asperos
1361 1942 1440 1979 fore
1468 1956 1536 1980 vos
1569 1945 1648 1981 exi-

187 2002 313 2041 stimo.
354 2003 499 2042 Vereor
519 2003 635 2055 igitur
655 2017 703 2042 ne
723 2018 813 2043 cum
835 2017 881 2043 ea
899 2004 1016 2055 legati
1034 2004 1259 2042 reticuerint
1278 2004 1327 2041 ob
1349 2016 1435 2053 quae
1468 2017 1509 2041 se
1529 2004 1645 2055 largi—

185 2062 352 2101 tionibus
370 2071 571 2116 corruptos
587 2078 672 2104 esse
693 2066 833 2113 sciunt,
851 2066 897 2103 iis
918 2066 982 2116 qui
1002 2078 1050 2103 ea
1069 2079 1157 2116 quae
1176 2078 1246 2116 per
1264 2065 1357 2103 istos
1376 2064 1573 2116 perierunt
1586 2066 1644 2102 in-

184 2130 353 2163 staurare
384 2133 586 2172 conantur,
608 2134 777 2166 vestram
799 2127 960 2178 experiri
990 2127 1229 2165 iracundiam
1249 2140 1322 2164 usu
1342 2126 1472 2163 veniat
1491 2140 1500 2164 z
1530 2127 1644 2164 video

183 2186 287 2224 enim
317 2187 523 2226 nonnullos
544 2188 770 2240 plerumque
795 2202 873 2226 non
891 2188 932 2226 in
952 2201 1077 2226 rerum
1104 2195 1297 2233 auctoreS,
1328 2188 1399 2226 sed
1430 2188 1469 2225 in
1487 2188 1559 2226 hos
1579 2189 1644 2239 qui

177 2247 220 2287 :in
240 2261 372 2287 eorum
391 2256 482 2287 sunt
499 2256 707 2302 potestate,
727 2251 821 2289 iram
841 2263 952 2288 suam
972 2249 1185 2288 effundere.

237 2312 275 2348 7.
304 2311 409 2348 Dum
429 2311 548 2362 igitur
566 2325 626 2350 res
648 2311 820 2350 differtur
838 2319 877 2350 et
895 2317 1138 2362 comparatur
1165 2316 1205 2348 et
1223 2310 1320 2348 alius
1345 2310 1464 2348 aliurn
1484 2312 1641 2349 exaudi-

180 2384 282 2419 mus,
299 2386 612 2424 unumquemque
631 2380 816 2420 vestrum,
835 2373 924 2411 licet
941 2374 1059 2425 probe
1075 2386 1251 2424 gnarum,
1271 2379 1400 2410 tamen
1422 2385 1641 2412 commone-

181 2432 310 2472 facere
328 2434 456 2482 velim,
471 2435 648 2486 quisnam
667 2443 727 2473 est
746 2436 812 2487 qui
833 2435 1054 2473 Phocenses
1073 2441 1112 2472 et
1139 2434 1256 2485 Pylas
1276 2433 1511 2471 deserendas
1534 2436 1641 2473 vobis

182 2494 320 2540 suasit,
349 2497 488 2546 quibus
510 2496 572 2534 ille
596 2496 742 2548 potitus
776 2497 878 2535 viam
905 2496 976 2535 sibi
1005 2496 1044 2534 in
1064 2496 1238 2534 Atticam
1264 2502 1303 2533 et
1327 2495 1643 2546 Peloponnesum

182 2555 360 2604 munivit,
388 2557 623 2608 perfecitque
649 2565 694 2597 ut
716 2559 824 2597 vobis
848 2572 927 2596 non
954 2558 1036 2609 jam
1065 2558 1115 2595 de
1137 2557 1284 2595 tuendo
1297 2557 1384 2608 jure
1410 2556 1641 2596 Graeeorum

182 2622 224 2656 et
238 2617 286 2655 de
304 2618 417 2655 rebus
436 2619 625 2658 extraneis
645 2620 941 2659 consultandum
963 2618 1027 2667 sit,
1046 2618 1116 2657 sed
1136 2619 1184 2657 de
1203 2618 1325 2670 patrio
1346 2618 1428 2656 solo
1458 2618 1640 2668 belloque

181 2678 351 2716 Atticam
369 2679 491 2729 ipsam
511 2679 736 2731 attingente,
756 2680 861 2731 quod
881 2679 1013 2718 dolore
1032 2679 1188 2730 quidem
1217 2679 1358 2719 afficiet
1382 2692 1639 2729 unumquem-

183 2753 260 2791 que
287 2746 470 2785 vestrum‚
492 2741 558 2778 ubi
588 2742 721 2790 aderit,
751 2749 873 2780 ortum
897 2748 958 2781 est
978 2747 1107 2779 autem
1127 2741 1193 2778 illo
1213 2741 1299 2792 ipso
1320 2740 1393 2779 die.
1432 2739 1517 2777 Nisi
1536 2740 1638 2778 enirn

181 2807 266 2840 tum
284 2801 437 2853 decepti
453 2801 586 2841 essetis
605 2815 687 2848 vos,
702 2803 852 2841 nullum
866 2803 949 2854 jam
963 2802 1062 2841 foret
1079 2803 1277 2854 negotium
1296 2801 1515 2852 reipublicae
1530 2815 1540 2840 z
1570 2814 1640 2839 ne-

185 2875 268 2914 que.
281 2863 382 2902 enim
401 2863 528 2902 navali
545 2863 651 2902 bello
673 2865 845 2916 superior
866 2865 990 2903 classe
1010 2876 1181 2915 unquam
1211 2863 1248 2900 in
1276 2862 1453 2902 Atticam
1471 2863 1637 2902 venisset
