1923 3149
262 177 338 219 268
574 177 651 217 DE
680 177 839 218 MALE
869 177 1043 217 GESTA
1072 178 1403 219 LEGATIONE.

262 288 352 339 ipsis
372 285 486 324 armis
516 282 632 335 cepit,
657 281 764 332 quod
792 282 935 320 nemini
953 280 1170 318 mortalium
1196 294 1369 332 unquam
1394 284 1569 336 contigit,
1587 295 1714 337 neque

262 350 315 388 illi
346 347 464 386 solem
490 345 774 389 reverebantur,
803 343 869 394 qui
898 343 936 380 id
955 344 1135 393 agebant,
1158 355 1284 393 neque
1315 350 1455 381 terram
1481 347 1656 396 patriam,
1675 348 1714 386 in

264 425 342 465 qua
361 411 527 454 stabant,
555 419 680 458 neque
699 406 802 452 fana,
828 418 954 456 neque
975 404 1210 442 monimenta
1229 405 1425 455 majorum,
1454 419 1526 444 nec
1543 408 1714 448 dedecus

263 487 309 514 ea
327 472 497 511 facinora
514 476 748 508 secuturum.
799 467 936 517 Usque
955 466 1052 504 adeo
1076 466 1285 512 vaecordes,
1305 466 1572 514 Athenienses,
1599 477 1639 508 et
1656 478 1714 509 at-

260 535 406 574 tonitos
425 533 572 571 faciunt
600 529 837 580 largitiones.
877 528 959 566 Vos
978 527 1106 578 igitur,
1135 540 1217 573 vos,
1237 528 1407 577 inquam,
1433 529 1550 574 cives,
1582 537 1621 568 et
1651 545 1713 570 sa-

262 595 388 649 pietis,
409 601 448 633 et
466 593 516 631 ad
531 592 623 630 talia
635 592 807 628 facinora
821 601 897 627 non
917 588 1181 634 connivebitis,
1201 589 1270 626 sed
1291 601 1338 626 ea
1351 589 1508 639 publice
1534 592 1716 642 punietis.

263 657 369 696 Nihil
397 656 496 695 enim
515 653 595 691 fieri
615 658 732 703 queat
751 651 969 698 absurdius,
993 663 1107 701 quam
1128 650 1378 695 committere,
1409 663 1497 688 cum
1520 652 1559 689 in
1586 653 1717 704 prodi-

261 727 364 758 tores
385 715 658 768 Olynthiorum
679 713 800 750 multa
826 713 971 750 atrocia
990 711 1246 756 decreveritis,
1276 719 1319 749 ut
1336 724 1401 749 eos
1422 713 1486 763 qui
1506 714 1609 764 apud
1628 728 1716 753 vos-

260 780 446 831 metipsos
467 776 725 826 deliquerunt,
742 786 819 811 non
838 772 1020 824 puniatis.
1051 774 1134 823 Age
1155 774 1275 811 recita
1295 773 1491 811 decretum
1511 775 1559 812 de
1590 775 1715 827 Olyn-

262 841 350 879 thiis
368 840 530 878 factum.

834 928 1155 967 DECRETUM.

264 1021 362 1061 Haec
381 1033 463 1063 vos,
486 1017 651 1070 judices,
681 1020 784 1054 recte
810 1013 1074 1064 praeclareque
1106 1013 1276 1049 omnium
1302 1020 1341 1051 et
1369 1013 1595 1053 Graecorum
1624 1029 1718 1055 con-

262 1096 380 1133 sensu
399 1088 438 1119 et
453 1080 718 1122 barbarorum,
737 1073 960 1112 decrevistis
979 1074 1018 1111 in
1046 1073 1275 1124 proditores,
1293 1080 1332 1111 et
1350 1074 1525 1114 homines
1545 1077 1618 1115 diis
1647 1077 1718 1116 ini.

261 1146 397 1183 micos.
446 1142 545 1179 Cum
566 1139 678 1190 igitur
697 1137 914 1188 acceptatio
934 1147 1134 1172 munerum
1153 1135 1244 1172 talia
1262 1135 1435 1173 facinora
1452 1138 1661 1187 praecedat,
1679 1145 1721 1178 et

261 1212 416 1258 propter
429 1202 498 1241 illa
512 1201 627 1239 etiam
638 1199 722 1236 haec
742 1197 898 1248 quidam
918 1196 1134 1241 admittant,
1152 1209 1433 1248 quemcunque,
1447 1198 1718 1247 Athenienses,

263 1273 464 1318 acceptare
492 1274 649 1301 munera
677 1259 863 1306 videritis,
889 1272 976 1297 eum
1009 1258 1122 1296 etiam
1151 1258 1385 1309 proditorem
1418 1273 1502 1298 esse
1528 1269 1718 1312 putatote.

264 1328 381 1373 Quod
408 1327 440 1365 si
461 1325 560 1364 alius
586 1321 822 1365 occasiones,
842 1320 938 1358 alius
970 1319 1139 1370 negotia,
1165 1319 1262 1357 alius
1282 1320 1422 1358 milites
1454 1322 1593 1372 prodit,
1612 1324 1720 1374 quie.

262 1387 534 1443 quidsingulis
546 1383 793 1423 commissum
805 1381 919 1419 fuerit
945 1381 984 1419 id
997 1380 1131 1431 utique
1145 1381 1326 1432 perdunt.
1350 1383 1474 1434 AEque
1486 1391 1613 1423 autem
1620 1385 1719 1424 tales

263 1464 398 1491 omnes
418 1448 525 1500 digni
543 1453 632 1486 sunt
650 1445 754 1483 odio.

316 1515 379 1551 76.
409 1510 460 1548 Et
479 1518 562 1556 vos,
591 1506 865 1549 Athenienses,
884 1504 924 1540 in
956 1516 1003 1540 ea
1032 1516 1072 1540 re
1102 1503 1173 1540 soli
1205 1503 1394 1554 exemplis
1415 1504 1471 1541 uti
1496 1505 1720 1546 domesticis

261 1573 435 1626 potestiS,
464 1576 504 1609 et
527 1569 704 1619 majores,
725 1579 822 1616 quos
837 1565 925 1616 jure
955 1563 1138 1610 laudatis,
1166 1564 1251 1615 ipsa.
1279 1578 1319 1602 re
1347 1565 1496 1603 imitari.
1546 1566 1662 1610 Quod
1688 1568 1720 1606 si

262 1635 407 1689 praelia,
426 1637 466 1670 et
489 1629 771 1682 expeditiones,
791 1634 829 1664 et
848 1625 1082 1671 discrimina,
1107 1625 1146 1662 in
1168 1625 1307 1675 quibus
1333 1625 1386 1663 illi
1405 1626 1563 1665 fuerunt
1588 1627 1721 1679 splen·-

263 1696 359 1742 didi,
384 1696 460 1732 hoc
484 1698 657 1742 tempore
685 1702 765 1726 non
792 1687 983 1732 incidunt,
1016 1699 1105 1724 cum
1135 1687 1255 1724 otium
1285 1699 1387 1725 nunc
1414 1701 1482 1726 vos
1513 1689 1651 1738 agatis,
1681 1697 1722 1728 at

262 1755 508 1810 prudentiam
522 1763 656 1790 eorum
675 1747 887 1792 imitamini,
906 1760 983 1797 qua
1000 1747 1124 1785 ubivis
1145 1754 1204 1785 est
1222 1760 1334 1798 opuS.
1366 1747 1504 1797 Neque
1522 1750 1721 1798 operosius

263 1829 338 1866 est,
360 1822 428 1857 aut
445 1814 659 1859 molestius,
681 1823 828 1862 sapere,
848 1823 964 1861 quam
981 1810 1172 1858 desipere.
1203 1808 1282 1845 Sed
1296 1809 1379 1859 pari
1400 1810 1526 1859 spatio
1540 1813 1721 1862 temporis

261 1882 404 1922 'sedens
424 1885 593 1916 vestrum
607 1874 779 1925 quisque,
801 1872 834 1909 si
854 1883 941 1920 quae
960 1876 1113 1920 oportet
1130 1869 1179 1906 de
1199 1870 1314 1906 rebus
1335 1871 1511 1908 statuerit
1528 1878 1568 1909 et
1587 1872 1723 1912 decre-

264 1944 375 1991 verit,
395 1938 614 1990 reipublicae
645 1933 859 1973 commodis
890 1931 1079 1976 consulet,
1100 1937 1140 1967 et
1165 1943 1189 1968 a
1215 1930 1404 1981 dignitate
1431 1932 1619 1983 majorum
1644 1948 1722 1974 non

258 2001 541 2057 degenerabit:
572 1998 630 2036 sin
659 2009 746 2046 quae
774 1995 979 2039 dedecent,
1011 1998 1155 2030 statum
1174 2004 1298 2029 rerum
1324 1994 1585 2032 communium
1615 1996 1723 2035 dete-

265 2069 403 2108 riorem
425 2062 553 2108 faciet,
573 2067 612 2098 et
630 2058 833 2108 indignum
854 2054 1075 2106 majoribus.
1111 2053 1167 2091 Ut
1186 2053 1298 2103 igitur
1325 2054 1377 2091 illi
1396 2055 1432 2092 in
1454 2055 1549 2093 istos
1567 2057 1724 2098 fuerunt

266 2125 452 2168 animati?
484 2124 581 2160 Haec
600 2133 710 2171 cape,
728 2118 866 2163 scriba,
881 2123 921 2154 et
939 2116 1040 2166 lege.
1072 2115 1400 2165 cognoscendum
1415 2116 1516 2154 enim
1528 2119 1636 2157 vobis
1649 2127 1721 2167 est,

266 2204 335 2230 vos
355 2190 394 2227 in
411 2188 455 2225 iis
474 2186 589 2223 rebus
615 2194 699 2220 esse
719 2192 874 2231 segneS,
893 2183 1046 2230 propter
1065 2190 1161 2227 quas
1188 2184 1318 2215 sontes
1336 2178 1471 2228 capitis
1491 2178 1725 2220 damnarunt

269 2252 442 2304 majores.
472 2245 614 2286 Recita
629 2244 709 2282 has.

710 2350 922 2390 LITERAE
953 2350 1258 2389 DELECTUS.

252 2441 256 2445 ,
273 2439 445 2482 Auditis,
467 2433 738 2475 Athenienses,
757 2430 834 2468 hoc
855 2429 996 2480 scripto
1017 2429 1217 2474 contineri,
1235 2428 1450 2466 Arthmium
1471 2430 1724 2481 Pythonactis

272 2503 317 2541 F.
338 2499 515 2542 Zelitam,
531 2495 749 2547 judicatum
768 2504 854 2529 esse
874 2491 1068 2528 inimicum
1089 2498 1127 2528 et
1146 2490 1295 2528 hostem
1316 2491 1449 2542 populi
1477 2492 1726 2533 Atheniensis

271 2571 311 2603 et
326 2561 531 2604 sociorum,
560 2558 682 2607 ipsum
709 2560 748 2590 et
771 2553 990 2590 universum
1012 2555 1093 2599 ejus
1110 2564 1249 2602 genus.
1281 2552 1387 2589 Cur?
1418 2553 1521 2603 quod
1549 2567 1683 2593 aurum
1701 2568 1727 2594 a

271 2622 452 2663 Barbaris
473 2621 509 2657 in
528 2617 721 2656 Graeciam
741 2614 894 2652 invexit.
943 2612 1045 2650 Hinc
1065 2620 1225 2664 apparet
1244 2613 1435 2660 nimirum,
1459 2621 1498 2652 et
1515 2615 1725 2666 majoribus

272 2686 424 2731 vestris,
450 2695 499 2720 ne
520 2680 724 2731 quisquam
742 2675 959 2713 mortalium
987 2682 1143 2725 propter
1163 2675 1381 2725 pecuniam,
1405 2676 1557 2714 cladem
1584 2677 1727 2728 impor-

272 2753 371 2786 taret
389 2742 564 2788 Graeciae,
582 2739 703 2777 fuisse
721 2749 845 2774 curae:
878 2742 918 2773 et
943 2748 1011 2773 vos
1038 2748 1110 2773 nec
1138 2735 1234 2773 illud
1262 2749 1412 2781 cavere,
1439 2749 1489 2775 ne
1511 2744 1724 2777 vestrorum

273 2809 411 2847 civium
432 2803 569 2855 aliquis
593 2798 813 2851 reipublicae
827 2797 1004 2848 injuriam
1024 2797 1152 2835 faciat.
1188 2798 1241 2836 At
1257 2798 1414 2837 hercule
1433 2799 1471 2836 id
1495 2811 1724 2838 monumen-

274 2880 354 2909 tum
375 2875 569 2916 utcunque
591 2861 822 2901 collocatum
843 2858 932 2897 est?
962 2859 1045 2895 Imo
1060 2872 1148 2896 cum
1169 2860 1253 2897 haec
1268 2866 1349 2898 tota
1367 2873 1436 2898 arx
1455 2860 1507 2898 sit
1525 2871 1724 2900 sacrosan-

269 2937 346 2973 '‹;·1a‚
364 2938 401 2969 ct
422 2928 589 2979 amplum
610 2923 774 2975 spatium
791 2927 970 2972 occupet,
986 2922 1098 2971 juxta
1114 2928 1255 2961 aeream
1275 2922 1377 2961 illam
1397 2928 1436 2960 et
1455 2931 1633 2973 magnam
1648 2923 1723 2962 Μί-
