<?xml version="1.0" encoding="UTF-8"?>
<!DOCTYPE html PUBLIC "-//W3C//DTD XHTML 1.0 Transitional//EN"
    "http://www.w3.org/TR/xhtml1/DTD/xhtml1-transitional.dtd">
<html xmlns="http://www.w3.org/1999/xhtml" xml:lang="en" lang="en">
 <head>
  <title>
</title>
<meta http-equiv="Content-Type" content="text/html;charset=utf-8" />
  <meta name='ocr-system' content='tesseract 3.04.00' />
  <meta name='ocr-capabilities' content='ocr_page ocr_carea ocr_par ocr_line ocrx_word'/>
</head>
<body>
  <div class='ocr_page' id='page_1' title='image "./oratoresatticie15dobs_0315.png"; bbox 0 0 1923 3149; ppageno 0'>
   <div class='ocr_carea' id='block_1_1' title="bbox 618 153 1657 195">
    <p class='ocr_par' dir='ltr' id='par_1_1' title="bbox 618 153 1657 195">
     <span class='ocr_line' id='line_1_1' title="bbox 618 153 1657 195; baseline -0.002 -1"><span class='ocrx_word' id='word_1_1' title='bbox 618 154 916 195; x_wconf 86' lang='lat' dir='ltr'>ADVERSUS.</span> <span class='ocrx_word' id='word_1_2' title='bbox 946 153 1240 193; x_wconf 87' lang='lat' dir='ltr'>LEPTINEM.</span> <span class='ocrx_word' id='word_1_3' title='bbox 1580 156 1657 193; x_wconf 82' lang='lat'>299</span> 
     </span>
    </p>
   </div>
   <div class='ocr_carea' id='block_1_2' title="bbox 191 257 1657 986">
    <p class='ocr_par' dir='ltr' id='par_1_2' title="bbox 191 257 1657 986">
     <span class='ocr_line' id='line_1_2' title="bbox 198 257 1657 310; baseline 0 -15"><span class='ocrx_word' id='word_1_4' title='bbox 198 257 372 307; x_wconf 87' lang='lat' dir='ltr'>cognitas</span> <span class='ocrx_word' id='word_1_5' title='bbox 391 263 430 294; x_wconf 91' lang='lat' dir='ltr'>et</span> <span class='ocrx_word' id='word_1_6' title='bbox 448 263 649 308; x_wconf 84' lang='lat' dir='ltr'>perceptas</span> <span class='ocrx_word' id='word_1_7' title='bbox 681 258 849 303; x_wconf 87' lang='lat' dir='ltr'>habent;</span> <span class='ocrx_word' id='word_1_8' title='bbox 878 258 945 295; x_wconf 88' lang='lat' dir='ltr'>sed</span> <span class='ocrx_word' id='word_1_9' title='bbox 978 264 1019 295; x_wconf 91' lang='lat' dir='ltr'>ut</span> <span class='ocrx_word' id='word_1_10' title='bbox 1045 258 1136 307; x_wconf 86' lang='lat' dir='ltr'>jura</span> <span class='ocrx_word' id='word_1_11' title='bbox 1169 257 1358 308; x_wconf 84' lang='lat' dir='ltr'>simplicia</span> <span class='ocrx_word' id='word_1_12' title='bbox 1389 265 1426 296; x_wconf 90' lang='lat' dir='ltr'>et</span> <span class='ocrx_word' id='word_1_13' title='bbox 1452 257 1657 310; x_wconf 87' lang='lat' dir='ltr'>perspicua</span> 
     </span>
     <span class='ocr_line' id='line_1_3' title="bbox 198 316 1656 370; baseline 0.001 -16"><span class='ocrx_word' id='word_1_14' title='bbox 198 316 325 368; x_wconf 80' lang='lat' dir='ltr'>legere</span> <span class='ocrx_word' id='word_1_15' title='bbox 348 324 388 355; x_wconf 88' lang='lat' dir='ltr'>et</span> <span class='ocrx_word' id='word_1_16' title='bbox 420 319 632 369; x_wconf 80' lang='lat' dir='ltr'>intelligere</span> <span class='ocrx_word' id='word_1_17' title='bbox 665 318 782 357; x_wconf 84' lang='lat' dir='ltr'>liceat</span> <span class='ocrx_word' id='word_1_18' title='bbox 813 319 1004 357; x_wconf 89' lang='lat' dir='ltr'>omnibus.</span> <span class='ocrx_word' id='word_1_19' title='bbox 1062 319 1166 359; x_wconf 80' lang='lat' dir='ltr'>Quin</span> <span class='ocrx_word' id='word_1_20' title='bbox 1184 319 1296 356; x_wconf 90' lang='lat' dir='ltr'>etiam</span> <span class='ocrx_word' id='word_1_21' title='bbox 1319 327 1409 358; x_wconf 86' lang='lat' dir='ltr'>ante</span> <span class='ocrx_word' id='word_1_22' title='bbox 1429 319 1656 370; x_wconf 82' lang='lat' dir='ltr'>haec,jussit</span> 
     </span>
     <span class='ocr_line' id='line_1_4' title="bbox 196 380 1656 433; baseline 0.003 -18"><span class='ocrx_word' id='word_1_23' title='bbox 196 386 285 416; x_wconf 81' lang='lat' dir='ltr'>ante</span> <span class='ocrx_word' id='word_1_24' title='bbox 302 380 458 417; x_wconf 82' lang='lat' dir='ltr'>Statuas</span> <span class='ocrx_word' id='word_1_25' title='bbox 476 381 661 426; x_wconf 80' lang='lat' dir='ltr'>Heroum,</span> <span class='ocrx_word' id='word_1_26' title='bbox 677 394 699 418; x_wconf 87' lang='lat' dir='ltr'>a</span> <span class='ocrx_word' id='word_1_27' title='bbox 720 381 857 432; x_wconf 91' lang='lat' dir='ltr'>quibus</span> <span class='ocrx_word' id='word_1_28' title='bbox 871 380 1155 431; x_wconf 76' lang='lat' dir='ltr'>cognominatae</span> <span class='ocrx_word' id='word_1_29' title='bbox 1176 381 1299 417; x_wconf 79' lang='lat' dir='ltr'>tribus</span> <span class='ocrx_word' id='word_1_30' title='bbox 1318 389 1418 427; x_wconf 86' lang='lat' dir='ltr'>sunt,</span> <span class='ocrx_word' id='word_1_31' title='bbox 1434 395 1656 433; x_wconf 84' lang='lat' dir='ltr'>proponere,</span> 
     </span>
     <span class='ocr_line' id='line_1_5' title="bbox 195 440 1656 494; baseline 0.003 -17"><span class='ocrx_word' id='word_1_32' title='bbox 195 447 234 477; x_wconf 84' lang='lat' dir='ltr'>et</span> <span class='ocrx_word' id='word_1_33' title='bbox 254 440 389 478; x_wconf 86' lang='lat' dir='ltr'>scribae</span> <span class='ocrx_word' id='word_1_34' title='bbox 405 441 569 486; x_wconf 79' lang='lat' dir='ltr'>tradere,</span> <span class='ocrx_word' id='word_1_35' title='bbox 588 442 652 491; x_wconf 88' lang='lat' dir='ltr'>qui</span> <span class='ocrx_word' id='word_1_36' title='bbox 680 455 764 480; x_wconf 89' lang='lat' dir='ltr'>eam</span> <span class='ocrx_word' id='word_1_37' title='bbox 794 442 834 479; x_wconf 91' lang='lat' dir='ltr'>in</span> <span class='ocrx_word' id='word_1_38' title='bbox 859 441 1109 479; x_wconf 84' lang='lat' dir='ltr'>concionibus</span> <span class='ocrx_word' id='word_1_39' title='bbox 1141 441 1299 492; x_wconf 78' lang='lat' dir='ltr'>legeret,</span> <span class='ocrx_word' id='word_1_40' title='bbox 1322 449 1364 479; x_wconf 89' lang='lat' dir='ltr'>ut</span> <span class='ocrx_word' id='word_1_41' title='bbox 1390 444 1656 494; x_wconf 80' lang='lat' dir='ltr'>unusquisque</span> 
     </span>
     <span class='ocr_line' id='line_1_6' title="bbox 195 502 1657 555; baseline 0.003 -17"><span class='ocrx_word' id='word_1_42' title='bbox 195 508 365 539; x_wconf 81' lang='lat' dir='ltr'>vestrum</span> <span class='ocrx_word' id='word_1_43' title='bbox 388 516 489 553; x_wconf 81' lang='lat' dir='ltr'>saepe</span> <span class='ocrx_word' id='word_1_44' title='bbox 509 503 654 547; x_wconf 82' lang='lat' dir='ltr'>audita,</span> <span class='ocrx_word' id='word_1_45' title='bbox 674 510 712 540; x_wconf 90' lang='lat' dir='ltr'>et</span> <span class='ocrx_word' id='word_1_46' title='bbox 726 516 793 554; x_wconf 86' lang='lat' dir='ltr'>per</span> <span class='ocrx_word' id='word_1_47' title='bbox 809 504 927 541; x_wconf 88' lang='lat' dir='ltr'>otium</span> <span class='ocrx_word' id='word_1_48' title='bbox 947 502 1210 548; x_wconf 85' lang='lat' dir='ltr'>considerata,</span> <span class='ocrx_word' id='word_1_49' title='bbox 1230 516 1276 541; x_wconf 79' lang='lat' dir='ltr'>ea</span> <span class='ocrx_word' id='word_1_50' title='bbox 1294 517 1380 553; x_wconf 71' lang='lat' dir='ltr'>quae</span> <span class='ocrx_word' id='word_1_51' title='bbox 1405 504 1509 555; x_wconf 85' lang='lat' dir='ltr'>justa</span> <span class='ocrx_word' id='word_1_52' title='bbox 1525 511 1657 543; x_wconf 82' lang='lat' dir='ltr'>essent</span> 
     </span>
     <span class='ocr_line' id='line_1_7' title="bbox 194 564 1655 615; baseline 0.003 -15"><span class='ocrx_word' id='word_1_53' title='bbox 194 572 233 600; x_wconf 84' lang='lat' dir='ltr'>et</span> <span class='ocrx_word' id='word_1_54' title='bbox 261 564 368 601; x_wconf 79' lang='lat' dir='ltr'>utilia</span> <span class='ocrx_word' id='word_1_55' title='bbox 400 564 477 601; x_wconf 84' lang='lat' dir='ltr'>suis</span> <span class='ocrx_word' id='word_1_56' title='bbox 499 564 689 614; x_wconf 76' lang='lat' dir='ltr'>suffragiis</span> <span class='ocrx_word' id='word_1_57' title='bbox 710 565 992 615; x_wconf 80' lang='lat' dir='ltr'>comprobaret.</span> <span class='ocrx_word' id='word_1_58' title='bbox 1051 565 1238 608; x_wconf 85' lang='lat' dir='ltr'>Quamvis</span> <span class='ocrx_word' id='word_1_59' title='bbox 1270 565 1386 615; x_wconf 77' lang='lat' dir='ltr'>igitur</span> <span class='ocrx_word' id='word_1_60' title='bbox 1418 573 1475 603; x_wconf 88' lang='lat' dir='ltr'>tot</span> <span class='ocrx_word' id='word_1_61' title='bbox 1494 566 1584 615; x_wconf 85' lang='lat' dir='ltr'>jura</span> <span class='ocrx_word' id='word_1_62' title='bbox 1615 566 1655 604; x_wconf 91' lang='lat' dir='ltr'>in</span> 
     </span>
     <span class='ocr_line' id='line_1_8' title="bbox 195 626 1655 676; baseline 0.003 -14"><span class='ocrx_word' id='word_1_63' title='bbox 195 632 374 676; x_wconf 85' lang='lat' dir='ltr'>promptu</span> <span class='ocrx_word' id='word_1_64' title='bbox 393 626 482 670; x_wconf 83' lang='lat' dir='ltr'>sint,</span> <span class='ocrx_word' id='word_1_65' title='bbox 504 626 684 676; x_wconf 83' lang='lat' dir='ltr'>Leptines</span> <span class='ocrx_word' id='word_1_66' title='bbox 709 632 838 664; x_wconf 79' lang='lat' dir='ltr'>tamen</span> <span class='ocrx_word' id='word_1_67' title='bbox 873 626 963 664; x_wconf 89' lang='lat' dir='ltr'>nihil</span> <span class='ocrx_word' id='word_1_68' title='bbox 994 627 1128 664; x_wconf 85' lang='lat' dir='ltr'>horum</span> <span class='ocrx_word' id='word_1_69' title='bbox 1165 626 1279 669; x_wconf 86' lang='lat' dir='ltr'>fecit;</span> <span class='ocrx_word' id='word_1_70' title='bbox 1312 641 1383 665; x_wconf 85' lang='lat' dir='ltr'>nec</span> <span class='ocrx_word' id='word_1_71' title='bbox 1415 627 1516 665; x_wconf 87' lang='lat' dir='ltr'>enim</span> <span class='ocrx_word' id='word_1_72' title='bbox 1549 629 1655 667; x_wconf 84' lang='lat' dir='ltr'>vobis</span> 
     </span>
     <span class='ocr_line' id='line_1_9' title="bbox 192 688 1653 740; baseline 0.003 -16"><span class='ocrx_word' id='word_1_73' title='bbox 192 701 362 738; x_wconf 86' lang='lat' dir='ltr'>unquam</span> <span class='ocrx_word' id='word_1_74' title='bbox 379 700 604 738; x_wconf 85' lang='lat' dir='ltr'>persuasum</span> <span class='ocrx_word' id='word_1_75' title='bbox 619 695 735 734; x_wconf 86' lang='lat' dir='ltr'>esset,</span> <span class='ocrx_word' id='word_1_76' title='bbox 753 688 900 739; x_wconf 87' lang='lat' dir='ltr'>opinor,</span> <span class='ocrx_word' id='word_1_77' title='bbox 917 696 960 727; x_wconf 87' lang='lat' dir='ltr'>ut</span> <span class='ocrx_word' id='word_1_78' title='bbox 979 690 1105 740; x_wconf 83' lang='lat' dir='ltr'>legem</span> <span class='ocrx_word' id='word_1_79' title='bbox 1120 689 1438 738; x_wconf 83' lang='lat' dir='ltr'>hancjuberetis:</span> <span class='ocrx_word' id='word_1_80' title='bbox 1461 702 1532 728; x_wconf 85' lang='lat' dir='ltr'>nos</span> <span class='ocrx_word' id='word_1_81' title='bbox 1550 703 1653 738; x_wconf 87' lang='lat' dir='ltr'>vero,</span> 
     </span>
     <span class='ocr_line' id='line_1_10' title="bbox 194 749 1653 803; baseline 0.002 -17"><span class='ocrx_word' id='word_1_82' title='bbox 194 749 464 795; x_wconf 86' lang='lat' dir='ltr'>Athenienses,</span> <span class='ocrx_word' id='word_1_83' title='bbox 486 749 626 796; x_wconf 87' lang='lat' dir='ltr'>omnia,</span> <span class='ocrx_word' id='word_1_84' title='bbox 647 749 851 801; x_wconf 84' lang='lat' dir='ltr'>legemque</span> <span class='ocrx_word' id='word_1_85' title='bbox 871 751 961 789; x_wconf 89' lang='lat' dir='ltr'>item</span> <span class='ocrx_word' id='word_1_86' title='bbox 983 751 1250 789; x_wconf 83' lang='lat' dir='ltr'>substituimus</span> <span class='ocrx_word' id='word_1_87' title='bbox 1279 752 1402 789; x_wconf 89' lang='lat' dir='ltr'>multo</span> <span class='ocrx_word' id='word_1_88' title='bbox 1427 751 1539 789; x_wconf 82' lang='lat' dir='ltr'>istius</span> <span class='ocrx_word' id='word_1_89' title='bbox 1567 751 1653 803; x_wconf 81' lang='lat' dir='ltr'>lege</span> 
     </span>
     <span class='ocr_line' id='line_1_11' title="bbox 191 810 1655 863; baseline 0.001 -15"><span class='ocrx_word' id='word_1_90' title='bbox 191 810 512 861; x_wconf 69' lang='lat' dir='ltr'>praestantiorem,</span> <span class='ocrx_word' id='word_1_91' title='bbox 545 817 584 848; x_wconf 88' lang='lat' dir='ltr'>et</span> <span class='ocrx_word' id='word_1_92' title='bbox 621 810 841 861; x_wconf 86' lang='lat' dir='ltr'>aequiorem.</span> <span class='ocrx_word' id='word_1_93' title='bbox 916 812 961 850; x_wconf 91' lang='lat' dir='ltr'>Id</span> <span class='ocrx_word' id='word_1_94' title='bbox 999 812 1102 863; x_wconf 91' lang='lat' dir='ltr'>quod</span> <span class='ocrx_word' id='word_1_95' title='bbox 1149 812 1284 850; x_wconf 85' lang='lat' dir='ltr'>audita</span> <span class='ocrx_word' id='word_1_96' title='bbox 1315 827 1354 851; x_wconf 90' lang='lat' dir='ltr'>re</span> <span class='ocrx_word' id='word_1_97' title='bbox 1393 813 1655 863; x_wconf 84' lang='lat' dir='ltr'>cognoscetis.</span> 
     </span>
     <span class='ocr_line' id='line_1_12' title="bbox 194 871 1654 925; baseline 0.001 -16"><span class='ocrx_word' id='word_1_98' title='bbox 194 872 302 922; x_wconf 87' lang='lat' dir='ltr'>Cape</span> <span class='ocrx_word' id='word_1_99' title='bbox 323 878 361 909; x_wconf 88' lang='lat' dir='ltr'>et</span> <span class='ocrx_word' id='word_1_100' title='bbox 382 871 502 910; x_wconf 86' lang='lat' dir='ltr'>recita</span> <span class='ocrx_word' id='word_1_101' title='bbox 520 872 684 922; x_wconf 88' lang='lat' dir='ltr'>primum</span> <span class='ocrx_word' id='word_1_102' title='bbox 705 885 792 923; x_wconf 86' lang='lat' dir='ltr'>quae</span> <span class='ocrx_word' id='word_1_103' title='bbox 813 873 849 910; x_wconf 89' lang='lat' dir='ltr'>in</span> <span class='ocrx_word' id='word_1_104' title='bbox 871 872 980 911; x_wconf 87' lang='lat' dir='ltr'>istius</span> <span class='ocrx_word' id='word_1_105' title='bbox 997 873 1083 924; x_wconf 89' lang='lat' dir='ltr'>lege</span> <span class='ocrx_word' id='word_1_106' title='bbox 1097 873 1375 921; x_wconf 85' lang='lat' dir='ltr'>accusavimus,</span> <span class='ocrx_word' id='word_1_107' title='bbox 1392 874 1547 920; x_wconf 87' lang='lat' dir='ltr'>deinde,</span> <span class='ocrx_word' id='word_1_108' title='bbox 1567 886 1654 925; x_wconf 82' lang='lat' dir='ltr'>quae</span> 
     </span>
     <span class='ocr_line' id='line_1_13' title="bbox 193 934 1161 986; baseline 0.003 -15"><span class='ocrx_word' id='word_1_109' title='bbox 193 934 344 972; x_wconf 84' lang='lat' dir='ltr'>illorum</span> <span class='ocrx_word' id='word_1_110' title='bbox 364 934 450 972; x_wconf 88' lang='lat' dir='ltr'>loco</span> <span class='ocrx_word' id='word_1_111' title='bbox 470 935 560 986; x_wconf 86' lang='lat' dir='ltr'>poni</span> <span class='ocrx_word' id='word_1_112' title='bbox 577 934 718 972; x_wconf 87' lang='lat' dir='ltr'>debere</span> <span class='ocrx_word' id='word_1_113' title='bbox 734 934 952 974; x_wconf 83' lang='lat' dir='ltr'>asserimus.</span> <span class='ocrx_word' id='word_1_114' title='bbox 1010 935 1161 974; x_wconf 84' lang='lat' dir='ltr'>Recita.</span> 
     </span>
    </p>
   </div>
   <div class='ocr_carea' id='block_1_3' title="bbox 614 1071 1249 1110">
    <p class='ocr_par' dir='ltr' id='par_1_3' title="bbox 614 1071 1249 1110">
     <span class='ocr_line' id='line_1_14' title="bbox 614 1071 1249 1110; baseline 0.002 -2"><span class='ocrx_word' id='word_1_115' title='bbox 614 1071 1041 1110; x_wconf 88' lang='lat' dir='ltr'>ACCUSATIONES</span> <span class='ocrx_word' id='word_1_116' title='bbox 1071 1071 1249 1110; x_wconf 86' lang='lat' dir='ltr'><strong>LEGIS.</strong></span> 
     </span>
    </p>
   </div>
   <div class='ocr_carea' id='block_1_4' title="bbox 191 1173 1659 1350">
    <p class='ocr_par' dir='ltr' id='par_1_4' title="bbox 191 1173 1659 1350">
     <span class='ocr_line' id='line_1_15' title="bbox 194 1173 1658 1226; baseline 0 -14"><span class='ocrx_word' id='word_1_117' title='bbox 194 1175 290 1212; x_wconf 82' lang='lat' dir='ltr'>Haec</span> <span class='ocrx_word' id='word_1_118' title='bbox 312 1181 402 1212; x_wconf 89' lang='lat' dir='ltr'>sunt</span> <span class='ocrx_word' id='word_1_119' title='bbox 422 1187 510 1224; x_wconf 81' lang='lat' dir='ltr'>quae</span> <span class='ocrx_word' id='word_1_120' title='bbox 542 1173 581 1211; x_wconf 93' lang='lat' dir='ltr'>in</span> <span class='ocrx_word' id='word_1_121' title='bbox 612 1175 686 1212; x_wconf 89' lang='lat' dir='ltr'>ista</span> <span class='ocrx_word' id='word_1_122' title='bbox 705 1175 791 1226; x_wconf 86' lang='lat' dir='ltr'>lege</span> <span class='ocrx_word' id='word_1_123' title='bbox 808 1176 1050 1223; x_wconf 87' lang='lat' dir='ltr'>damnemus,</span> <span class='ocrx_word' id='word_1_124' title='bbox 1071 1183 1254 1226; x_wconf 88' lang='lat' dir='ltr'>tanquam</span> <span class='ocrx_word' id='word_1_125' title='bbox 1277 1187 1354 1213; x_wconf 89' lang='lat' dir='ltr'>non</span> <span class='ocrx_word' id='word_1_126' title='bbox 1376 1173 1658 1212; x_wconf 88' lang='lat' dir='ltr'>convenientia.</span> 
     </span>
     <span class='ocr_line' id='line_1_16' title="bbox 193 1235 1659 1288; baseline 0 -14"><span class='ocrx_word' id='word_1_127' title='bbox 193 1236 334 1274; x_wconf 88' lang='lat' dir='ltr'>Recita</span> <span class='ocrx_word' id='word_1_128' title='bbox 351 1236 465 1274; x_wconf 82' lang='lat' dir='ltr'>etiam</span> <span class='ocrx_word' id='word_1_129' title='bbox 487 1249 533 1274; x_wconf 86' lang='lat' dir='ltr'>ea</span> <span class='ocrx_word' id='word_1_130' title='bbox 563 1248 650 1286; x_wconf 85' lang='lat' dir='ltr'>quae</span> <span class='ocrx_word' id='word_1_131' title='bbox 684 1245 912 1287; x_wconf 89' lang='lat' dir='ltr'>sequuntur,</span> <span class='ocrx_word' id='word_1_132' title='bbox 932 1251 1020 1288; x_wconf 86' lang='lat' dir='ltr'>quae</span> <span class='ocrx_word' id='word_1_133' title='bbox 1039 1238 1121 1275; x_wconf 88' lang='lat' dir='ltr'>istis</span> <span class='ocrx_word' id='word_1_134' title='bbox 1147 1237 1299 1288; x_wconf 90' lang='lat' dir='ltr'>potiora</span> <span class='ocrx_word' id='word_1_135' title='bbox 1329 1236 1504 1274; x_wconf 76' lang='lat' dir='ltr'>dIcimus.</span> <span class='ocrx_word' id='word_1_136' title='bbox 1563 1235 1659 1274; x_wconf 85' lang='lat' dir='ltr'>Ani-</span> 
     </span>
     <span class='ocr_line' id='line_1_17' title="bbox 191 1297 1507 1350; baseline 0 -14"><span class='ocrx_word' id='word_1_137' title='bbox 191 1298 434 1345; x_wconf 83' lang='lat' dir='ltr'>madvertite,</span> <span class='ocrx_word' id='word_1_138' title='bbox 451 1297 626 1344; x_wconf 71' lang='lat' dir='ltr'>Jufflces,</span> <span class='ocrx_word' id='word_1_139' title='bbox 647 1298 738 1335; x_wconf 89' lang='lat' dir='ltr'>dum</span> <span class='ocrx_word' id='word_1_140' title='bbox 758 1299 841 1336; x_wconf 86' lang='lat' dir='ltr'>haec</span> <span class='ocrx_word' id='word_1_141' title='bbox 861 1299 1057 1349; x_wconf 84' lang='lat' dir='ltr'>leguntur,</span> <span class='ocrx_word' id='word_1_142' title='bbox 1079 1299 1297 1350; x_wconf 80' lang='lat' dir='ltr'>diligenter.</span> <span class='ocrx_word' id='word_1_143' title='bbox 1356 1297 1507 1336; x_wconf 83' lang='lat' dir='ltr'>Recita.</span> 
     </span>
    </p>
   </div>
   <div class='ocr_carea' id='block_1_5' title="bbox 688 1433 1173 1473">
    <p class='ocr_par' dir='ltr' id='par_1_5' title="bbox 688 1433 1173 1473">
     <span class='ocr_line' id='line_1_18' title="bbox 688 1433 1173 1473; baseline -0.006 0"><span class='ocrx_word' id='word_1_144' title='bbox 688 1433 791 1473; x_wconf 92' lang='lat' dir='ltr'>LEX</span> <span class='ocrx_word' id='word_1_145' title='bbox 821 1433 1173 1470; x_wconf 85' lang='lat' dir='ltr'>SUBROGATA.</span> 
     </span>
    </p>
   </div>
   <div class='ocr_carea' id='block_1_6' title="bbox 190 1535 1660 2023">
    <p class='ocr_par' dir='ltr' id='par_1_6' title="bbox 190 1535 1660 2023">
     <span class='ocr_line' id='line_1_19' title="bbox 194 1535 1658 1589; baseline 0.001 -15"><span class='ocrx_word' id='word_1_146' title='bbox 194 1535 353 1574; x_wconf 87' lang='lat' dir='ltr'>Desine.</span> <span class='ocrx_word' id='word_1_147' title='bbox 411 1537 497 1575; x_wconf 92' lang='lat' dir='ltr'>Hoc</span> <span class='ocrx_word' id='word_1_148' title='bbox 530 1537 648 1588; x_wconf 84' lang='lat' dir='ltr'>igitur</span> <span class='ocrx_word' id='word_1_149' title='bbox 666 1542 728 1575; x_wconf 91' lang='lat' dir='ltr'>est</span> <span class='ocrx_word' id='word_1_150' title='bbox 756 1536 792 1572; x_wconf 90' lang='lat' dir='ltr'>in</span> <span class='ocrx_word' id='word_1_151' title='bbox 814 1536 978 1587; x_wconf 88' lang='lat' dir='ltr'>receptis</span> <span class='ocrx_word' id='word_1_152' title='bbox 999 1536 1164 1586; x_wconf 86' lang='lat' dir='ltr'>legibus,</span> <span class='ocrx_word' id='word_1_153' title='bbox 1187 1537 1462 1585; x_wconf 86' lang='lat' dir='ltr'>Athenienses,</span> <span class='ocrx_word' id='word_1_154' title='bbox 1481 1537 1658 1589; x_wconf 89' lang='lat' dir='ltr'>pulcrum</span> 
     </span>
     <span class='ocr_line' id='line_1_20' title="bbox 190 1597 1660 1649; baseline 0.001 -14"><span class='ocrx_word' id='word_1_155' title='bbox 190 1605 229 1635; x_wconf 89' lang='lat' dir='ltr'>et</span> <span class='ocrx_word' id='word_1_156' title='bbox 266 1599 525 1649; x_wconf 85' lang='lat' dir='ltr'>perspicuum,</span> <span class='ocrx_word' id='word_1_157' title='bbox 560 1606 614 1636; x_wconf 89' lang='lat' dir='ltr'>ut</span> <span class='ocrx_word' id='word_1_158' title='bbox 661 1599 790 1637; x_wconf 84' lang='lat' dir='ltr'>dona</span> <span class='ocrx_word' id='word_1_159' title='bbox 832 1611 936 1648; x_wconf 83' lang='lat' dir='ltr'>quae</span> <span class='ocrx_word' id='word_1_160' title='bbox 982 1597 1208 1649; x_wconf 91' lang='lat' dir='ltr'>Populus</span> <span class='ocrx_word' id='word_1_161' title='bbox 1253 1599 1513 1637; x_wconf 80' lang='lat' dir='ltr'>concessit</span> <span class='ocrx_word' id='word_1_162' title='bbox 1552 1606 1660 1638; x_wconf 88' lang='lat' dir='ltr'>rata</span> 
     </span>
     <span class='ocr_line' id='line_1_21' title="bbox 194 1660 1660 1712; baseline 0.001 -14"><span class='ocrx_word' id='word_1_163' title='bbox 194 1660 318 1699; x_wconf 83' lang='lat' dir='ltr'>sint:</span> <span class='ocrx_word' id='word_1_164' title='bbox 341 1661 491 1712; x_wconf 87' lang='lat' dir='ltr'>justum</span> <span class='ocrx_word' id='word_1_165' title='bbox 512 1661 586 1699; x_wconf 84' lang='lat' dir='ltr'>hoc</span> <span class='ocrx_word' id='word_1_166' title='bbox 620 1668 679 1698; x_wconf 85' lang='lat' dir='ltr'>est</span> <span class='ocrx_word' id='word_1_167' title='bbox 711 1660 880 1706; x_wconf 90' lang='lat' dir='ltr'>omnino,</span> <span class='ocrx_word' id='word_1_168' title='bbox 913 1660 1063 1698; x_wconf 87' lang='lat' dir='ltr'>medius</span> <span class='ocrx_word' id='word_1_169' title='bbox 1096 1660 1236 1698; x_wconf 81' lang='lat' dir='ltr'>fidius!</span> <span class='ocrx_word' id='word_1_170' title='bbox 1293 1661 1504 1699; x_wconf 87' lang='lat' dir='ltr'>Decuisset</span> <span class='ocrx_word' id='word_1_171' title='bbox 1531 1661 1660 1712; x_wconf 85' lang='lat' dir='ltr'>igitur,</span> 
     </span>
     <span class='ocr_line' id='line_1_22' title="bbox 193 1723 1659 1775; baseline 0.003 -15"><span class='ocrx_word' id='word_1_172' title='bbox 193 1723 389 1774; x_wconf 83' lang='lat' dir='ltr'>Leptinem</span> <span class='ocrx_word' id='word_1_173' title='bbox 413 1737 490 1761; x_wconf 91' lang='lat' dir='ltr'>non</span> <span class='ocrx_word' id='word_1_174' title='bbox 508 1724 612 1775; x_wconf 91' lang='lat' dir='ltr'>prius</span> <span class='ocrx_word' id='word_1_175' title='bbox 639 1736 749 1762; x_wconf 80' lang='lat' dir='ltr'>suani</span> <span class='ocrx_word' id='word_1_176' title='bbox 768 1724 865 1761; x_wconf 86' lang='lat' dir='ltr'>ferre</span> <span class='ocrx_word' id='word_1_177' title='bbox 886 1723 1027 1774; x_wconf 84' lang='lat' dir='ltr'>legem,</span> <span class='ocrx_word' id='word_1_178' title='bbox 1049 1737 1166 1774; x_wconf 89' lang='lat' dir='ltr'>quam</span> <span class='ocrx_word' id='word_1_179' title='bbox 1188 1731 1356 1762; x_wconf 89' lang='lat' dir='ltr'>veterem</span> <span class='ocrx_word' id='word_1_180' title='bbox 1376 1725 1478 1763; x_wconf 87' lang='lat' dir='ltr'>hanc</span> <span class='ocrx_word' id='word_1_181' title='bbox 1497 1737 1659 1764; x_wconf 88' lang='lat' dir='ltr'>accusa-</span> 
     </span>
     <span class='ocr_line' id='line_1_23' title="bbox 192 1785 1660 1836; baseline 0.002 -14"><span class='ocrx_word' id='word_1_182' title='bbox 192 1791 270 1823; x_wconf 87' lang='lat' dir='ltr'>tam</span> <span class='ocrx_word' id='word_1_183' title='bbox 291 1785 542 1836; x_wconf 79' lang='lat' dir='ltr'>abrogasset:</span> <span class='ocrx_word' id='word_1_184' title='bbox 573 1799 675 1823; x_wconf 85' lang='lat' dir='ltr'>nune</span> <span class='ocrx_word' id='word_1_185' title='bbox 699 1798 788 1823; x_wconf 82' lang='lat' dir='ltr'>vero</span> <span class='ocrx_word' id='word_1_186' title='bbox 823 1798 910 1822; x_wconf 91' lang='lat' dir='ltr'>cum</span> <span class='ocrx_word' id='word_1_187' title='bbox 939 1798 1037 1832; x_wconf 84' lang='lat' dir='ltr'>earn,</span> <span class='ocrx_word' id='word_1_188' title='bbox 1066 1799 1139 1824; x_wconf 87' lang='lat' dir='ltr'>ceu</span> <span class='ocrx_word' id='word_1_189' title='bbox 1159 1786 1421 1824; x_wconf 88' lang='lat' dir='ltr'>testimonium</span> <span class='ocrx_word' id='word_1_190' title='bbox 1443 1793 1578 1825; x_wconf 89' lang='lat' dir='ltr'>contra</span> <span class='ocrx_word' id='word_1_191' title='bbox 1600 1800 1660 1825; x_wconf 89' lang='lat' dir='ltr'>se-</span> 
     </span>
     <span class='ocr_line' id='line_1_24' title="bbox 191 1846 1658 1900; baseline 0.002 -16"><span class='ocrx_word' id='word_1_192' title='bbox 191 1846 398 1897; x_wconf 85' lang='lat' dir='ltr'>metipsum</span> <span class='ocrx_word' id='word_1_193' title='bbox 418 1846 612 1897; x_wconf 87' lang='lat' dir='ltr'>reliquerit</span> <span class='ocrx_word' id='word_1_194' title='bbox 631 1847 758 1898; x_wconf 82' lang='lat' dir='ltr'>legum</span> <span class='ocrx_word' id='word_1_195' title='bbox 781 1860 804 1884; x_wconf 92' lang='lat' dir='ltr'>a</span> <span class='ocrx_word' id='word_1_196' title='bbox 823 1860 863 1884; x_wconf 88' lang='lat' dir='ltr'>se</span> <span class='ocrx_word' id='word_1_197' title='bbox 883 1846 1128 1894; x_wconf 87' lang='lat' dir='ltr'>violatarum,</span> <span class='ocrx_word' id='word_1_198' title='bbox 1143 1848 1389 1887; x_wconf 88' lang='lat' dir='ltr'>nihilominus</span> <span class='ocrx_word' id='word_1_199' title='bbox 1405 1849 1518 1887; x_wconf 88' lang='lat' dir='ltr'>istam</span> <span class='ocrx_word' id='word_1_200' title='bbox 1531 1849 1658 1900; x_wconf 84' lang='lat' dir='ltr'>legem</span> 
     </span>
     <span class='ocr_line' id='line_1_25' title="bbox 191 1909 1658 1961; baseline 0.001 -15"><span class='ocrx_word' id='word_1_201' title='bbox 191 1909 304 1954; x_wconf 91' lang='lat' dir='ltr'>tulit;</span> <span class='ocrx_word' id='word_1_202' title='bbox 334 1909 464 1959; x_wconf 86' lang='lat' dir='ltr'>idque,</span> <span class='ocrx_word' id='word_1_203' title='bbox 493 1923 581 1946; x_wconf 88' lang='lat' dir='ltr'>cum</span> <span class='ocrx_word' id='word_1_204' title='bbox 621 1909 695 1947; x_wconf 87' lang='lat' dir='ltr'>alia</span> <span class='ocrx_word' id='word_1_205' title='bbox 727 1909 789 1947; x_wconf 88' lang='lat' dir='ltr'>lex</span> <span class='ocrx_word' id='word_1_206' title='bbox 821 1909 974 1961; x_wconf 86' lang='lat' dir='ltr'>jubeat,</span> <span class='ocrx_word' id='word_1_207' title='bbox 1007 1918 1047 1947; x_wconf 87' lang='lat' dir='ltr'>et</span> <span class='ocrx_word' id='word_1_208' title='bbox 1088 1910 1144 1947; x_wconf 95' lang='lat' dir='ltr'>ob</span> <span class='ocrx_word' id='word_1_209' title='bbox 1186 1910 1274 1948; x_wconf 83' lang='lat' dir='ltr'>hoc</span> <span class='ocrx_word' id='word_1_210' title='bbox 1324 1911 1658 1950; x_wconf 86' lang='lat' dir='ltr'>accusationi</span> 
     </span>
     <span class='ocr_line' id='line_1_26' title="bbox 192 1971 1657 2023; baseline 0.001 -15"><span class='ocrx_word' id='word_1_211' title='bbox 192 1971 459 2009; x_wconf 85' lang='lat' dir='ltr'>obnoxiam</span> <span class='ocrx_word' id='word_1_212' title='bbox 499 1984 622 2019; x_wconf 89' lang='lat' dir='ltr'>esse,</span> <span class='ocrx_word' id='word_1_213' title='bbox 667 1971 704 2009; x_wconf 93' lang='lat' dir='ltr'>si</span> <span class='ocrx_word' id='word_1_214' title='bbox 747 1971 1000 2010; x_wconf 90' lang='lat' dir='ltr'>veteribus</span> <span class='ocrx_word' id='word_1_215' title='bbox 1055 1971 1269 2023; x_wconf 85' lang='lat' dir='ltr'>legibus</span> <span class='ocrx_word' id='word_1_216' title='bbox 1323 1973 1657 2012; x_wconf 83' lang='lat' dir='ltr'>adversetur.</span> 
     </span>
    </p>
   </div>
   <div class='ocr_carea' id='block_1_7' title="bbox 196 2032 604 2084">
    <p class='ocr_par' dir='ltr' id='par_1_7' title="bbox 196 2032 604 2084">
     <span class='ocr_line' id='line_1_27' title="bbox 196 2032 604 2084; baseline 0.002 -15"><span class='ocrx_word' id='word_1_217' title='bbox 196 2032 302 2083; x_wconf 88' lang='lat' dir='ltr'>Cape</span> <span class='ocrx_word' id='word_1_218' title='bbox 322 2033 444 2083; x_wconf 86' lang='lat' dir='ltr'>ipsam</span> <span class='ocrx_word' id='word_1_219' title='bbox 464 2032 604 2084; x_wconf 85' lang='lat' dir='ltr'>legem.</span> 
     </span>
    </p>
   </div>
   <div class='ocr_carea' id='block_1_8' title="bbox 864 2169 983 2206">
    <p class='ocr_par' dir='ltr' id='par_1_8' title="bbox 864 2169 983 2206">
     <span class='ocr_line' id='line_1_28' title="bbox 864 2169 983 2206; baseline 0 0"><span class='ocrx_word' id='word_1_220' title='bbox 864 2169 983 2206; x_wconf 89' lang='lat' dir='ltr'>LEX.</span> 
     </span>
    </p>
   </div>
   <div class='ocr_carea' id='block_1_9' title="bbox 189 2272 1663 2757">
    <p class='ocr_par' dir='ltr' id='par_1_9' title="bbox 189 2272 1663 2757">
     <span class='ocr_line' id='line_1_29' title="bbox 198 2272 1655 2323; baseline -0.001 -12"><span class='ocrx_word' id='word_1_221' title='bbox 198 2272 444 2311; x_wconf 82' lang='lat' dir='ltr'>Contrarium</span> <span class='ocrx_word' id='word_1_222' title='bbox 469 2272 585 2323; x_wconf 80' lang='lat' dir='ltr'>igitur</span> <span class='ocrx_word' id='word_1_223' title='bbox 605 2280 677 2319; x_wconf 89' lang='lat' dir='ltr'>est,</span> <span class='ocrx_word' id='word_1_224' title='bbox 698 2272 972 2319; x_wconf 83' lang='lat' dir='ltr'>Athenienses,</span> <span class='ocrx_word' id='word_1_225' title='bbox 997 2281 1099 2310; x_wconf 86' lang='lat' dir='ltr'>rata</span> <span class='ocrx_word' id='word_1_226' title='bbox 1128 2286 1237 2311; x_wconf 89' lang='lat' dir='ltr'>esse</span> <span class='ocrx_word' id='word_1_227' title='bbox 1267 2273 1404 2311; x_wconf 89' lang='lat' dir='ltr'>dona</span> <span class='ocrx_word' id='word_1_228' title='bbox 1432 2285 1540 2323; x_wconf 87' lang='lat' dir='ltr'>quae</span> <span class='ocrx_word' id='word_1_229' title='bbox 1571 2273 1655 2311; x_wconf 90' lang='lat' dir='ltr'>Po-</span> 
     </span>
     <span class='ocr_line' id='line_1_30' title="bbox 194 2333 1658 2385; baseline 0.001 -14"><span class='ocrx_word' id='word_1_230' title='bbox 194 2333 346 2385; x_wconf 89' lang='lat' dir='ltr'>pulus</span> <span class='ocrx_word' id='word_1_231' title='bbox 375 2333 592 2381; x_wconf 85' lang='lat' dir='ltr'>dederit,</span> <span class='ocrx_word' id='word_1_232' title='bbox 622 2333 868 2372; x_wconf 87' lang='lat' dir='ltr'>neminem</span> <span class='ocrx_word' id='word_1_233' title='bbox 912 2346 1083 2372; x_wconf 88' lang='lat' dir='ltr'>eorum</span> <span class='ocrx_word' id='word_1_234' title='bbox 1122 2335 1386 2372; x_wconf 89' lang='lat' dir='ltr'>immunem</span> <span class='ocrx_word' id='word_1_235' title='bbox 1415 2347 1527 2373; x_wconf 82' lang='lat' dir='ltr'>esse</span> <span class='ocrx_word' id='word_1_236' title='bbox 1555 2334 1658 2385; x_wconf 89' lang='lat' dir='ltr'>qui-</span> 
     </span>
     <span class='ocr_line' id='line_1_31' title="bbox 192 2394 1661 2448; baseline 0.001 -16"><span class='ocrx_word' id='word_1_237' title='bbox 192 2395 280 2433; x_wconf 91' lang='lat' dir='ltr'>bus</span> <span class='ocrx_word' id='word_1_238' title='bbox 327 2394 543 2446; x_wconf 87' lang='lat' dir='ltr'>Populus</span> <span class='ocrx_word' id='word_1_239' title='bbox 591 2395 643 2433; x_wconf 88' lang='lat' dir='ltr'>id</span> <span class='ocrx_word' id='word_1_240' title='bbox 684 2396 707 2433; x_wconf 90' lang='lat' dir='ltr'>d</span> <span class='ocrx_word' id='word_1_241' title='bbox 722 2396 777 2434; x_wconf 89' lang='lat' dir='ltr'>ed</span> <span class='ocrx_word' id='word_1_242' title='bbox 791 2410 810 2433; x_wconf 91' lang='lat' dir='ltr'>e</span> <span class='ocrx_word' id='word_1_243' title='bbox 824 2395 916 2434; x_wconf 77' lang='lat' dir='ltr'>rit?</span> <span class='ocrx_word' id='word_1_244' title='bbox 963 2395 1160 2434; x_wconf 89' lang='lat' dir='ltr'>evidenter</span> <span class='ocrx_word' id='word_1_245' title='bbox 1195 2396 1340 2448; x_wconf 89' lang='lat' dir='ltr'>utique.</span> <span class='ocrx_word' id='word_1_246' title='bbox 1400 2396 1661 2447; x_wconf 88' lang='lat' dir='ltr'>Nequaquam</span> 
     </span>
     <span class='ocr_line' id='line_1_32' title="bbox 189 2455 1660 2511; baseline -0.001 -16"><span class='ocrx_word' id='word_1_247' title='bbox 189 2469 284 2511; x_wconf 72' lang='lat' dir='ltr'>yero</span> <span class='ocrx_word' id='word_1_248' title='bbox 304 2456 343 2493; x_wconf 92' lang='lat' dir='ltr'>in</span> <span class='ocrx_word' id='word_1_249' title='bbox 361 2455 435 2494; x_wconf 90' lang='lat' dir='ltr'>hac</span> <span class='ocrx_word' id='word_1_250' title='bbox 453 2456 540 2507; x_wconf 84' lang='lat' dir='ltr'>lege</span> <span class='ocrx_word' id='word_1_251' title='bbox 561 2470 648 2508; x_wconf 84' lang='lat' dir='ltr'>quae</span> <span class='ocrx_word' id='word_1_252' title='bbox 662 2457 744 2508; x_wconf 87' lang='lat' dir='ltr'>jam</span> <span class='ocrx_word' id='word_1_253' title='bbox 765 2456 1023 2504; x_wconf 86' lang='lat' dir='ltr'>substituitur,</span> <span class='ocrx_word' id='word_1_254' title='bbox 1042 2458 1145 2496; x_wconf 89' lang='lat' dir='ltr'>idem</span> <span class='ocrx_word' id='word_1_255' title='bbox 1178 2458 1387 2496; x_wconf 88' lang='lat' dir='ltr'>usuvenit:</span> <span class='ocrx_word' id='word_1_256' title='bbox 1423 2457 1490 2495; x_wconf 87' lang='lat' dir='ltr'>sed</span> <span class='ocrx_word' id='word_1_257' title='bbox 1510 2467 1590 2495; x_wconf 83' lang='lat' dir='ltr'>tum</span> <span class='ocrx_word' id='word_1_258' title='bbox 1614 2470 1660 2495; x_wconf 88' lang='lat' dir='ltr'>ea</span> 
     </span>
     <span class='ocr_line' id='line_1_33' title="bbox 196 2504 1660 2571; baseline 0 -16"><span class='ocrx_word' id='word_1_259' title='bbox 196 2504 283 2569; x_wconf 59' lang='lat' dir='ltr'>q‘uae</span> <span class='ocrx_word' id='word_1_260' title='bbox 302 2530 371 2554; x_wconf 88' lang='lat' dir='ltr'>vos</span> <span class='ocrx_word' id='word_1_261' title='bbox 392 2509 567 2566; x_wconf 83' lang='lat' dir='ltr'>dedistis,</span> <span class='ocrx_word' id='word_1_262' title='bbox 587 2526 670 2557; x_wconf 82' lang='lat' dir='ltr'>rata</span> <span class='ocrx_word' id='word_1_263' title='bbox 690 2526 793 2565; x_wconf 90' lang='lat' dir='ltr'>sunt,</span> <span class='ocrx_word' id='word_1_264' title='bbox 816 2525 898 2556; x_wconf 86' lang='lat' dir='ltr'>tum</span> <span class='ocrx_word' id='word_1_265' title='bbox 926 2520 1034 2569; x_wconf 83' lang='lat' dir='ltr'>justa</span> <span class='ocrx_word' id='word_1_266' title='bbox 1059 2519 1098 2557; x_wconf 91' lang='lat' dir='ltr'>in</span> <span class='ocrx_word' id='word_1_267' title='bbox 1120 2533 1186 2558; x_wconf 90' lang='lat' dir='ltr'>eos</span> <span class='ocrx_word' id='word_1_268' title='bbox 1208 2520 1308 2558; x_wconf 85' lang='lat' dir='ltr'>actio</span> <span class='ocrx_word' id='word_1_269' title='bbox 1331 2519 1572 2571; x_wconf 86' lang='lat' dir='ltr'>relinquitur,</span> <span class='ocrx_word' id='word_1_270' title='bbox 1593 2519 1660 2569; x_wconf 86' lang='lat' dir='ltr'>qui</span> 
     </span>
     <span class='ocr_line' id='line_1_34' title="bbox 196 2580 1661 2635; baseline -0.001 -18"><span class='ocrx_word' id='word_1_271' title='bbox 196 2580 258 2619; x_wconf 91' lang='lat' dir='ltr'>vel</span> <span class='ocrx_word' id='word_1_272' title='bbox 277 2580 412 2618; x_wconf 86' lang='lat' dir='ltr'>fraude</span> <span class='ocrx_word' id='word_1_273' title='bbox 433 2580 576 2631; x_wconf 78' lang='lat' dir='ltr'>aliquid</span> <span class='ocrx_word' id='word_1_274' title='bbox 596 2581 866 2635; x_wconf 86' lang='lat' dir='ltr'>impetrarunt,</span> <span class='ocrx_word' id='word_1_275' title='bbox 886 2581 948 2619; x_wconf 87' lang='lat' dir='ltr'>vel</span> <span class='ocrx_word' id='word_1_276' title='bbox 970 2581 1153 2634; x_wconf 87' lang='lat' dir='ltr'>deinceps</span> <span class='ocrx_word' id='word_1_277' title='bbox 1174 2584 1313 2631; x_wconf 86' lang='lat' dir='ltr'>injuste</span> <span class='ocrx_word' id='word_1_278' title='bbox 1327 2588 1462 2634; x_wconf 82' lang='lat' dir='ltr'>agunt,</span> <span class='ocrx_word' id='word_1_279' title='bbox 1478 2581 1537 2619; x_wconf 85' lang='lat' dir='ltr'>vel</span> <span class='ocrx_word' id='word_1_280' title='bbox 1556 2593 1661 2631; x_wconf 88' lang='lat' dir='ltr'>pror-</span> 
     </span>
     <span class='ocr_line' id='line_1_35' title="bbox 191 2642 1663 2696; baseline -0.003 -14"><span class='ocrx_word' id='word_1_281' title='bbox 191 2656 265 2695; x_wconf 16' lang='lat' dir='ltr'>›sus</span> <span class='ocrx_word' id='word_1_282' title='bbox 295 2642 444 2694; x_wconf 84' lang='lat' dir='ltr'>indigni</span> <span class='ocrx_word' id='word_1_283' title='bbox 479 2649 583 2689; x_wconf 89' lang='lat' dir='ltr'>sunt,</span> <span class='ocrx_word' id='word_1_284' title='bbox 605 2657 682 2695; x_wconf 87' lang='lat' dir='ltr'>qua</span> <span class='ocrx_word' id='word_1_285' title='bbox 707 2644 857 2683; x_wconf 87' lang='lat' dir='ltr'>actione</span> <span class='ocrx_word' id='word_1_286' title='bbox 887 2644 1105 2696; x_wconf 86' lang='lat' dir='ltr'>cuicunque</span> <span class='ocrx_word' id='word_1_287' title='bbox 1123 2645 1233 2684; x_wconf 88' lang='lat' dir='ltr'>vobis</span> <span class='ocrx_word' id='word_1_288' title='bbox 1254 2645 1379 2684; x_wconf 86' lang='lat' dir='ltr'>visum</span> <span class='ocrx_word' id='word_1_289' title='bbox 1408 2644 1490 2690; x_wconf 87' lang='lat' dir='ltr'>erit,</span> <span class='ocrx_word' id='word_1_290' title='bbox 1519 2642 1663 2680; x_wconf 84' lang='lat' dir='ltr'>donum</span> 
     </span>
     <span class='ocr_line' id='line_1_36' title="bbox 200 2703 748 2757; baseline -0.002 -12"><span class='ocrx_word' id='word_1_291' title='bbox 200 2705 383 2757; x_wconf 87' lang='lat' dir='ltr'>eripietis.</span> <span class='ocrx_word' id='word_1_292' title='bbox 444 2703 583 2743; x_wconf 83' lang='lat' dir='ltr'>Recita</span> <span class='ocrx_word' id='word_1_293' title='bbox 610 2704 748 2756; x_wconf 81' lang='lat' dir='ltr'>legem.</span> 
     </span>
    </p>
   </div>
  </div>
 </body>
</html>
