1923 3149
253 198 331 233 :38ss
636 199 858 239 CONTRA
888 199 1329 239 ARISTOCRATEM.

254 299 288 334 ei
310 298 437 337 venire
454 311 530 338 non
548 308 607 339 est
625 302 828 354 integrum,
849 316 933 341 eum
963 303 1134 354 neglexit
1153 304 1200 348 is,
1225 303 1290 353 qui
1322 302 1404 340 haec
1430 301 1582 352 singula
1600 300 1703 339 or‘li-

256 360 374 405 navit,
397 374 517 412 neque
534 370 732 414 propterea
748 365 851 416 quod
867 366 969 415 prius
996 366 1110 402 etiam
1130 365 1204 402 tale
1225 364 1316 415 quid
1336 363 1560 414 designarit,
1581 363 1702 401 simile

258 420 401 459 crimen
425 423 461 459 in
482 436 527 462 eo
546 426 638 462 satis
657 439 742 464 esse
762 428 963 476 probatum
992 427 1166 464 censuit:
1198 426 1267 463 scd
1281 438 1364 462 eam
1384 425 1568 462 rationem
1600 424 1704 461 inve-

259 481 327 526 nit,
349 495 423 532 qua
455 490 494 521 et
525 484 658 535 pietati
685 488 914 532 consuleret,
935 494 974 524 et
992 486 1097 523 illum
1127 499 1196 524 uec
1230 485 1453 523 defensione
1474 498 1544 522 nec
1558 485 1704 533 ⁸iudicio

257 542 437 590 privaret.
495 545 598 588 Quid
614 547 728 597 igitur
743 547 859 586 fecit?
914 547 1074 586 Judices
1089 547 1153 584 illo
1169 547 1431 596 adduxit‚qu0
1447 546 1498 582 illi
1520 546 1706 583 accedere

259 601 322 641 fas
342 612 437 652 erat,
459 605 659 657 designato
684 608 850 658 quodam
884 608 1049 659 regionis
1078 616 1220 645 nostrae
1251 607 1437 644 maritimo
1457 606 1555 652 loco,
1575 606 1639 656 qui
1659 605 1709 642 ad

261 664 485 703 Phreattam
505 668 733 719 appellatur.
791 668 898 714 Post,-
916 669 978 706 ille
1003 681 1100 706 nave
1120 668 1323 713 accedens,
1343 668 1459 705 verba
1487 667 1589 712 facit,
1610 674 1711 703 terra

262 739 339 763 non
359 734 562 766 contacta:
598 728 650 766 illi
667 730 705 766 in
721 735 821 766 terra
835 729 1052 767 auscultant
1063 736 1100 766 et
1119 729 1308 780 judicant.
1367 728 1484 770 Quod
1501 728 1532 765 si
1551 727 1708 765 convin-

263 787 374 833 citur,
393 800 524 838 poenas
542 788 613 826 luit
632 789 729 826 caedi
749 790 974 827 voluntariae
993 791 1237 828 constitutas.
1294 790 1415 840 ldque
1442 789 1588 827 merito.
1645 789 1712 825 Sin

266 848 486 894 absolvitur,
506 849 694 887 indemnis
720 851 874 900 quidem
894 851 979 902 ejus
993 851 1159 889 criminis
1180 851 1270 895 abit,
1292 851 1361 888 sed
1381 850 1554 887 exsilium
1569 849 1617 886 ob
1638 849 1714 899 pri-

264 920 370 945 orem
401 909 547 946 eaedem
574 909 761 947 indictum
801 910 977 948 sustinet.
1033 911 1121 953 Qua
1153 910 1268 961 igitur
1296 911 1420 960 gratia
1449 917 1556 947 tanto
1585 909 1713 947 studio

266 974 431 1007 tractata
463 977 554 1008 sunt
586 970 670 1009 haec
700 971 857 1009 omnia?
927 972 1036 1010 Paris
1071 972 1277 1022 impietatis
1309 971 1444 1008 harum
1473 971 1713 1008 sanctionum

268 1036 402 1068 auctor
415 1044 499 1069 esse
516 1032 681 1078 censuit,
694 1033 754 1070 vel
774 1033 824 1070 ad
843 1033 1014 1071 facinora
1031 1034 1250 1079 connivere,
1268 1032 1327 1069 vel
1348 1032 1535 1069 insontem
1555 1032 1717 1082 proscri-

267 1091 372 1130 bere.
428 1093 630 1132 Enimvero
650 1094 681 1132 si
702 1100 849 1132 tantum
867 1095 1035 1133 studium
1055 1094 1268 1138 adhibetur,
1290 1101 1333 1130 ut
1352 1093 1388 1130 hi
1405 1094 1470 1143 qui
1494 1092 1572 1144 jam
1597 1091 1718 1129 homi-

270 1151 371 1189 cidae
384 1152 546 1203 judicati
565 1162 670 1201 sunt,
690 1155 739 1193 de
757 1155 980 1193 criminibus
1010 1161 1099 1206 post
1127 1155 1287 1206 objectis
1319 1168 1359 1192 se
1391 1167 1568 1205 purgare,
1588 1155 1718 1192 venire

270 1212 308 1249 in
323 1213 525 1263 judicium,
546 1222 584 1253 et
608 1229 762 1254 omnem
786 1217 1004 1267 aequitatem
1030 1216 1214 1267 consequi
1240 1216 1411 1267 possint:
1440 1215 1719 1266 iniquissimum

270 1274 444 1323 profecto
463 1275 589 1323 fuerit,
609 1277 658 1315 de
678 1277 851 1315 nondum
871 1278 1062 1322 convicto,
1083 1291 1122 1315 re
1151 1277 1322 1315 nondum
1354 1277 1564 1326 explorata,
1593 1282 1721 1312 utrum

271 1334 416 1382 fecerit,
433 1349 504 1374 nec
525 1351 588 1384 ne,
607 1339 698 1376 item
728 1346 854 1376 utrum
886 1339 1028 1376 invitus
1062 1351 1111 1376 an
1131 1338 1265 1375 volens
1291 1338 1436 1384 fecerit,
1454 1336 1631 1382 scribere,
1651 1336 1722 1374 de-

274 1395 445 1434 dendum
462 1411 548 1435 eum
563 1412 648 1437 esse
668 1407 756 1437 ante
767 1400 955 1450 judicium
974 1400 1066 1449 ipsis
1084 1399 1385 1437 accusatoribus.

326 1460 392 1496 20.
422 1459 542 1497 Sexta
567 1463 682 1510 porro
714 1461 928 1497 ulciscendi
959 1461 1055 1497 ratio
1085 1466 1216 1505 restat,
1236 1467 1373 1510 praeter
1391 1460 1462 1496 has
1482 1472 1631 1508 omnes,
1647 1471 1724 1508 qua

272 1519 405 1557 itidem
425 1520 630 1570 praeterita,
652 1520 850 1558 decretum
864 1520 939 1558 hoc
964 1520 1116 1571 scripsit
1134 1520 1218 1557 iste.
1276 1520 1315 1556 Si
1330 1519 1414 1569 quis
1434 1520 1517 1557 haec
1534 1520 1724 1570 ignoravit

275 1579 418 1628 omnia,
438 1580 469 1616 si
483 1586 656 1630 tempora
668 1580 808 1631 quibus
826 1580 911 1617 haec
933 1580 1084 1630 singula
1105 1579 1284 1617 facienda
1301 1580 1477 1625 fuissent,
1495 1580 1726 1630 praeteriere,

276 1639 308 1677 si
323 1640 399 1678 alia
416 1640 596 1691 quapiam
614 1641 663 1678 de
684 1654 806 1679 causa
824 1641 891 1678 tali
911 1641 1026 1679 modo
1046 1654 1158 1678 suum
1180 1641 1244 1691 jus
1267 1640 1442 1691 persequi
1471 1653 1547 1677 non
1567 1641 1660 1685 vult,
1687 1649 1726 1678 et

276 1700 510 1737 homicidam
540 1707 622 1738 tum
654 1700 692 1738 in
726 1701 893 1752 templis,
914 1707 995 1738 tum
1027 1714 1094 1751 per
1123 1700 1247 1738 forum
1278 1700 1589 1738 obambulantem
1611 1701 1727 1745 videt,

278 1761 418 1799 ducere
438 1762 544 1799 illum
565 1762 656 1800 licet
673 1762 711 1799 in
731 1775 937 1807 carcerem,
952 1775 1030 1800 non
1051 1762 1307 1808 domum‚nec
1329 1774 1405 1812 quo
1420 1761 1559 1811 cuique
1578 1761 1728 1799 libitum

279 1829 352 1869 est,
372 1822 411 1860 id
431 1823 537 1872 quod
557 1829 597 1861 tu
619 1823 859 1862 concessisti.
917 1823 1050 1874 quue
1082 1823 1295 1873 conjectus,
1317 1829 1405 1860 ante
1435 1822 1551 1859 latam
1573 1830 1728 1860 senten-

282 1883 386 1929 tiam,
409 1883 501 1920 nihil
531 1884 686 1921 omnino
714 1884 894 1935 patietur,
914 1884 1112 1922 convictus
1139 1883 1293 1934 quidem
1324 1888 1444 1919 morte
1473 1882 1729 1928 mulctabitur,

281 1944 352 1982 sed
385 1944 415 1981 si
449 1951 649 1982 accusator
669 1945 842 1995 quintam
872 1944 1138 1994 suffragiorum
1165 1950 1312 1994 partem
1342 1955 1419 1979 non
1453 1942 1596 1988 tulerit,
1626 1943 1729 1981 mille

283 2006 487 2044 drachmas
507 2006 589 2056 ipse
607 2007 764 2057 insuper
784 2006 921 2044 solvet.
977 2007 1031 2042 At
1050 2018 1126 2043 non
1145 2004 1219 2042 hoc
1241 2003 1356 2042 modo
1386 2004 1460 2041 iste
1479 2003 1640 2054 scripsit,
1662 2005 1731 2042 sed

283 2075 322 2104 et
341 2068 532 2104 insontem
552 2067 845 2113 criminandum,
866 2074 904 2105 et
938 2067 1197 2104 indemnatum
1231 2065 1358 2103 statim
1392 2064 1612 2101 dedendum
1633 2079 1733 2103 esse.

286 2128 402 2172 Quod
423 2128 454 2166 si
473 2128 556 2178 quis
575 2128 784 2174 hominum,
804 2135 870 2166 aut
889 2134 971 2165 tota
989 2127 1103 2164 etiam
1121 2125 1254 2164 civitas
1277 2132 1334 2163 tot
1350 2123 1502 2175 legibus
1522 2132 1562 2162 et
1579 2125 1732 2162 institu-

285 2190 334 2228 tis
355 2203 378 2227 a
396 2202 455 2227 me
474 2189 704 2227 enumeratis
728 2202 775 2227 ne
796 2189 1055 2233 destruantur,
1073 2200 1158 2238 quae
1185 2194 1225 2224 et
1244 2193 1399 2223 ostensa
1419 2185 1610 2228 divinitus,
1631 2192 1668 2222 et
1686 2187 1734 2223 ab

287 2252 390 2289 omni
410 2264 492 2289 aevo
509 2264 532 2288 a
550 2251 775 2288 mortalibus
795 2256 980 2300 usurpata
1000 2249 1166 2294 fuerunt,
1180 2247 1401 2298 opituletur,
1422 2254 1462 2284 et
1479 2259 1565 2282 eum
1587 2246 1650 2295 qui
1668 2260 1734 2296 per

286 2313 460 2363 injuriam
479 2318 520 2349 et
544 2318 680 2349 contra
707 2311 837 2361 legum
857 2311 1061 2348 interdicta
1079 2309 1252 2354 violetur,
1272 2308 1417 2358 eripiat,
1438 2306 1646 2344 foederibus
1667 2320 1734 2343 ex-

289 2375 437 2413 clusum
457 2386 543 2410 esse
564 2373 729 2424 scripsit,
751 2379 790 2409 et
803 2371 892 2409 huic
912 2378 1097 2422 praeterea
1114 2383 1237 2419 neque
1258 2367 1509 2410 defensionis,
1532 2380 1654 2416 neque
1669 2367 1733 2417 ju—

287 2435 376 2472 dicii
398 2434 547 2484 copiam
562 2434 664 2476 fecit,
678 2433 746 2471 sed
760 2440 798 2470 et
815 2432 917 2472 hunc
933 2431 1058 2469 statim
1077 2431 1157 2468 sine
1171 2429 1318 2480 judicio
1334 2428 1453 2478 punit.
1510 2427 1626 2469 Quod
1647 2440 1736 2464 nam

288 2497 486 2534 decretum
508 2494 579 2532 isto
594 2494 787 2532 crudelius
803 2501 870 2531 aut
888 2492 1052 2542 iniquius
1067 2490 1276 2541 excogitari
1297 2487 1444 2539 queat?

343 2558 408 2592 21.
440 2556 510 2592 Est
540 2568 589 2593 ne
611 2555 737 2597 adbuc
771 2554 879 2592 nobis
911 2553 1039 2604 aliqua
1065 2552 1125 2590 lex
1155 2550 1330 2601 reliqua?
1360 2551 1469 2588 Heus
1497 2556 1537 2587 tu
1560 2548 1737 2587 ostende.

292 2618 427 2656 Recita
445 2616 557 2654 hanc.

966 2741 1080 2778 LEX.

337 2841 370 2869 Si
387 2839 454 2878 quis
472 2837 603 2866 violenta
629 2840 724 2866 morte
748 2833 938 2869 occubuerit,
953 2834 982 2863 in
999 2835 1063 2872 ejus
1080 2834 1223 2862 ultionem
1243 2831 1422 2862 necessariis
1439 2840 1563 2870 corpora
1580 2830 1740 2869 pignerare

294 2892 398 2923 licea«,
413 2890 507 2917 dunen
525 2893 573 2916 ant
591 2885 684 2915 cardis
700 2895 819 2914 causam
845 2884 978 2914 dixerint
995 2889 1042 2912 aut
1063 2884 1227 2912 homicidas
1249 2883 1436 2911 dediderint:
1460 2881 1618 2920 capiendis
1641 2885 1741 2910 autem

296 2949 456 2979 corporum
475 2937 652 2978 pignoribus
669 2937 705 2967 nd
724 2936 844 2966 tertium
861 2945 956 2972 usque
973 2934 1216 2973 progrediantur,
1229 2933 1305 2962 ultra
1322 2933 1404 2963 nefas
1420 2937 1495 2961 esto.
