1923 3149
262 185 337 222 :332
763 180 990 219 CONTRA
1023 178 1246 217 MIDIAM.

263 285 294 322 si
313 282 469 334 quando
487 283 545 322 vel
568 284 721 321 occasio
743 283 802 321 vol
821 282 1032 321 necessitas
1053 281 1241 320 inciderit.
1274 280 1380 319 Alter
1400 281 1464 331 qui
1486 281 1596 319 adest
1614 281 1719 331 quis-

263 345 346 394 quis
367 353 425 382 est
447 345 650 391 violentus,
671 358 810 391 saevus,
825 346 889 396 qui
910 352 990 382 tum
1009 343 1171 381 neminis
1191 343 1407 389 miseretur,
1425 350 1507 380 tum
1529 343 1719 380 neminem

263 406 456 444 hominem
477 419 562 444 esse
590 413 714 458 putat.
757 406 902 444 Eadem
924 406 1008 444 haec
1027 405 1232 455 vectigalia
1250 405 1313 442 isti
1342 403 1446 455 apud
1465 403 1638 454 singulos
1658 417 1720 441 re-

264 467 391 519 posita
410 481 495 506 csse
509 468 634 507 decet.
664 469 720 506 Tu
741 469 869 520 igitur,
890 469 955 519 qui
975 468 1090 506 talcm
1110 467 1312 506 collectam
1334 467 1560 518 expleveris,
1581 466 1722 516 dignus

264 544 306 568 es
328 531 392 582 qui
424 531 505 582 ipse
524 545 628 569 nunc
649 531 811 569 eandem
829 531 1002 582 recipias.

320 594 384 631 29.
415 593 588 631 Arbitror
617 593 811 643 equidem,
831 593 1106 636 Athenienses,
1138 592 1207 629 etsi
1230 597 1417 642 praeterea
1445 590 1537 627 nihil
1559 602 1723 627 acusan-

266 654 416 692 durnin
447 654 573 692 Midia
594 654 789 700 haberem,
818 666 889 691 nec
917 667 964 691 ea
993 667 1078 704 quae
1107 653 1271 691 dicenda
1300 660 1459 698 restant,
1485 652 1724 701 superiorum

265 716 465 754 criminum
485 717 726 754 atrocitatem
747 723 986 766 superarent,
1000 716 1086 766 jure
1107 728 1173 753 vos
1194 729 1239 753 ex
1259 715 1317 753 his
1337 728 1423 765 quae
1448 714 1610 752 diximus
1636 726 1725 751 eum

266 777 593 815 condemnaturos
612 783 651 814 et
665 776 791 827 capite
806 776 909 814 litem
929 777 1197 814 aestimaturos.
1230 777 1315 813 Non
1337 783 1466 813 tamen
1485 775 1547 812 hic
1568 775 1620 812 rei
1639 774 1726 811 finis

267 838 351 884 fuit,
371 850 498 889 neque
518 837 610 874 mihi
629 836 753 887 plura,
774 850 860 888 quae
881 837 1094 888 subjiciam,
1115 837 1295 874 defutura
1319 843 1421 874 sunt.
1462 836 1626 873 Tantam
1655 835 1727 872 iste

267 899 359 936 mihi
389 899 601 937 accusandi
628 899 687 937 sui
716 898 867 950 copiam
890 898 1162 949 suppeditavit.
1199 898 1319 941 Quod
1346 897 1460 947 igitur
1489 896 1728 934 desertorum

268 960 447 999 ordinum
467 961 658 999 actionem
679 967 815 999 contra
833 973 893 998 me
913 960 1157 998 machinatus
1173 966 1247 1005 est,
1266 965 1305 996 et
1324 959 1389 1009 qui
1409 958 1447 995 id
1467 957 1610 996 faceret
1628 970 1731 994 mer-

268 1022 362 1060 cede
381 1022 583 1070 conduxit,
603 1022 844 1073 inquinatum
863 1022 968 1059 illum
990 1028 1029 1059 et
1048 1020 1158 1058 nimis
1187 1020 1425 1071 expeditum,
1446 1019 1729 1057 Euctemonem

267 1084 539 1135 pulvisculum,
559 1085 865 1136 praetermittam.
899 1083 985 1122 Nec
1016 1083 1117 1121 enim
1148 1082 1389 1134 sycophanta
1414 1081 1477 1118 ille
1496 1081 1588 1118 mihi
1610 1093 1730 1131 nego-

267 1145 361 1184 tium
378 1147 546 1193 facessit,
564 1160 637 1185 nec
656 1147 729 1184 iste
748 1146 866 1184 ullam
888 1146 935 1184 ob
953 1145 1066 1183 aliam
1087 1157 1244 1182 causam
1266 1143 1466 1190 conduxit,
1485 1142 1556 1180 nisi
1578 1150 1618 1180 ut
1640 1149 1731 1180 ante

268 1215 418 1247 statuas
448 1208 608 1246 heroum
635 1213 816 1251 exstaret,
845 1220 1057 1258 omnesque
1089 1206 1287 1244 viderent:
1319 1206 1486 1243 Eucte
1503 1217 1609 1242 mon
1642 1204 1671 1241 L
1688 1217 1731 1244 u-

270 1270 468 1308 siensis
503 1269 783 1308 accusavit
815 1267 1221 1306 Demosthenem
1253 1266 1612 1304 Paeaniensem
1650 1265 1730 1302 de·

271 1344 288 1369 s
302 1344 348 1369 er
360 1338 376 1369 t
390 1344 413 1369 o
426 1344 528 1369 rum
558 1344 608 1369 or
620 1330 700 1368 din
713 1344 737 1367 u
753 1343 805 1367 m.
842 1331 898 1367 Ac
918 1329 1009 1366 mihi
1024 1328 1174 1366 videtur
1196 1327 1306 1373 illud,
1327 1327 1453 1377 siquo
1467 1327 1583 1365 modo
1601 1327 1732 1364 licuis-

272 1400 342 1438 set,
372 1393 535 1431 libenter
568 1392 848 1443 adscripturus,
873 1404 914 1429 se
941 1404 966 1428 a
987 1390 1030 1427 M
1045 1390 1056 1427 i
1072 1390 1098 1428 d
1111 1390 1154 1428 ia
1181 1403 1202 1428 c
1215 1403 1237 1428 o
1251 1403 1275 1426 n
1289 1389 1314 1426 d
1329 1402 1352 1426 u
1366 1402 1388 1426 c
1400 1396 1416 1425 t
1429 1402 1451 1425 u
1465 1401 1503 1425 m
1532 1401 1731 1426 accusare.

273 1454 352 1493 Sed
371 1454 458 1492 haec
474 1455 623 1493 omitto.
665 1454 766 1491 Nam
792 1466 869 1504 quo
898 1452 981 1504 ipse
995 1452 1158 1504 judicio,
1188 1451 1338 1489 actione
1367 1450 1522 1496 omissa,
1551 1450 1733 1487 infamem

271 1529 357 1554 sese
377 1516 560 1560 reddidit,
581 1516 629 1554 de
650 1529 695 1554 eo
712 1515 802 1552 mihi
822 1527 900 1552 non
924 1527 1022 1565 opus
1042 1521 1102 1551 est
1112 1513 1197 1567 salio
1211 1512 1372 1564 judicio,
1396 1512 1465 1550 sed
1493 1512 1567 1550 hac
1587 1511 1733 1550 ultione

272 1591 356 1615 sum
373 1584 594 1615 contentus.

328 1640 392 1677 30.
416 1639 532 1683 Quod
546 1652 651 1689 vero,
668 1638 944 1685 Athenienses,
965 1645 1002 1676 et
1022 1637 1218 1684 acerbum,
1233 1643 1273 1674 et
1287 1635 1560 1679 miserandum,
1577 1643 1614 1673 et
1628 1648 1734 1673 com-

273 1714 389 1739 mune
408 1701 500 1738 mihi
518 1701 675 1752 quidem
693 1701 903 1752 piaculum,
926 1713 1004 1738 non
1025 1700 1166 1746 scelus,
1194 1699 1406 1737 admissum
1434 1711 1520 1736 esse
1546 1698 1593 1735 ab
1614 1711 1660 1735 eo
1680 1698 1737 1734 vi-

274 1763 401 1809 detur,
420 1762 459 1800 id
472 1765 555 1809 jam
574 1763 725 1800 dicam:
754 1775 844 1800 nam
865 1761 1004 1799 afflicto
1031 1768 1070 1799 et
1087 1772 1307 1798 aerumnoso
1335 1759 1561 1797 Aristarcho
1582 1758 1738 1796 Moschi

274 1824 352 1862 filio
371 1837 490 1874 quum
512 1824 655 1862 malum
680 1830 719 1861 et
744 1836 861 1874 grave
883 1823 1029 1861 crimen
1060 1822 1303 1872 objiceretur,
1322 1821 1501 1871 primum,
1522 1820 1736 1857 Athenien-

275 1899 353 1931 ses,
382 1886 419 1922 in
441 1885 523 1923 foro
543 1885 811 1929 obambulans,
831 1884 970 1935 impios
991 1891 1031 1921 et
1056 1896 1134 1920 non
1165 1881 1346 1920 ferendos
1374 1882 1423 1919 de
1453 1894 1514 1918 me
1539 1893 1737 1918 sermones

276 1960 455 1998 spargere
475 1947 659 1993 audebat,
677 1959 739 1984 me
759 1946 861 1983 illius
890 1945 1071 1982 facinoris
1092 1956 1175 1981 esse
1199 1949 1408 1980 auctorem.
1447 1941 1596 1985 Quibus
1624 1942 1738 1980 rebus

277 2023 366 2048 cum
387 2008 480 2046 nihil
498 2009 714 2059 proficeret,
734 2007 927 2045 accedens
940 2007 989 2045 ad
1011 2019 1090 2052 eos,
1110 2005 1175 2056 qui
1196 2018 1284 2043 eum
1303 2004 1419 2042 caedis
1439 2004 1521 2056 ejus
1540 2003 1740 2041 insimula-

276 2072 383 2116 bant,
403 2069 593 2122 perempti
615 2069 870 2115 necessarios,
894 2068 1098 2119 pecuniam
1119 2066 1388 2118 pollicebatur,
1410 2065 1442 2103 si
1467 2078 1527 2102 me
1546 2064 1647 2102 illius
1668 2063 1741 2102 cri·

278 2132 390 2170 minis
411 2137 666 2169 arcesserent.
698 2130 782 2168 Nec
799 2130 846 2168 ab
867 2142 913 2167 eo
933 2135 1088 2174 conatu,
1108 2127 1170 2166 vel
1189 2127 1337 2178 religio,
1358 2126 1420 2164 vel
1441 2126 1508 2177 jus
1528 2133 1567 2164 et
1585 2127 1659 2171 fas,
1680 2126 1740 2164 vel

280 2193 487 2244 quicquam
507 2205 592 2230 eum
619 2192 724 2229 aliud
745 2190 933 2243 impediit,
951 2197 1067 2241 atque
1088 2189 1283 2227 deterruit.
1316 2188 1400 2226 Nec
1418 2187 1570 2226 illorum
1591 2187 1742 2238 puduit,

281 2268 303 2293 a
321 2255 460 2306 quibus
476 2255 552 2294 ista
570 2256 738 2305 petebat,
759 2253 789 2291 si
807 2253 883 2291 tale
903 2266 948 2291 ac
964 2259 1113 2291 tantum
1135 2252 1279 2290 crimen
1298 2251 1336 2288 in
1362 2250 1528 2301 aliquem
1547 2245 1742 2287 insontem

282 2320 500 2370 conjiceret.
541 2318 634 2364 Sed,
655 2330 743 2355 cum
765 2317 871 2354 hunc
891 2328 1010 2353 unum
1037 2314 1107 2352 sibi
1127 2313 1236 2364 quasi
1255 2312 1414 2350 limitem
1435 2311 1678 2362 praefinisset‚
1698 2317 1743 2349 ut

283 2394 343 2417 me
363 2380 516 2418 tolleret
545 2392 565 2417 e
587 2379 728 2423 medio,
757 2378 848 2415 nihil
875 2375 1244 2428 praetermittendum
1264 2386 1348 2412 esse
1373 2372 1495 2417 duxit,
1523 2373 1743 2422 quasivero

283 2449 472 2495 oporteat,
492 2443 571 2492 qui,
592 2440 835 2480 contumeliis
864 2447 903 2477 et
922 2439 1070 2489 injuriis
1098 2439 1146 2475 ab
1178 2450 1224 2475 eo
1251 2444 1448 2482 oneratus,
1467 2435 1652 2472 ultionem
1673 2435 1743 2473 fla-

285 2506 382 2557 gitat
402 2516 475 2541 nec
503 2502 651 2548 reticet,
677 2514 765 2539 eum
785 2501 1079 2539 exterminatum
1099 2497 1182 2536 tolli
1202 2511 1222 2536 e
1244 2497 1385 2542 medio,
1412 2509 1482 2534 nec
1503 2508 1666 2546 usquam
1685 2508 1745 2533 re-

285 2567 442 2618 spirare,
461 2565 554 2615 quin
574 2570 611 2600 et
631 2563 867 2601 desertorum
897 2562 1073 2600 ordinum
1100 2572 1209 2597 reum
1240 2559 1384 2610 peragi,
1411 2565 1450 2597 et
1479 2558 1599 2596 caedis
1627 2571 1744 2596 accu-

286 2629 374 2674 sari,
394 2640 439 2665 ac
458 2632 608 2664 tantum
630 2637 707 2663 non
728 2624 817 2674 palo
837 2623 955 2674 affigi.
1698 2652 1700 2656 ,

343 2691 406 2727 31.
428 2688 543 2731 Quod
556 2687 587 2724 si
606 2687 692 2724 haec
711 2685 849 2723 secisse
869 2684 1133 2727 convincetur,
1148 2689 1288 2733 proeter
1301 2694 1347 2719 ea
1359 2682 1500 2732 quibus
1512 2682 1550 2719 in
1559 2680 1744 2719 aedilitate

288 2766 349 2790 me
362 2750 583 2802 exagitavit,
602 2760 716 2800 quam
725 2747 812 2798 jure
828 2745 1125 2784 misericordiam
1143 2758 1166 2782 a
1177 2744 1299 2789 vobis,
1313 2756 1430 2794 quam
1445 2743 1595 2781 ve'niam
1606 2755 1744 2780 conse-

288 2813 454 2864 quetur?
483 2811 586 2849 Nam
618 2823 691 2861 ego
715 2809 883 2860 quidem,
905 2807 1175 2849 Athenienses,
1191 2805 1250 2843 his
1263 2804 1609 2843 machinationibus
1627 2804 1747 2841 inter-

290 2876 471 2912 sectorem
491 2885 618 2911 meum
638 2871 832 2910 exstitisse
850 2869 957 2908 illum
973 2868 1131 2919 judico;
1159 2880 1202 2905 ac
1220 2874 1300 2904 tum
1317 2866 1472 2917 quidem
1492 2864 1746 2903 Bacchanali-

289 2938 359 2975 bus
377 2943 565 2981 ornatum,
586 2942 624 2973 ct
643 2947 795 2985 corpus,
817 2938 1068 2984 sumptusque
1091 2943 1196 2968 meos
1212 2941 1344 2967 omues
1362 2928 1521 2974 loesisse,
1537 2940 1640 2965 nunc
1658 2940 1746 2966 vero
