1923 3149
304 153 380 189 206
850 150 926 188 DE
954 149 1196 189 CORONA.

305 265 390 290 cere
415 253 618 303 quisquam
638 251 740 290 aliud
759 253 902 304 possit:
933 253 1099 304 Philippi
1119 265 1223 298 vero,
1239 265 1327 291 cum
1346 265 1425 303 quo
1444 253 1554 291 nobis
1573 260 1653 291 erat
1671 263 1752 291 cer·

304 321 446 357 tamen,
469 313 662 364 quomodo
693 327 734 351 se
763 327 824 352 res
849 314 1067 353 habuerunt
1091 314 1231 352 videte.
1287 313 1457 352 Primum
1476 315 1690 365 imperabat
1708 314 1752 351 iis

304 373 369 422 qui
397 385 481 410 eum
510 374 767 424 sequebantur
786 375 868 424 ipse
887 375 1114 413 auctoritate
1140 387 1302 420 summa,
1322 375 1427 425 quod
1445 387 1580 417 eorum
1597 387 1682 425 quae
1702 374 1751 412 ad

302 433 444 471 bellum
464 435 655 485 pertinent
671 435 878 472 maximum
897 443 958 473 est
971 436 1154 473 omnium.
1204 435 1353 473 Deinde
1372 435 1410 472 hi
1430 448 1537 473 arma
1554 448 1753 486 nunquam

303 507 381 532 non
401 495 595 534 habebant
624 497 661 533 in
688 496 877 533 manibus.
934 496 1088 534 Deinde
1107 497 1272 548 pecunia
1290 495 1523 534 abundabat.
1581 495 1645 544 Et,
1665 508 1752 546 quae

302 554 374 606 ipsi
399 557 481 594 visa
511 563 655 602 essent,
682 557 837 607 agebat,
868 569 946 594 non
976 557 1140 595 decretis
1161 557 1248 607 quid
1264 558 1369 594 vellet
1389 564 1477 594 ante
1497 556 1752 600 denuncians,

304 612 376 654 nec
391 617 430 655 in
450 617 653 669 propatulo
673 617 905 662 deliberans,
926 630 1004 655 non
1023 631 1047 655 a
1066 617 1409 656 calumniatoribus
1429 617 1467 654 in
1483 617 1671 668 judicium
1685 628 1754 654 vo-

303 682 428 721 catus,
450 691 528 715 non
557 677 700 715 decreti
732 684 867 715 contra
895 677 1003 728 leges
1036 678 1167 729 scripti
1197 677 1430 729 postulatus,
1446 690 1522 715 non
1541 676 1753 714 rationibus

303 738 469 789 cuipiam
487 739 695 777 referendis
714 739 918 784 obnoxius,
937 739 1005 777 sed
1036 739 1149 790 plane
1168 739 1249 790 ipse
1269 738 1462 784 dominus,
1480 738 1572 784 dux,
1592 738 1755 788 impera-

301 807 362 836 tor
385 799 568 837 omnium.
625 800 710 851 Ego
729 812 821 838 vero
839 800 905 850 qui
923 807 1059 837 contra
1077 799 1181 836 hunc
1208 799 1414 837 instructus
1447 811 1693 836 eram—nam
1715 805 1755 835 et

301 858 375 897 hoc
395 860 541 910 exquiri
559 873 712 910 aequum
739 861 963 910 est—cujus
981 860 1035 897 rei
1049 866 1281 910 potestatem
1309 859 1530 896 habebam?
1585 858 1753 897 Nullius.

304 920 405 958 Nam
424 921 587 972 primum
605 921 706 958 hanc
726 921 850 971 ipsam
864 919 1119 958 concionandi
1138 918 1376 964 facultatem,
1393 919 1502 969 cujus
1522 919 1638 956 solius
1649 931 1753 956 eram

302 981 495 1033 particeps
525 994 613 1032 ego,
635 993 877 1018 communem
895 980 1150 1031 proposuistis
1169 992 1238 1017 vos
1258 979 1358 1016 illius
1378 979 1618 1017 mercenariis
1640 986 1755 1030 atque

303 1042 408 1087 mihi,
422 1050 463 1079 et
479 1042 769 1093 quibuscunque
788 1041 826 1078 in
840 1042 956 1079 rebus
968 1054 1030 1079 me
1049 1040 1104 1078 illi
1124 1039 1527 1092 superarent—multa
1545 1046 1674 1078 autem
1688 1052 1754 1078 ac-

303 1102 479 1140 ciderunt
497 1101 731 1154 hujusmodi,
749 1101 826 1140 alia
842 1101 926 1139 aliis
946 1101 996 1140 de
1015 1101 1157 1147 causis,
1177 1113 1428 1152 quascunque
1441 1100 1519 1138 fors
1533 1100 1765 1146 tulisset—,-

302 1162 341 1200 in
362 1163 407 1201 iis
428 1176 476 1202 ex
503 1176 572 1201 usu
591 1163 762 1201 hostium
786 1163 888 1201 initis
917 1163 1086 1201 consiliis
1112 1162 1356 1200 discessistis.
1413 1161 1679 1199 Veruntamen
1696 1167 1756 1199 tot

303 1225 419 1263 rebus
438 1224 592 1263 inferior
610 1237 684 1276 ego
704 1225 829 1262 socios
848 1224 956 1262 vobis
975 1224 1193 1275 comparavi
1214 1224 1396 1269 Euboeos,
1415 1222 1597 1269 Achaeos,
1618 1223 1755 1261 Corin-

303 1286 420 1331 thios,
441 1285 660 1331 Thebanos,
691 1287 963 1337 Megarenses,
998 1285 1228 1331 Leucadios,
1263 1286 1502 1336 Corcyraeos,
1532 1297 1580 1321 ex
1615 1285 1754 1335 quibus

301 1354 545 1386 externorum
564 1347 727 1385 militum
745 1347 965 1398 quindecim
996 1347 1127 1392 millia,
1147 1347 1316 1397 equitum
1343 1345 1421 1383 duo
1453 1345 1587 1391 millia,
1615 1341 1755 1397 praeter

302 1409 469 1446 urbanas
501 1408 647 1460 copias,
680 1415 769 1446 sunt
799 1415 962 1446 coacta:
991 1408 1240 1460 pecuniarum
1259 1420 1349 1445 vero
1368 1407 1613 1445 collationem
1631 1420 1754 1457 quan-

303 1476 382 1507 tam
397 1470 502 1522 potui
518 1470 723 1507 maximam
742 1470 866 1521 exegi.

356 1532 420 1568 70.
451 1531 567 1575 Quod
597 1531 628 1568 si
653 1532 743 1583 jura
774 1538 908 1569 nostra
939 1544 1026 1570 cum
1059 1531 1326 1570 Thebanorum
1360 1530 1512 1582 juribus
1544 1541 1754 1581 comparas,

303 1592 499 1639 AEschine,
519 1600 587 1630 aut
603 1605 691 1631 cum
711 1593 982 1644 Byzantiorum
1002 1600 1069 1631 aut
1087 1606 1176 1630 cum
1197 1591 1441 1636 Euboeorum,
1462 1599 1530 1629 aut
1555 1590 1604 1629 de
1623 1603 1754 1640 aequa-

299 1654 365 1693 bili
395 1662 502 1706 parte
532 1655 661 1692 tributi
693 1655 903 1706 cofferendi
931 1667 1036 1692 nunc
1055 1654 1245 1706 disputas,
1273 1653 1438 1705 primum
1468 1653 1636 1703 ignorem,
1663 1651 1755 1689 olim

302 1718 429 1763 etiam,
459 1730 547 1755 cum
565 1724 749 1755 trecentae
768 1718 940 1755 triremes
966 1723 1098 1755 essent
1115 1716 1192 1754 illae
1211 1730 1299 1767 quae
1319 1729 1388 1767 pro
1409 1715 1558 1754 Graecis
1579 1715 1755 1752 decerta-

301 1787 405 1823 runt,
423 1778 612 1816 ducentas
631 1778 825 1816 civitatem
846 1785 1019 1816 nostram
1040 1777 1265 1829 praebuisse,
1293 1790 1418 1827 neque
1445 1789 1485 1814 se
1515 1776 1660 1813 idcirco
1685 1774 1755 1812 de-

301 1840 440 1877 teriore
461 1839 683 1877 conditione
699 1853 785 1877 esse
800 1839 973 1877 arbitrari
985 1851 1112 1889 neque
1129 1851 1195 1876 eos
1213 1838 1278 1888 qui
1296 1838 1371 1875 hoc
1389 1836 1536 1875 consilii
1555 1835 1755 1873 dedissent

295 1899 444 1952 judicio
477 1899 652 1950 persequi
679 1912 807 1950 neque
842 1912 890 1936 ea
922 1900 1087 1949 graviter
1117 1899 1216 1937 ferre
1243 1906 1480 1949 compertam
1503 1903 1755 1946 esse—turpe

301 1961 402 1999 enim
430 1959 688 1998 fuisset—sed
712 1961 785 1998 diis
815 1960 1093 1997 immortalibus
1113 1960 1273 2011 gratiam
1301 1959 1455 2002 habere,
1475 1958 1520 2003 si,
1539 1956 1685 1994 Graeeis
1715 1956 1753 1993 in

304 2033 507 2060 commune
526 2020 729 2058 discrimen
751 2021 941 2064 adductis,
961 2019 1044 2070 ipsa
1062 2020 1182 2069 duplo
1197 2021 1284 2069 plus
1301 2031 1416 2067 quam
1429 2018 1492 2054 alii
1511 2016 1561 2054 ad
1581 2016 1752 2054 oninium

302 2083 463 2121 salutern
484 2081 724 2119 contulisset.
779 2080 899 2118 Porro
920 2081 1071 2116 inanem
1091 2078 1195 2128 apud
1214 2079 1284 2115 hos
1305 2077 1467 2128 gratiam
1488 2084 1639 2127 captas,
1666 2090 1756 2116 cum

302 2157 365 2182 me
383 2142 626 2181 calumniaris
643 2155 653 2179 :
681 2142 772 2192 quid
793 2141 892 2178 enim
913 2153 1017 2177 nunc
1033 2151 1081 2176 ea
1105 2138 1201 2176 dicis
1219 2151 1306 2188 quae
1329 2138 1458 2176 faeere
1476 2139 1688 2189 oportebat,
1707 2151 1754 2178 ac

303 2218 380 2243 non
399 2212 495 2249 tum,
516 2216 604 2241 cum
624 2203 661 2240 in
679 2203 773 2240 urbe
793 2214 897 2239 esses
916 2202 1107 2251 rebusque
1120 2200 1340 2245 interesses,
1363 2198 1446 2237 haec
1460 2199 1709 2245 decernebas,
1723 2200 1755 2237 si

305 2265 459 2317 quidem
473 2264 617 2302 licebat
642 2276 711 2314 per
735 2263 801 2300 illa
829 2270 1019 2313 tempora,
1039 2261 1075 2298 in
1090 2262 1229 2311 quibus
1249 2274 1327 2299 non
1346 2260 1449 2311 quod
1473 2251 1754 2305 vellemus‚'sed

302 2327 406 2378 quod
438 2340 498 2364 res
531 2326 626 2376 ipsae
665 2324 812 2368 darent,
847 2322 1022 2374 accipere
1047 2334 1253 2360 necessum
1282 2328 1378 2360 erat.
1433 2321 1613 2372 Namque
1637 2320 1668 2358 is
1687 2321 1753 2372 qui

303 2395 437 2425 contra
453 2387 643 2429 liceretur,
663 2385 728 2436 qu‘i
746 2384 791 2422 iis
810 2396 908 2434 quos
928 2383 1172 2434 rejecerimus
1191 2389 1410 2434 promptum
1423 2381 1630 2433 hospitium
1654 2394 1753 2433 prae-

301 2449 422 2496 beret,
441 2448 507 2497 qui
524 2445 707 2498 pecunias
726 2445 882 2496 insuper
901 2445 1023 2490 daret,
1043 2444 1178 2482 aderat
1195 2450 1365 2496 paratus.

357 2509 420 2546 71.
451 2508 503 2544 At
527 2507 557 2544 si
577 2520 679 2544 nunc
696 2514 853 2558 propter
871 2519 918 2544 ea
935 2518 1021 2556 quae
1042 2513 1150 2557 gesta
1170 2511 1261 2543 sunt
1278 2517 1451 2550 accusor,
1466 2504 1561 2554 quid
1579 2503 1751 2542 futurum

299 2569 419 2608 fuisse
438 2569 619 2611 censetis,
643 2568 688 2611 si,
719 2581 808 2605 cum
829 2580 901 2618 ego
922 2566 1185 2618 scrupulosius
1204 2566 1263 2603 his
1282 2565 1331 2603 de
1350 2566 1463 2603 rebus
1482 2565 1752 2616 disceptarem,

303 2629 579 2669 abscessissent
616 2628 792 2666 civitates
816 2636 855 2666 et
881 2641 966 2666 sese
995 2641 1082 2666 cum
1103 2626 1283 2678 Philippo
1310 2626 1614 2677 conjunxissent,
1641 2625 1752 2676 isque

301 2705 379 2730 uno
393 2699 563 2742 tempore
585 2689 742 2728 Euboeae
758 2689 869 2726 simul
889 2697 929 2727 et
949 2688 1171 2726 Thebarum
1190 2687 1440 2739 Byzantiique
1453 2699 1611 2738 compos
1628 2687 1753 2725 faetus

299 2760 414 2796 esset,
427 2751 519 2802 quid
539 2751 709 2789 facturos
730 2758 797 2787 aut
816 2750 910 2799 quid
936 2750 1078 2800 putatis
1101 2749 1272 2787 dicturos
1290 2748 1410 2786 fuisse
1430 2748 1636 2786 sceleratos
1655 2747 1751 2785 istos

302 2811 505 2850 homines?
561 2811 663 2857 Non,
688 2811 859 2862 proditos
881 2824 964 2848 esse
984 2809 1097 2848 illos?
1125 2823 1217 2860 non,
1239 2818 1388 2861 spretos
1407 2821 1454 2848 ac
1485 2809 1646 2859 rejectos
1662 2820 1750 2846 cum

301 2873 498 2912 nobiscum
512 2886 599 2911 esse
613 2872 844 2924 cupiissent:
863 2871 1002 2910 deinde
1016 2871 1234 2923 Philippum
1251 2871 1503 2923 Hellesponto
1518 2882 1586 2921 per
1601 2870 1750 2921 Byzan-
