1923 3149
264 175 340 211 220
812 170 884 208 DE
917 171 1157 215 CORONA.

264 277 336 312 bus
370 275 701 325 legationibusque
732 274 858 312 omnia
890 276 1142 324 gerebantur:
1183 280 1351 311 vestrum
1383 286 1472 311 vero
1501 286 1611 312 nemo
1649 287 1715 313 us-

264 348 378 386 quam
399 337 659 387 comparebat,
689 336 761 373 nisi
790 335 890 372 forte
909 335 996 373 huic
1017 336 1161 386 populo
1181 334 1445 372 insultandum
1464 343 1580 373 esset.
1638 336 1716 372 Sed

266 406 520 449 posteaquam
540 410 587 435 ea
606 397 841 441 acciderunt,
863 408 950 447 quae
974 397 1118 434 utinam
1141 397 1193 434 dii
1212 396 1462 433 avertissent!
1491 396 1622 446 etjam
1640 408 1718 433 non

265 460 429 510 amplius
450 459 665 505 consiliarii,
682 458 750 496 sed
771 458 866 495 servi
886 458 950 507 qui
970 458 1155 509 imperata
1169 457 1350 501 facerent,
1371 456 1434 506 qui
1455 464 1589 493 contra
1602 457 1718 507 patri-

268 533 330 557 am
349 520 564 558 mercedem
585 521 817 570 acciperent,
839 519 904 570 qui
924 519 1007 556 aliis
1028 519 1209 556 assentari
1228 518 1385 563 vellent,
1406 518 1717 568 exquirebantur,

267 588 346 618 tum
362 588 403 618 tu
421 582 550 631 tuique
568 581 745 618 similium
766 579 927 630 quisque
943 580 981 617 in
998 593 1154 617 numero
1174 580 1311 624 fuistis,
1326 586 1364 617 et
1378 592 1541 629 magnus
1557 579 1718 622 evasisti,

266 649 308 679 et
322 643 548 692 magnificus
569 642 784 679 divitiarum
804 648 1028 688 ostentator,
1042 654 1114 692 ego
1127 654 1216 679 vero
1232 642 1416 686 infirmus,
1437 641 1572 685 fateor,
1595 646 1635 677 at
1653 641 1720 677 be—

268 704 484 741 nevolentia
499 716 591 754 erga
610 703 703 741 istos
722 702 829 740 vobis
850 704 1034 753 superior.

326 766 413 802 100.
445 765 535 802 Duo
564 771 692 802 autem
721 765 818 811 haec,
837 764 1109 811 Athenienses,
1137 772 1276 804 natura
1302 765 1542 802 moderatum
1571 769 1724 813 oportet

266 826 409 863 habere
438 826 695 864 civemt—sic
728 825 828 864 enim
860 827 1024 863 maxime
1055 826 1145 863 mihi
1176 827 1225 863 de
1258 826 1482 875 memetipso
1517 825 1597 861 sine
1628 824 1722 861 invi-

269 886 334 923 dia
365 886 493 925 dicere
525 887 730 924 licebit—z
772 894 816 923 ut
851 886 890 922 in
927 887 1211 936 magistratibus
1236 886 1401 922 obeundis
1431 885 1724 934 magnanimita-

267 947 316 984 tis
347 946 661 998 principatusque
696 946 865 983 studium
901 946 938 982 in
968 948 1089 995 patria
1115 947 1255 991 foveat,
1287 953 1327 982 et
1355 945 1394 982 in
1425 945 1528 982 omni
1551 952 1723 995 tempore

269 1009 448 1057 omnique
473 1008 624 1045 actione
653 1005 962 1043 benevolentiam
987 1012 1164 1047 tumeam
1192 1005 1306 1056 hujus
1326 1005 1427 1043 enim
1447 1012 1584 1043 natura
1602 1005 1723 1044 ‹lomi-

269 1081 320 1105 na
338 1074 410 1112 est,
432 1080 546 1118 posse
563 1074 692 1104 autem
713 1072 752 1103 et
769 1065 895 1102 valere
914 1065 952 1102 in
969 1065 1090 1103 altera
1115 1066 1190 1103 sita
1214 1072 1314 1103 sunt.
1356 1066 1470 1103 Hanc
1491 1066 1606 1115 igitur
1623 1067 1724 1102 henc-

268 1130 459 1165 volentiam
480 1128 583 1179 apud
615 1140 677 1164 me
701 1127 860 1164 infixam
886 1139 1036 1177 semper
1067 1127 1250 1164 mansisse
1281 1127 1486 1177 reperietis.
1546 1127 1726 1177 Spectato

271 1191 388 1228 enim.
428 1189 564 1240 Neque
584 1201 671 1226 cum
690 1188 739 1226 ad
763 1188 994 1238 supplicium
1010 1188 1256 1239 deposceret,
1278 1201 1402 1239 neque
1423 1200 1510 1225 cum
1529 1200 1590 1225 me
1611 1189 1726 1225 hostes

270 1252 309 1289 in
323 1250 474 1302 judicia
500 1249 820 1301 Amphictyonica
839 1255 1034 1295 vocarent,
1068 1262 1192 1299 neque
1214 1262 1300 1286 cum
1332 1249 1444 1286 minis
1475 1249 1724 1295 incesserent,

270 1325 398 1363 neque
418 1324 506 1350 cum
532 1310 730 1362 promissis
760 1317 966 1356 tentarent,
986 1323 1111 1360 neque
1131 1324 1218 1348 cum
1245 1310 1452 1348 sceleratos
1472 1311 1566 1348 istos
1597 1311 1636 1348 in
1665 1324 1724 1348 me

268 1380 453 1423 tanquam
469 1372 568 1410 feras
585 1373 847 1418 immitterent,
858 1372 937 1409 ullo
953 1372 1066 1409 modo
1085 1384 1209 1409 meam
1227 1384 1320 1422 erga
1333 1385 1401 1409 vos
1415 1372 1725 1410 benevolentiam

271 1435 438 1472 deserui.
499 1435 650 1485 Quippe
678 1435 726 1471 ab
756 1434 863 1471 initio
901 1433 1027 1470 statim
1062 1438 1204 1470 rectam
1236 1440 1274 1470 et
1294 1433 1437 1483 justam
1459 1434 1549 1483 reip.
1565 1434 1727 1470 admini-

271 1496 440 1534 strandae
461 1496 559 1532 viam
591 1508 676 1532 sum
703 1495 912 1544 ingressus,
938 1502 981 1531 ut
1013 1493 1192 1538 honores,
1225 1500 1455 1544 potestates,
1490 1493 1631 1544 glorias
1660 1507 1728 1531 non

273 1557 343 1594 nisi
374 1555 509 1607 patriae
537 1556 764 1600 excolerem,
796 1556 881 1593 haec
912 1568 1106 1606 augerem,
1133 1568 1221 1592 cum
1249 1555 1307 1593 his
1336 1555 1597 1594 consisterem.
1637 1555 1728 1593 Non

276 1630 351 1667 ego
367 1623 607 1655 externorum
628 1617 743 1653 rebus
764 1616 926 1653 secundi
948 1616 1092 1653 selatus
1114 1622 1228 1665 atque
1250 1616 1378 1654 alacer
1395 1617 1432 1653 in
1451 1616 1534 1653 foro
1553 1616 1728 1654 inambu-

274 1678 325 1724 lo,
346 1678 542 1715 dexteram
561 1676 795 1727 protendens
815 1676 934 1726 iisque
950 1676 1040 1713 laeta
1061 1677 1255 1721 nuntians,
1278 1690 1377 1726 quos
1406 1677 1497 1714 illuc
1516 1677 1728 1727 perlaturos

275 1751 447 1789 sperem:
476 1737 609 1787 patriae
628 1749 717 1772 vero
738 1749 941 1773 successus
967 1738 1149 1773 horresco
1182 1737 1382 1774 inaudiens
1414 1743 1453 1773 et
1486 1750 1598 1786 gerno
1627 1745 1666 1775 et
1691 1738 1729 1774 in

274 1808 414 1837 terram
436 1804 553 1848 caput
572 1796 747 1840 demitto,
769 1795 1098 1844 quemadmodum
1123 1795 1228 1845 impii
1261 1797 1335 1840 isti,
1356 1796 1421 1844 qui
1455 1797 1730 1846 rempublicam

276 1860 501 1903 dilacerant,
521 1856 632 1906 quasi
651 1868 725 1892 non
746 1855 940 1904 semetipsi
961 1855 1142 1897 lacerent,
1164 1856 1230 1905 qui
1248 1856 1348 1893 istuc
1363 1855 1522 1900 faciunt,
1537 1864 1645 1894 extra
1662 1870 1730 1895 au-

276 1927 354 1958 tem
374 1924 636 1970 prospectant,
651 1922 689 1953 et
708 1916 772 1954 ubi
786 1915 1010 1953 Graecorum
1026 1915 1201 1952 cladibus
1215 1916 1370 1953 alterius
1391 1917 1624 1967 prosperitas
1646 1918 1728 1955 ino—

277 1981 383 2026 levit,
402 1980 487 2017 haec
499 1977 722 2017 collaudant
742 1977 904 2026 haecque
925 1983 968 2013 ut
986 1982 1170 2026 perpetuo
1191 1975 1331 2013 durent
1349 1976 1517 2013 dandam
1534 1990 1619 2015 esse
1638 1991 1731 2029 ope-

278 2057 360 2081 ram
376 2043 522 2080 dicunt.

336 2105 424 2140 101.
455 2101 585 2139 Nolite
605 2113 708 2146 vero,
724 2113 746 2138 o
766 2100 818 2138 dii
836 2099 1069 2138 immortales
1088 2101 1098 2138 ἱ
1129 2099 1247 2137 nolite
1268 2099 1405 2137 eadem
1427 2100 1581 2138 numine
1604 2107 1730 2139 vestro

281 2164 543 2215 comprobare.
592 2161 669 2198 Sed
699 2162 825 2212 potius
855 2161 1022 2199 maxime
1041 2161 1197 2211 quidem
1229 2161 1312 2199 istis
1339 2161 1532 2199 meliorem
1563 2169 1729 2200 mentem

281 2227 525 2275 animumque
545 2224 660 2261 date:
692 2224 751 2260 sin
779 2237 911 2261 eorum
941 2223 1149 2260 insanabile
1170 2223 1362 2274 ingenium
1382 2223 1443 2269 sit,
1463 2224 1555 2261 istos
1575 2225 1730 2274 quidem

281 2287 383 2337 ipsos
406 2285 609 2336 separatim
632 2290 731 2322 terra
749 2286 918 2335 marique
937 2283 1110 2321 funditus
1140 2291 1179 2322 et
1203 2285 1406 2321 immatura
1435 2291 1556 2321 morte
1581 2284 1730 2336 disper-

282 2348 374 2392 dite,
396 2346 505 2384 nobis
523 2358 613 2384 vero
645 2346 797 2396 reliquis
828 2346 1132 2396 impendentium
1165 2352 1350 2383 terrorum
1371 2346 1650 2396 quamprimum
1681 2346 1728 2384 li-

283 2408 519 2446 berationem
536 2407 734 2446 concedite
750 2414 790 2446 et
809 2407 971 2445 salutem
993 2406 1286 2457 integerrimam.
