1923 3149
680 180 734 217 IN
766 179 1035 219 APHOBUM
1069 180 1101 217 1.
1537 182 1613 216 471.)

709 355 1064 394 TESTIMONIA.

168 460 255 498 Hoc
275 459 389 510 igitur
408 459 504 497 ebur
521 459 639 510 pluris
659 466 718 497 est
732 472 847 510 quam
867 458 1133 509 talenti,quod
1150 471 1221 496 nec
1240 460 1367 509 ipsum
1387 459 1621 497 neclucrum

168 521 256 559 inde
278 521 424 558 factum
440 520 529 557 mihi
548 520 772 567 ostendunt,
793 520 864 558 sed
878 527 917 558 et
929 519 1004 558 hoc
1023 526 1147 557 totum
1164 520 1318 570 penitus
1340 522 1598 571 supprimunt.

223 582 260 619 9.
291 580 352 618 Ad
382 581 484 627 haee,
504 581 679 626 Judiees‚
701 594 748 619 ex
775 581 1004 627 rationibus,
1025 594 1121 631 quas
1150 581 1335 627 referunt,
1356 581 1406 619 de
1438 581 1510 619 illis
1536 594 1623 631 quac

169 642 242 694 ipsi
269 655 311 680 se
331 641 528 693 accepisse
547 643 795 689 confitentur,
816 643 924 680 vobis
954 643 1171 689 ostendam,
1192 655 1258 680 eos
1291 648 1367 680 tres
1394 642 1480 692 plus
1510 655 1627 692 quam

171 710 261 741 octo
282 703 429 742 talenta
447 716 534 754 quae
566 716 653 741 mea
676 710 768 741 sunt
786 703 941 750 habere,
971 704 1040 741 sed
1063 704 1275 755 Aphobum
1305 702 1460 741 seorsim
1481 703 1553 740 tria
1572 710 1629 740 ta-

171 764 279 802 lenta
298 771 339 802 et
355 764 458 802 mille
477 764 681 803 drachmas
697 764 907 815 accepisse,
921 765 1070 804 etiamsi
1089 778 1229 816 ponam
1244 765 1354 816 plura
1367 765 1449 802 sinc
1468 764 1527 802 his
1543 776 1630 802 esse

169 825 365 876 insumpta
383 838 499 875 quam
519 834 624 871 sunt,
643 834 683 864 et
703 839 750 864 ea
777 839 864 876 quae
884 839 930 864 ex
961 827 1022 865 his
1048 826 1300 864 reddiderunt
1329 825 1556 864 detraham:
1587 832 1631 863 ut

170 886 301 925 sciatis
317 900 395 925 non
415 887 615 926 mediocris
639 901 726 926 esse
748 888 998 938 impudentiae
1018 889 1122 926 facta
1140 888 1306 926 illorum.
1363 887 1465 924 Nam
1482 887 1530 924 de
1546 899 1634 924 meo

173 961 216 986 se
237 948 434 998 accepisse
454 949 636 994 fatentur,
657 949 727 986 iste
747 949 902 998 quidem
921 956 1009 986 octo
1029 955 1068 986 et
1087 954 1242 986 centum
1265 948 1401 994 minas,
1431 954 1567 997 praeter
1587 959 1633 985 ea

174 1021 261 1059 quae
283 1021 356 1059 ego
377 1022 465 1046 eurn
480 1009 622 1047 habere
641 1022 746 1046 nunc
762 1009 980 1055 ostendam,
997 1009 1256 1060 Therippides
1273 1009 1350 1047 duo
1366 1009 1526 1053 talenta,
1556 1009 1635 1048 De·

175 1069 346 1120 mophon
366 1076 514 1121 septem
532 1076 570 1108 et
589 1070 789 1120 octoginta
807 1069 945 1107 minas.
1004 1070 1103 1108 Haec
1128 1077 1220 1107 sunt
1239 1070 1407 1120 quinque
1432 1070 1578 1107 talenta
1599 1075 1639 1108 et

174 1131 289 1168 minae
308 1131 545 1181 quindecim.
604 1131 691 1168 Hoc
704 1131 833 1182 igitur,
847 1131 955 1182 quod
970 1144 1050 1169 non
1066 1131 1180 1168 simul
1200 1132 1419 1169 universum
1436 1137 1637 1182 acceptum

175 1199 248 1238 est,
267 1192 382 1230 minoe
401 1192 479 1231 fere
502 1199 595 1231 sunt
620 1193 866 1243 septuaginta
886 1198 1048 1244 septem,
1068 1193 1213 1230 reditus
1234 1193 1282 1230 de
1302 1192 1517 1243 mancipiis,
1534 1191 1640 1242 quod

174 1268 264 1293 vero
284 1255 345 1293 isti
365 1256 494 1294 statim
516 1263 765 1307 acceperunt,
784 1268 918 1306 parum
933 1256 1044 1293 abest
1062 1269 1085 1294 a
1103 1261 1268 1306 quatuor
1287 1254 1443 1293 talentis
1460 1267 1468 1292 :
1499 1254 1638 1305 quibus

176 1314 210 1353 si
225 1328 341 1353 usura
359 1316 539 1354 decennii
560 1316 722 1367 singulis
744 1316 880 1354 saltem
901 1316 1094 1354 drachmis
1116 1323 1343 1367 computata
1358 1316 1493 1354 addita
1511 1315 1640 1362 fuerit,

177 1376 382 1416 invenietis
397 1384 487 1416 octo
507 1378 589 1416 fieri
609 1377 758 1416 talenta
778 1390 866 1415 cum
887 1385 990 1416 sorte
1006 1384 1044 1415 et
1063 1378 1167 1415 mille
1187 1377 1407 1415 drachmas.
1448 1376 1643 1415 Alimonia

179 1452 290 1490 porro
319 1452 342 1477 a
361 1439 607 1490 septuaginta
627 1445 777 1490 septem
795 1439 907 1476 minis
927 1446 989 1477 est
1007 1439 1283 1490 computanda,
1308 1452 1396 1489 quae
1415 1451 1462 1475 ex
1482 1437 1641 1476 officinis

181 1500 359 1538 redeunt.
418 1500 520 1537 Nam
531 1499 784 1551 Therippides
806 1506 984 1551 septenas
1004 1501 1127 1539 minas
1147 1500 1355 1551 quotannis
1376 1500 1414 1537 in
1431 1512 1496 1538 eas
1512 1500 1644 1546 dabat,

181 1568 220 1600 et
240 1575 312 1600 nos
333 1562 531 1612 accepisse
550 1561 625 1599 hoc
646 1561 825 1599 fatemur.
882 1561 1066 1608 Proinde,
1082 1574 1171 1599 cum
1187 1561 1250 1599 isti
1268 1562 1378 1598 nobis
1395 1560 1645 1611 septuaginta

182 1625 305 1663 minas
323 1625 362 1663 in
383 1625 576 1663 officinam
593 1625 643 1663 ad
661 1624 746 1665 illos
775 1625 935 1663 alendos
968 1625 1256 1675 insumpserint,
1275 1625 1316 1662 id
1339 1625 1444 1676 quod
1468 1631 1645 1675 superest

183 1687 448 1737 septingentas
464 1687 670 1725 drachmas
691 1687 746 1724 eis
762 1699 917 1738 appono
936 1693 974 1724 et
994 1687 1056 1724 isti
1075 1686 1162 1736 plus
1177 1686 1304 1737 posui.
1361 1685 1408 1723 Id
1426 1699 1517 1723 vero
1537 1685 1644 1737 quod

184 1747 278 1785 mihi
301 1754 454 1800 sumpta
472 1747 571 1786 virili
601 1754 696 1798 toga
719 1747 963 1785 tradiderunt
989 1754 1028 1785 et
1047 1754 1235 1797 quantum
1265 1747 1490 1798 reipublicae
1516 1747 1646 1784 tributi

185 1808 339 1846 nomine
359 1808 638 1859 pependerunt,
656 1807 697 1845 id
717 1815 777 1846 est
791 1810 840 1847 ab
856 1815 945 1847 octo
961 1809 1114 1847 talentis
1135 1815 1174 1847 et
1193 1810 1241 1847 ab
1257 1822 1305 1847 eo
1324 1810 1429 1860 quod
1450 1815 1510 1847 est
1527 1822 1648 1860 appo-

186 1868 302 1906 situm
324 1869 591 1907 auferendum.
649 1869 925 1907 Reddiderunt
945 1870 1062 1921 igitur
1089 1870 1160 1908 iste
1181 1878 1219 1909 et
1238 1870 1493 1921 Therippides
1521 1871 1645 1909 minas

186 1942 305 1967 unam
324 1935 365 1967 et
382 1928 557 1980 triginta,
576 1929 708 1967 tributi
728 1930 882 1968 nomine
909 1930 1032 1968 minas
1059 1943 1101 1968 se
1129 1931 1363 1982 expendisse
1384 1931 1650 1983 duodeviginti

187 1990 490 2029 ratiocinantur:
521 2003 595 2041 ego
622 2004 711 2030 vero
741 1992 856 2030 etiam
885 1991 949 2030 hic
981 1998 1096 2030 aucto
1125 2001 1286 2031 numero
1321 1993 1460 2031 faciam
1492 1994 1652 2044 triginta

186 2051 328 2097 minas,
348 2058 392 2088 ut
421 2050 461 2088 in
489 2051 565 2089 hoc
594 2051 690 2088 nihil
720 2051 893 2090 habeant
910 2053 1016 2103 quod
1042 2054 1323 2092 contradicant.
1382 2055 1518 2104 Itaque
1543 2055 1574 2092 si
1605 2057 1652 2094 ab

186 2119 281 2151 octo
300 2112 454 2151 talentis
473 2112 664 2150 talentum
685 2113 894 2159 auferatur,
915 2119 1061 2165 septem
1082 2122 1174 2153 sunt
1199 2115 1360 2165 reliqua,
1391 2129 1512 2166 eaque
1529 2129 1575 2153 ex
1590 2117 1651 2155 his

191 2187 278 2224 quae
299 2173 497 2224 accepisse
517 2173 590 2225 ipsi
610 2187 651 2212 se
671 2174 913 2221 confitentur,
934 2188 1100 2226 quaeque
1123 2175 1220 2214 istos
1240 2176 1383 2215 habere
1402 2190 1561 2215 necesse
1581 2185 1653 2217 est.

193 2235 282 2273 Hoc
295 2235 424 2286 igitur,
444 2235 595 2273 etiamsi
612 2235 767 2286 reliquis
788 2235 966 2274 omnibus
987 2237 1214 2275 fraudarent
1228 2249 1268 2276 se
1288 2238 1430 2276 habere
1450 2246 1652 2289 negantes,

190 2295 350 2334 reddere
383 2295 650 2342 conveniebat,
680 2296 868 2347 siquidem
897 2297 1004 2335 haud
1031 2297 1178 2336 inficias
1207 2305 1301 2336 eunt
1333 2299 1399 2337 illa
1416 2300 1463 2337 de
1494 2313 1580 2338 meo
1612 2314 1654 2339 se

189 2357 405 2408 accepisse.
463 2358 580 2395 Nunc
598 2370 688 2396 vero
708 2358 800 2408 quid
819 2357 993 2396 faciunt?
1024 2358 1193 2397 Usuram
1211 2360 1389 2411 pecuniae
1404 2360 1548 2399 nullam
1564 2375 1654 2413 pro-

193 2418 335 2465 ferunt,
355 2426 576 2470 sortemque
596 2432 749 2458 omnem
778 2432 859 2457 una
883 2432 973 2457 cum
992 2421 1241 2472 septuaginta
1270 2428 1418 2472 septem
1447 2422 1559 2461 minis
1587 2437 1653 2461 ex-

191 2492 354 2530 pensam
368 2480 462 2518 mihi
479 2481 632 2519 ferunt:
662 2482 753 2532 quin
769 2481 1003 2532 Demophon
1016 2495 1085 2520 nos
1108 2482 1265 2534 insuper
1285 2483 1426 2522 debere
1445 2484 1654 2535 inscripsit.

196 2540 338 2578 Nonne
368 2542 445 2579 ista
469 2549 529 2580 est
556 2555 701 2593 magna
731 2549 771 2580 et
805 2542 965 2593 insignis
996 2543 1266 2594 impudentia?
1295 2558 1343 2582 an
1373 2545 1576 2596 quicquam
1603 2546 1654 2583 ad

193 2602 405 2640 immensas
416 2604 549 2641 sordes
562 2611 602 2641 et
613 2603 862 2655 rapacitatem
876 2605 989 2642 istam
1003 2605 1095 2643 addi
1107 2606 1246 2657 queat?
1262 2607 1365 2650 Quid
1374 2606 1530 2644 tandem
1541 2619 1655 2656 grave

195 2675 244 2701 ac
274 2663 478 2714 indignum
510 2663 716 2711 videbitur,
735 2665 766 2703 si
791 2665 864 2704 ista
882 2672 962 2704 tam
981 2666 1171 2705 immensa
1189 2675 1229 2706 et
1259 2668 1441 2705 immania
1467 2668 1599 2717 gravia
1617 2675 1656 2705 et

195 2726 357 2776 indigna
376 2739 454 2763 non
473 2726 731 2764 videbuntur?
762 2727 841 2765 Iste
861 2727 978 2779 igitur
995 2741 1064 2778 pro
1082 2741 1164 2766 sese
1187 2729 1312 2766 minas
1332 2734 1489 2765 centum
1509 2734 1548 2765 et
1565 2734 1655 2766 octo

196 2801 240 2826 se
260 2787 457 2838 accepisse
488 2788 708 2833 confitetur,
728 2801 826 2838 quas
853 2796 893 2826 et
919 2789 1023 2840 ipsas
1050 2789 1181 2836 habet,
1211 2797 1252 2827 et
1279 2789 1457 2828 decennii
1482 2801 1654 2833 usuram,

195 2861 287 2898 quae
306 2849 379 2886 tria
398 2848 564 2886 maxime
590 2849 739 2887 talenta
763 2856 802 2886 et
833 2849 936 2888 mille
969 2850 1172 2887 drachmas
1199 2850 1421 2888 conficiunt.
1479 2849 1575 2887 Haec
1593 2863 1655 2887 me

202 2921 290 2947 vere
311 2909 450 2958 dicere,
466 2916 518 2956 et,
532 2909 571 2948 in
590 2911 722 2948 tutelae
752 2910 964 2950 rationibus
993 2924 1305 2961 unumquemque
1332 2918 1482 2950 tanturn
1506 2911 1654 2949 emolu,-
