1923 3149
538 164 742 202 ORATIO
781 163 857 202 DE
887 160 1271 200 CHERSONESO.
1578 163 1628 200 83

155 279 258 312 vero,
279 265 511 313 deliberatis,
531 268 667 319 inquit,
688 280 777 306 cum
804 266 1012 304 Thebanos
1034 265 1072 302 in
1093 265 1220 303 insula
1246 265 1438 312 habeatis,
1458 277 1545 316 quae
1564 278 1625 304 ra-

155 327 209 365 tio
223 327 393 366 ineunda
411 329 551 379 quidve
572 329 767 380 agendum
787 327 867 366 sit?
895 340 974 365 non
995 339 1099 364 mare
1112 327 1336 377 implebitis,
1350 327 1623 373 Athenienses,

155 389 400 428 triremibus?
428 404 505 428 non
533 391 615 442 jam
651 390 808 441 surgitis
841 391 878 427 in
902 390 1067 427 Piraeum
1101 388 1268 426 abituri?
1300 402 1375 427 non
1400 389 1564 428 classem
1584 391 1623 429 in

156 464 263 489 mare
286 452 475 490 trahetis?
506 453 603 490 Haee
625 453 849 490 Timotheus
878 451 987 497 dixit,
1008 464 1076 489 vos
1105 450 1271 489 fecistis:
1299 464 1386 501 quae
1409 464 1495 489 cum
1516 461 1623 490 utra-

155 525 230 563 que
260 514 603 565 conjungerentur,
636 527 694 551 res
728 513 906 551 confecta
938 519 1009 551 est.
1067 511 1119 550 At
1151 512 1182 550 si
1210 512 1242 550 is
1265 525 1380 564 quarn
1401 513 1558 563 optima,
1580 522 1623 553 ut

154 579 235 610 tum
258 574 364 621 dixit,
384 576 558 621 dixisset,
585 588 653 613 vos
674 588 764 613 vero
784 574 938 625 ignavia
957 573 1131 625 impediti
1161 587 1238 611 non
1266 575 1621 625 obtemperassetis,

155 645 307 674 essetne
327 637 469 688 aliquid
486 650 619 675 eorum
639 643 783 684 actum,
797 650 884 686 quae
897 647 978 674 tum
994 636 1137 674 civitati
1153 636 1428 686 contigerunt?
1447 637 1526 674 fieri
1542 651 1621 675 non

153 703 294 747 potest.
351 698 415 736 Sic
430 699 545 749 igitur
557 698 740 749 quicquid
760 697 822 736 vel
843 711 916 748 ego
932 710 1050 743 nunc,
1065 697 1126 735 vel
1139 696 1262 747 quivis
1280 697 1376 735 alius
1391 697 1542 745 dixerit,
1558 711 1620 736 res

154 764 194 795 et
213 759 383 798 actiones
404 760 508 812 apud
526 760 783 810 vosmetipsos
803 760 1020 810 quaeritote,
1041 758 1287 798 utilissimum
1313 759 1517 798 consilium
1545 760 1620 799 sci-

154 826 263 858 enter
282 822 517 873 explicatum
537 822 642 873 apud
666 829 868 860 oratorem.

211 884 273 920 18.
305 883 383 921 Sed
403 885 467 922 ubi
486 884 700 922 orationem
719 897 845 922 meam
865 883 904 922 in
922 897 1110 923 summam
1125 890 1163 923 et
1182 885 1310 936 capita
1330 885 1510 935 quaedam
1528 885 1615 924 red-

154 957 282 995 egero,
305 945 555 984 descendam.
614 946 767 985 Censeo
786 946 903 997 igitur
921 947 1198 985 conferendam
1226 960 1313 985 esse
1332 949 1550 998 pecuniam,
1577 956 1617 987 et

154 1007 362 1046 exercitum
375 1009 457 1059 jam
477 1016 741 1059 comparatum
770 1021 857 1046 esse
884 1009 1207 1054 conservandum,
1236 1016 1354 1059 atque
1375 1009 1405 1046 si
1425 1010 1518 1060 quid
1538 1023 1616 1049 non

154 1075 257 1106 recte
276 1068 358 1107 fieri
377 1069 567 1107 videbitur
583 1069 878 1120 corrigendum3
914 1083 993 1107 non
1013 1071 1062 1107 ob
1083 1070 1254 1121 cujusvis
1273 1069 1538 1110 cavillationes
1559 1079 1616 1109 to-

154 1136 234 1166 tum
255 1129 555 1167 destruendum:
585 1130 736 1179 legatos
760 1143 1066 1180 quaquaversum
1095 1144 1180 1168 esse
1199 1131 1421 1177 mittendos,
1454 1133 1518 1183 qui
1546 1133 1616 1171 do-

152 1197 278 1237 ceant,
306 1198 502 1237 moneant,
532 1191 739 1229 conficiant
766 1191 988 1241 reipublicae
1019 1192 1204 1243 quicquid
1236 1200 1440 1243 poterunt:
1477 1201 1617 1245 praeter

152 1252 237 1290 haec
266 1253 407 1298 omnia,
435 1252 499 1304 qui
519 1253 687 1303 corrupti
707 1252 975 1303 largitionibus
1007 1253 1164 1303 negotia
1181 1253 1327 1304 perfide
1353 1263 1616 1306 corrumpunt,

151 1320 231 1351 tum
251 1314 448 1365 puniendi,
474 1321 555 1352 tum
576 1327 728 1365 semper
747 1321 787 1351 et
805 1314 948 1364 ubique
978 1314 1067 1352 odio
1087 1314 1256 1352 habendi
1284 1322 1390 1360 sunt,
1419 1323 1462 1353 ut
1482 1318 1614 1356 mode-

151 1376 222 1414 rati
241 1376 417 1415 homines
446 1383 485 1414 et
503 1376 594 1414 boni
613 1375 683 1414 viri
703 1382 806 1414 recte
827 1375 1115 1427 prudenterque
1133 1377 1253 1414 vitam
1273 1376 1501 1426 instituisse,
1530 1387 1613 1419 tum

153 1438 251 1484 aliis,
285 1445 363 1476 turn
394 1438 639 1489 sibimetipsis
658 1438 874 1476 videantur.
930 1439 1047 1480 Quod
1081 1438 1112 1476 si
1143 1438 1244 1476 hanc
1277 1439 1466 1478 rationem
1492 1441 1617 1480 secuti

153 1500 348 1551 negligere
364 1500 494 1538 omnia
506 1500 709 1546 desieritis,
727 1500 903 1547 fortasse,
915 1500 1092 1545 fortasse,
1110 1501 1266 1550 inquam,
1280 1508 1320 1539 et
1333 1502 1461 1541 adhuc
1475 1510 1618 1543 caetera

153 1560 290 1599 melius
312 1575 539 1600 successura
567 1574 654 1612 spes
686 1560 746 1599 sit.
804 1561 949 1599 Verum
983 1561 1015 1599 si
1043 1562 1286 1609 desidebitis,
1307 1564 1496 1603 hactenus
1516 1566 1617 1604 dun-

152 1629 272 1668 taxat,
289 1629 331 1661 ut
347 1623 539 1674 plaudatis
559 1630 598 1660 et
615 1622 780 1660 laudetis
800 1623 1013 1660 orationem
1031 1623 1246 1671 studentes,
1266 1638 1354 1663 curn
1369 1639 1460 1664 vero
1478 1641 1616 1678 geren-

155 1684 205 1721 da
224 1697 284 1722 res
306 1685 390 1731 erit,
410 1684 727 1736 tergiversemini‚
759 1684 904 1722 nullam
923 1684 1103 1735 equidem
1125 1685 1236 1724 video
1264 1687 1490 1736 orationem,
1512 1703 1615 1741 quae,

153 1745 455 1786 detrectantibus
482 1746 591 1786 vobis
622 1758 737 1797 agere
764 1759 852 1797 quae
883 1759 982 1798 opus
1014 1753 1117 1796 sunt,
1155 1748 1430 1800 rempublicam
1462 1764 1615 1791 servare

152 1814 287 1858 possit.
