1923 3149
757 158 832 195 DE
862 157 1104 197 CORONA.
1612 162 1684 200 193

211 257 283 296 tias
303 265 432 296 autem
454 266 569 310 atque
588 260 637 298 ad
656 259 891 301 offensiones
920 267 1074 299 mutuas
1105 263 1295 312 proclives
1326 264 1422 310 sitis,
1452 277 1524 316 ego
1543 265 1618 303 hoc
1637 273 1680 304 ut

211 332 259 356 ne
280 320 388 357 fieret
408 322 563 360 assidue
593 322 839 373 providebam
858 336 866 360 t
897 336 973 360 non
1001 323 1105 372 quod
1127 336 1214 361 mea
1240 324 1362 362 solum
1392 326 1585 364 sententia
1604 327 1675 364 du-

208 387 294 418 ctus
315 381 398 420 haec
425 384 642 421 conducere
663 384 944 429 existimabam,
965 385 1033 421 sed
1053 385 1142 434 quia
1162 385 1329 423 sciebam
1354 386 1673 437 Aristophontem

206 443 374 495 itemque
398 445 588 483 Eubulum
611 459 763 496 semper
781 446 881 483 hanc
902 446 1001 483 inter
1020 459 1089 484 vos
1120 447 1328 485 amicitiam
1357 448 1565 487 conciliare
1593 458 1675 488 stu-

207 504 348 552 duisse,
368 513 408 544 et
435 520 519 545 cum
550 507 633 545 aliis
662 508 699 544 in
722 507 837 544 rebus
858 520 1125 557 saepenumero
1151 509 1250 545 inter
1275 521 1315 546 se
1345 508 1606 556 dissentirent,
1634 512 1673 549 in

203 566 277 604 hac
308 581 504 619 nunquam
534 581 611 606 non
641 568 897 606 consensisse.
955 569 1062 611 Quos
1091 575 1133 606 tu
1162 569 1282 615 vivos,
1315 582 1337 607 0
1367 569 1508 615 bellua,
1537 571 1673 609 adula-

203 628 369 667 tionibus
388 629 610 675 sectabaris,
630 636 801 668 mortuos
826 642 904 668 non
925 637 962 668 te
982 630 1102 681 pudet
1117 631 1327 669 criminari:
1362 644 1450 669 nam
1473 645 1560 682 quae
1579 633 1672 671 mihi

202 690 253 728 de
280 690 474 728 Thebanis
493 691 640 739 objicis,
660 691 697 728 in
718 691 763 728 iis
780 691 902 729 multo
926 691 1048 742 magis
1068 691 1154 730 illos
1175 705 1292 742 quam
1318 706 1378 730 me
1408 692 1671 744 reprehendis,

201 752 267 802 qui
287 751 512 790 societatem
532 752 644 790 istam
674 759 764 790 ante
795 766 855 790 me
876 754 1151 804 approbarunt.
1199 753 1344 791 Verum
1373 753 1466 793 illuc
1496 756 1588 792 uncle
1616 757 1671 793 di-

197 827 347 864 gressus
376 827 451 851 sum
480 821 663 861 revertor,
683 814 788 867 quod
811 814 1076 865 Amphissensi
1102 803 1253 853 scilicet
1280 815 1385 853 bello
1412 815 1528 866 hujus
1555 829 1674 868 opera

199 875 408 922 concitam,
427 883 467 915 et
492 876 673 928 perfectis
693 890 760 928 per
780 876 875 914 alios
901 876 983 928 ejus
1013 876 1211 928 adjutores
1241 875 1425 915 adversus
1457 876 1670 917 Thebanos

200 937 417 983 inimicitiis,
439 938 579 977 accidit
608 945 649 976 ut
669 938 869 990 Philippus
889 952 959 976 nos
984 937 1210 985 adoriretur,
1230 941 1340 988 cujus
1360 940 1413 977 rei
1435 940 1559 991 gratia
1577 941 1670 979 civi-

203 1005 306 1038 tates
327 1000 390 1038 isti
414 1001 512 1039 inter
539 1014 579 1038 se
600 1001 884 1046 commiserunt,
905 1007 945 1039 et
973 1000 1045 1039 nisi
1063 1000 1207 1052 priores
1228 1002 1443 1052 experrecti
1463 1002 1667 1054 paululum

201 1074 387 1108 essemus,
407 1075 454 1100 ne
475 1061 686 1111 colligendi
705 1061 861 1112 quidem
881 1061 1001 1099 nostri
1022 1060 1113 1099 data
1131 1068 1236 1100 esset
1253 1062 1443 1101 facultas:
1473 1077 1521 1102 eo
1541 1075 1666 1114 usque

200 1122 262 1160 isti
282 1137 359 1160 rem
374 1123 647 1174 perduxerant.
677 1125 765 1165 Quo
782 1123 910 1160 animo
926 1129 1054 1160 autem
1069 1129 1151 1160 tum
1167 1123 1264 1160 inter
1278 1136 1348 1161 vos
1357 1123 1486 1162 affecti
1503 1124 1666 1173 fueritis,

198 1182 257 1221 his
274 1183 438 1222 decretis
459 1196 504 1222 ac
522 1184 717 1234 responsis
732 1183 886 1231 auditis,
900 1184 1155 1235 cognoscetis.
1185 1184 1270 1236 Age
1283 1197 1379 1236 cape
1392 1185 1458 1223 illa
1474 1192 1514 1224 et
1533 1186 1666 1226 recita.

768 1311 1090 1350 DECRETUM.

239 1399 394 1429 Archonte
403 1400 599 1439 Heropytho,
615 1399 728 1428 mensis
747 1397 1000 1438 Elaphebolionis
1016 1409 1105 1435 xxm,
1118 1398 1200 1428 tribu
1216 1399 1399 1429 Erectheide
1416 1400 1613 1438 praesidente,
1625 1402 1664 1431 de

194 1451 345 1480 sententia
361 1455 484 1481 senatus
502 1456 533 1480 et
548 1452 768 1488 Strategorum,
783 1449 925 1489 quoniam
943 1449 1109 1488 Philippus
1126 1448 1270 1480 finitimas
1287 1451 1376 1480 urbes
1395 1451 1468 1480 alias
1485 1452 1665 1491 occupavit,

195 1502 269 1531 alias
281 1503 422 1537 vastavit,
438 1502 568 1541 denique
582 1502 611 1531 in
631 1502 760 1531 Atticam
778 1506 865 1540 parat
882 1500 1040 1536 invadere,
1054 1511 1108 1540 pro
1130 1500 1224 1530 nihilo
1241 1501 1355 1533 ducens
1370 1502 1488 1532 soedera
1512 1503 1591 1533 inter
1606 1514 1662 1533 uos

193 1564 350 1593 percussa,
363 1554 621 1594 acjusjurandum
636 1564 720 1583 suum
734 1563 903 1593 pacemque
919 1553 1028 1582 factam
1044 1553 1164 1582 solvere
1180 1552 1326 1590 instituit,
1344 1554 1461 1593 placuit
1473 1556 1590 1585 senatui
1607 1567 1663 1595 po·

194 1605 342 1645 puloque,
359 1610 393 1635 ut
414 1605 570 1635 mittantur
587 1605 624 1634 ad
642 1615 709 1634 eum
729 1605 914 1633 caduceator
939 1609 970 1633 et
985 1603 1090 1643 legati,
1105 1604 1156 1642 qui
1173 1614 1242 1633 cum
1259 1615 1296 1634 eo
1313 1609 1414 1643 agant,
1430 1605 1661 1645 hortenturque,

194 1657 326 1686 maxime
343 1661 374 1686 ut
389 1656 582 1686 concordiam
600 1655 755 1685 nobiscum
773 1655 881 1684 factam
899 1658 1021 1684 tueatur
1045 1659 1075 1684 et
1091 1659 1253 1691 conventa,
1277 1655 1322 1685 sin
1339 1655 1449 1691 minus,
1471 1662 1504 1686 ut
1529 1657 1660 1696 spatium

193 1707 384 1737 deliberandi
401 1708 452 1738 det
477 1707 597 1737 civitati
621 1707 822 1746 induciasque
840 1706 930 1736 faeiat
956 1717 1050 1745 usqne
1075 1707 1111 1736 ad
1130 1717 1266 1736 mensem
1282 1707 1529 1747 Thargelionem.
1573 1709 1662 1740 Lecti

193 1762 264 1788 sunt
279 1769 295 1788 e
310 1763 412 1789 senatu
430 1759 529 1788 Simus
545 1758 767 1798 Anagyrmius,
784 1757 997 1796 Euthydemus
1015 1756 1183 1792 Phliasius,
1200 1757 1372 1797 Bulagaros
1389 1758 1603 1798 Alopecensis.

659 1865 828 1904 ALIUD
860 1863 1181 1903 DECRETUM.

231 1953 387 1983 Archonte
410 1952 609 1992 Heropyth0,
623 1952 738 1981 mensis
755 1950 978 1993 Munychiouis
995 1951 1044 1981 die
1071 1951 1189 1988 ultimo,
1206 1952 1244 1981 de
1270 1953 1423 1983 sententia
1442 1954 1636 1985 Polemarchi
1651 1967 1658 1984 ε

189 2004 340 2040 Quoniam
358 2003 522 2043 Philippus
539 2003 672 2033 alienare
688 2003 848 2032 Thebanos
864 2013 881 2032 a
897 2003 984 2032 nobis
1006 2003 1196 2043 aggreditur,
1218 2008 1249 2033 et
1271 2014 1340 2034 cum
1358 2005 1502 2036 universo
1518 2006 1659 2037 exercitu

187 2056 219 2085 in
235 2055 366 2085 maxime
384 2055 486 2084 vicina
502 2055 611 2084 Atticae
625 2054 744 2094 ingredi
760 2057 846 2093 parat
861 2053 940 2090 loca,
955 2054 1105 2093 neglectis
1123 2065 1191 2093 quae
1215 2054 1296 2084 inter
1311 2065 1367 2085 nos
1384 2063 1454 2086 sunt
1478 2057 1659 2094 soederibus,

187 2106 304 2146 placuit
321 2106 438 2136 senatui
453 2106 641 2145 populoque,
654 2111 687 2135 ut
700 2105 859 2135 mittantur
874 2106 910 2134 ad
928 2116 996 2135 eum
1012 2106 1196 2136 caduceator
1211 2110 1242 2135 et
1256 2107 1364 2145 legati,
1382 2107 1435 2148 qui
1451 2114 1556 2148 petant
1572 2120 1658 2140 eum-

186 2167 245 2198 que
258 2157 419 2187 hortentur
435 2162 469 2187 ut
484 2157 624 2187 inducias
639 2156 742 2192 faciat,
755 2167 815 2195 quo
828 2156 964 2197 populus
980 2157 1081 2195 quoad
1097 2157 1163 2195 ejus
1180 2157 1245 2186 fieri
1258 2158 1372 2196 poterit
1388 2159 1536 2190 deliberet
1552 2171 1559 2189 ε
1576 2171 1656 2192 nunc

184 2208 264 2237 enim
276 2219 332 2237 non
342 2208 464 2238 censuit
476 2209 522 2237 vel
537 2208 692 2238 mediocre
709 2207 830 2247 quidem
849 2207 995 2237 auxilium
1009 2208 1087 2237 ferre
1102 2217 1134 2237 se
1148 2213 1303 2246 oportere.
1326 2209 1413 2238 Lecti
1428 2214 1498 2240 sunt
1514 2220 1531 2239 e
1545 2217 1654 2242 senatu

184 2260 344 2290 Nearchus
359 2259 513 2290 Sosinomi
529 2259 562 2295 f„
580 2259 761 2298 Polycrates
774 2257 972 2297 Epiphronis‚
987 2262 1017 2287 et
1031 2258 1218 2289 caduceator
1233 2260 1388 2289 Eunomus
1400 2260 1624 2301 Anaphlystius
1637 2273 1655 2294 e

184 2310 285 2351 plebe.

186 2394 325 2434 Recita
332 2396 413 2447 jam
429 2404 469 2436 et
481 2411 681 2449 responsa.

465 2508 804 2548 RESPONSUM
833 2509 908 2547 AD
939 2508 1347 2550 ATHENIENSES.

226 2594 295 2623 Rex
313 2594 516 2624 Macedonum
535 2595 694 2636 Philippus
709 2595 828 2625 senatui
839 2596 1015 2636 populoque
1029 2595 1212 2626 Atheniensi
1225 2596 1257 2626 S.
1270 2597 1338 2634 Qua
1351 2607 1424 2636 erga
1437 2607 1493 2627 nos
1509 2599 1546 2627 ab
1561 2597 1649 2629 initio

182 2644 340 2675 voluntate
355 2645 483 2680 fueritis,
496 2656 554 2675 non
571 2646 691 2686 ignoro,
706 2651 878 2687 quantoque
896 2647 998 2677 studio
1015 2647 1246 2677 elaboraveritis
1256 2653 1289 2677 ut
1303 2649 1469 2678 Thessalos
1483 2653 1513 2677 et
1529 2649 1649 2679 Theba-

179 2708 250 2734 nos,
273 2704 363 2737 atque
379 2698 470 2728 etiam
488 2699 626 2736 Boeotos,
641 2700 679 2729 ad
696 2710 751 2729 vos
772 2699 951 2730 alliceretis.
975 2700 1017 2729 At
1033 2709 1101 2728 cum
1130 2699 1287 2738 cepissent
1305 2700 1352 2729 illi
1371 2699 1491 2729 saniora
1518 2700 1649 2731 consilia

178 2761 278 2790 neque
288 2750 376 2780 vobis
387 2750 565 2779 submittere
578 2750 873 2789 voluissentjudicia
884 2761 951 2786 sua,
962 2750 1016 2780 sed
1027 2750 1057 2779 in
1071 2750 1213 2780 utilitatis
1226 2760 1287 2779 suae
1300 2750 1438 2789 partibus
1452 2750 1650 2788 mansissent,

179 2812 237 2832 vos
253 2813 331 2832 nunc
347 2807 461 2832 mutata
478 2801 640 2837 sententia,
657 2802 759 2832 missis
775 2803 813 2832 ad
830 2812 878 2832 me
891 2803 1002 2841 legatis
1019 2812 1054 2831 ac
1076 2801 1249 2837 fecialibus,
1265 2801 1413 2830 foederum
1431 2801 1602 2831 admonetis
1617 2808 1648 2832 et

177 2851 315 2883 inducias
335 2853 400 2882 fieri
416 2852 532 2892 petitis,
550 2852 630 2882 nulla
651 2863 776 2891 prorsus
789 2853 900 2891 injuria
916 2864 932 2882 a
943 2864 991 2883 me
1005 2852 1119 2882 affecti.
1151 2853 1217 2890 Ego
1235 2861 1320 2886 vero,
1335 2851 1446 2881 auditis
1463 2851 1574 2891 legatis
1590 2864 1646 2884 ve-

179 2905 265 2942 stris,
279 2904 427 2935 assentior
439 2905 602 2945 postulatis
617 2908 648 2933 et
664 2904 803 2934 inducias
817 2906 918 2935 facere
930 2910 1055 2944 paratus
1069 2915 1147 2939 sum,
1164 2903 1188 2932 si
1203 2903 1293 2932 modu
1304 2913 1357 2932 ecs
1370 2902 1422 2941 qui
1436 2904 1525 2934 vohis
1540 2914 1646 2944 parum

177 2960 259 2986 recte
274 2956 435 2994 consulunt
449 2956 624 2986 amandatos
641 2966 677 2985 ea
692 2966 751 2995 qua
767 2955 851 2995 digni
868 2961 939 2985 sunt
950 2956 1119 2995 ignominia
1135 2954 1333 2984 mulctabitis.
1362 2954 1483 2986 valete.

878 3008 945 3043 20
