1923 3149
251 160 330 197 480
766 156 822 194 lN
853 155 1121 194 APHOBUM
1155 156 1185 193 1.

250 260 369 298 menti
401 273 442 297 se
472 258 666 310 accepisse
687 260 949 305 confitentem,
990 259 1209 296 universum
1240 269 1448 309 expensum
1478 257 1568 294 mihi
1603 258 1697 295 serre

250 321 304 360 uti
323 327 488 367 constet,
508 321 644 372 accipe
663 321 882 359 testimonia
899 327 937 359 et
955 319 1087 359 recita.

797 468 1148 509 TESTIMONIA.

306 566 367 603 10.
397 564 569 602 Arbitror
583 563 710 615 igitur,
730 564 905 612 Judices,
926 565 1030 616 quod
1050 565 1100 603 ad
1120 565 1204 603 haec
1224 563 1374 610 attinet,
1394 577 1462 602 vos
1483 563 1574 601 satis
1590 563 1697 602 intel-

248 626 404 673 lexisse,
423 631 506 664 tum
523 637 639 676 quam
654 624 775 663 multa
793 626 977 674 furentur,
998 634 1080 664 tum
1099 626 1237 677 quibus
1257 625 1368 664 malis
1399 625 1544 663 artibus
1566 637 1698 663 eorum

245 687 512 738 unusquisque
543 693 692 724 utatur:
722 693 840 737 atque
866 687 952 726 haec
981 688 1260 739 cognovissetis
1293 687 1526 732 accuratius,
1545 686 1576 724 si
1608 685 1699 723 mihi

247 753 522 785 testamentum
542 759 565 784 a
583 753 689 797 patre
708 747 883 786 relictum
902 747 965 785 isti
989 747 1150 786 reddere
1169 748 1395 786 voluissent.
1452 747 1554 785 Nam
1575 747 1612 784 in
1632 746 1698 783 illo

246 807 456 858 perscripta
474 807 645 854 fuerunt,
667 814 710 845 ut
728 821 815 847 mea
832 815 956 847 mater
969 808 1146 855 affirmat,
1161 807 1291 846 omnia
1305 821 1392 858 quae
1407 814 1518 859 pater
1533 807 1697 858 reliquit,

246 874 284 905 et
301 867 406 906 unde
427 868 556 919 legata
587 867 669 906 istis
697 869 937 920 accipienda,
964 875 1003 908 et
1034 870 1168 920 quanti
1196 869 1334 907 domus
1363 875 1468 906 esset
1495 868 1698 906 elocanda.

245 929 361 967 Nunc
381 942 440 967 me
460 929 612 967 tabulas
633 936 873 980 reposcente,
897 930 1050 968 relictas
1071 942 1160 967 esse
1177 930 1347 967 fatentur
1365 929 1419 966 illi
1439 928 1607 979 quidem,
1628 929 1698 967 sed

245 1002 311 1027 eas
331 1003 407 1027 non
426 991 638 1041 proferunt.
694 990 860 1028 Faciunt
878 996 1008 1029 autem
1026 990 1113 1036 hoc,
1135 997 1216 1027 tum
1237 990 1327 1041 quia
1346 997 1499 1041 quantae
1513 1002 1604 1041 opes
1623 990 1700 1028 sint

244 1051 401 1096 relictae,
421 1064 518 1101 quas
548 1051 623 1102 ipsi
642 1051 892 1102 diripuerunt,
922 1051 1051 1103 palam
1075 1051 1200 1089 facere
1219 1051 1370 1097 nolunt,
1389 1058 1470 1089 tum
1489 1064 1536 1089 ne
1555 1051 1698 1089 habere

245 1113 374 1163 legata
390 1113 603 1160 videantur,
634 1114 739 1165 quod
759 1113 927 1164 alioquin
945 1114 1030 1165 ipsa
1051 1126 1090 1151 re
1105 1112 1217 1151 facile
1230 1114 1559 1152 convincerentur.
1589 1112 1697 1163 Cape

244 1175 465 1213 testimonia
488 1175 685 1225 quomodo
705 1175 990 1226 responderint,
1011 1187 1058 1212 ac
1074 1175 1205 1213 recita.

791 1317 1145 1357 TESTIMONIA.

245 1412 321 1450 Hic
349 1418 620 1450 testamentum
650 1425 738 1450 esse
770 1413 915 1451 factum
935 1414 999 1458 ait,
1021 1420 1059 1451 et
1089 1413 1169 1451 duo
1196 1414 1345 1450 talenta
1367 1412 1626 1463 Demophonti
1657 1418 1697 1450 et

245 1473 446 1523 octoginta
475 1473 603 1510 minas
629 1472 692 1510 isti
719 1485 805 1511 esse
826 1474 940 1511 datas
968 1479 1156 1512 testatur-z
1187 1473 1257 1511 sed
1289 1473 1538 1524 septuaginta
1557 1472 1694 1517 minas,

240 1546 341 1584 quas
362 1533 618 1586 Therippides
648 1535 850 1585 acceperit,
871 1541 914 1573 ut
938 1542 978 1573 et
1006 1547 1193 1575 summam
1224 1535 1368 1573 relietae
1394 1534 1639 1582 haeredstafis,
1657 1541 1697 1571 et

243 1608 321 1645 quo
339 1602 454 1646 pacto
473 1595 612 1633 domus
631 1595 822 1634 elocanda
846 1596 908 1642 sit,
938 1596 1175 1648 adscriptum
1200 1609 1284 1634 esse
1304 1602 1435 1647 negat.
1492 1596 1576 1634 Nec
1594 1594 1694 1634 enim

237 1656 277 1694 ei
295 1656 451 1707 expedit
469 1656 553 1695 haec
569 1656 685 1695 etiam
704 1657 892 1698 confiteri.
949 1658 1059 1709 Cape
1076 1665 1114 1695 et
1135 1658 1246 1696 istius
1264 1657 1536 1696 testimonium.

789 1801 1146 1840 TESTIMONIA.

244 1895 320 1932 Hic
340 1895 465 1945 ipsum
491 1895 650 1944 quidem
678 1901 955 1933 testamentum
980 1908 1065 1933 esse
1084 1896 1227 1932 factum
1246 1894 1398 1939 asserit,
1417 1901 1461 1931 ut
1492 1899 1693 1944 argentm

237 1955 290 1993 ‚de
315 1968 389 1993 aere
410 1962 449 1993 et
468 1955 570 2006 galla
590 1955 792 1992 redactum
812 1955 1056 2005 Therippidae
1070 1954 1307 2001 redderetur,
1327 1955 1431 2005 quod
1450 1954 1483 1992 is
1504 1960 1635 2004 negat,
1655 1960 1694 1991 et

238 2016 319 2054 duo
338 2016 485 2054 talenta
506 2016 795 2066 Demophonti:
825 2016 872 2054 de
902 2017 961 2054 his
982 2029 1072 2054 vero
1091 2029 1178 2066 quae
1200 2015 1271 2053 sibi
1291 2016 1383 2053 data
1408 2015 1485 2053 sint
1509 2015 1694 2065 scriptum

241 2077 397 2127 quidem
418 2090 502 2115 esse
523 2078 587 2123 ait,
609 2091 650 2115 se
670 2090 761 2115 vero
781 2078 1027 2115 consensisse
1048 2084 1177 2128 negat,
1199 2083 1241 2114 ut
1265 2090 1314 2115 ne
1341 2077 1534 2128 accepisse
1561 2077 1693 2114 videa-

242 2145 315 2176 tur.
346 2139 542 2182 Quantum
558 2146 686 2176 autem
701 2152 819 2190 opum
837 2139 1010 2176 relictum
1030 2139 1145 2176 fuerit
1159 2138 1232 2176 iste
1249 2138 1404 2176 omnino
1418 2151 1495 2175 non
1508 2137 1694 2183 declarat,

242 2213 288 2239 ac
307 2214 354 2238 ne
369 2201 507 2238 domus
523 2200 679 2250 quidem
709 2200 964 2238 elocationem
982 2213 992 2238 t
1020 2213 1108 2238 nam
1128 2213 1176 2237 ne
1201 2200 1235 2237 ei
1254 2200 1410 2250 quidem
1430 2199 1590 2250 expedit
1607 2198 1693 2236 haec

240 2275 395 2312 quoque
415 2263 600 2300 confiteri.

300 2325 360 2361 ll.
392 2323 650 2361 Nihilominus
667 2329 795 2360 tamen
822 2322 1034 2374 amplitudo
1049 2322 1286 2360 haereditatis
1306 2329 1367 2360 est
1385 2321 1558 2365 evidens,
1570 2333 1694 2371 quan-

238 2396 355 2433 quam
381 2383 444 2420 isti
470 2397 550 2421 rem
577 2384 800 2421 familiarem
820 2383 1077 2427 dissimulant,
1097 2396 1144 2420 ex
1175 2390 1420 2427 testamento,
1441 2395 1519 2432 quo
1544 2388 1692 2423 tantam

240 2444 312 2483 sibi
332 2445 537 2495 pecuniam
556 2445 723 2496 legatam
739 2458 825 2483 esse
843 2445 1005 2483 invicem
1026 2446 1264 2483 confirmant.
1324 2444 1401 2487 Qui
1416 2445 1515 2481 enim
1535 2444 1582 2481 de
1598 2457 1693 2494 qua—

240 2515 326 2545 tuor
344 2506 500 2544 talentis
516 2513 554 2543 et
573 2514 630 2544 ter
649 2507 751 2544 mille
767 2506 973 2551 drachmis,
990 2507 1062 2544 tria
1080 2507 1227 2544 talenta
1245 2513 1284 2544 et
1293 2506 1351 2543 bis
1368 2505 1473 2542 mille
1489 2504 1691 2542 drachmas

238 2567 373 2605 dotem
393 2567 521 2605 alteris
541 2567 662 2613 dedit,
682 2568 791 2605 alteri
825 2567 1070 2619 septuaginta
1094 2568 1281 2605 minarum
1309 2566 1605 2611 usumfructum,
1625 2578 1692 2603 ne-

239 2629 333 2667 mini
352 2630 526 2680 profecto
546 2630 751 2667 obscurum
780 2636 852 2675 est,
872 2643 960 2667 eum
980 2643 1058 2667 non
1080 2630 1127 2667 de
1148 2630 1275 2679 parvis
1302 2629 1453 2680 opibus,
1475 2627 1544 2666 sed
1566 2628 1614 2665 de
1645 2627 1690 2664 iis

240 2704 337 2741 quas
357 2691 445 2728 mihi
467 2691 619 2741 reliquit
632 2690 751 2741 duplo
772 2691 993 2741 majoribus,
1008 2690 1072 2728 illa.
1090 2691 1312 2728 detraxisse.
1345 2689 1427 2727 Nec
1447 2689 1546 2727 enim
1560 2689 1691 2738 utique

239 2766 301 2790 me
329 2753 447 2790 filium
472 2765 678 2803 pauperem
700 2752 822 2790 voluit
841 2752 1070 2802 relinquere,
1093 2752 1185 2790 istos
1211 2764 1315 2797 vero,
1343 2751 1408 2801 qui
1441 2757 1532 2788 ante
1553 2749 1689 2787 divites

239 2813 409 2858 fuerunt,
430 2814 552 2863 magis
573 2814 687 2851 etiam
707 2812 1008 2862 collocupletare
1029 2813 1148 2850 voluit
1165 2826 1174 2849 ;
1205 2812 1274 2850 sed
1294 2819 1450 2862 propter
1469 2822 1584 2861 opum
1599 2809 1690 2846 mihi

238 2876 457 2914 relictarum
478 2877 728 2922 affluentiam,
753 2883 834 2914 tum
854 2875 884 2912 T
889 2875 1097 2926 herippidae
1127 2882 1277 2913 tantum
1305 2873 1469 2924 argenti,
1501 2879 1581 2910 tum
1610 2872 1688 2909 De-
