1923 3149
282 97 352 137 164
818 100 890 138 DE
921 101 1163 139 CORONA.

279 199 536 240 adversarium
560 204 767 242 consulatis
786 217 860 254 quo
885 217 957 255 ego
981 203 1095 241 modo
1115 202 1184 239 sim
1205 198 1714 249 audiendus—asperrimum

281 274 372 300 sane
393 262 431 300 id
449 262 612 311 foret—,
630 265 698 303 sed
712 265 819 316 leges
832 273 870 303 et
883 263 1166 316 jusjurandum,
1191 262 1228 299 in
1250 274 1325 312 quo
1347 267 1483 311 praeter
1501 259 1575 297 alia
1594 258 1716 296 multa

280 323 469 374 aequitatis
483 326 598 376 plena
616 326 710 364 illud
726 340 877 377 quoque
907 325 1141 376 descriptum
1165 331 1237 369 est,
1252 322 1389 374 pariter
1408 327 1607 372 utrumque
1631 333 1714 358 esse

280 384 527 424 audiendum.
552 387 666 431 Quod
687 401 763 424 non
776 387 874 425 hanc
890 386 1002 424 modo
1015 386 1087 423 vim
1103 384 1221 422 habet
1233 384 1377 421 nullam
1390 394 1474 420 esse
1491 381 1715 433 praejudica-

279 453 356 483 tam
370 447 586 497 opinionem
599 447 844 494 afferendam‚
859 454 925 486 aut
936 461 1006 498 par
1017 446 1165 497 utrique
1179 446 1346 484 studium
1363 442 1635 495 praestandum,
1647 441 1714 479 sed

280 513 451 545 actorum
472 510 609 559 cuique
642 523 728 546 enm
761 509 931 546 ordinem
951 521 1112 558 eamque
1133 506 1365 545 defensionis
1384 505 1583 551 rationem,
1601 515 1715 552 quam

280 568 361 618 ipse
379 568 538 607 voluerit
556 576 671 619 atque
693 569 889 620 delegerit,
905 582 990 606 esse
1006 568 1311 619 permittendam.

335 630 371 666 2.
402 629 499 667 Cum
519 629 648 668 multis
669 630 782 679 igitur
801 630 912 667 rebus
934 629 1112 668 AEschine
1132 642 1216 667 sum
1237 628 1275 665 in
1303 629 1375 665 hac
1394 626 1635 665 contentione
1660 626 1716 662 in-

280 688 405 734 ferior,
437 698 518 727 tum
550 690 698 729 duabus
728 690 980 729 Athenienses
999 690 1231 742 permagnis.
1289 689 1386 734 Una,
1406 688 1508 739 quod
1538 700 1616 725 non
1638 685 1718 737 pari

282 748 330 786 de
351 762 389 787 re
406 763 493 788 cum
524 749 597 788 isto
626 751 664 788 in
697 750 900 790 discrimen
931 751 1056 790 venio.
1114 751 1248 802 Neque
1266 751 1364 788 enim
1384 749 1483 787 idem
1504 747 1595 785 mihi
1616 760 1718 784 nunc

280 816 340 848 est
357 818 486 850 vestra
502 812 771 851 benevolentia
785 813 972 859 excidere,
993 820 1108 864 atque
1123 812 1183 851 isti
1203 824 1358 850 causam
1374 824 1449 847 non
1466 816 1608 853 tenere,
1626 809 1716 858 quin

280 871 372 909 mihi
391 874 668 923 quidem—sed
683 875 772 912 nolo
791 875 994 926 quicquam
1011 874 1118 912 initio
1134 873 1284 912 dicendi
1298 871 1505 910 ominosius
1517 869 1691 920 proloqui
1707 882 1716 911 ;

278 931 333 969 illi
354 946 679 984 supervacaneum
695 941 754 972 est
769 947 828 972 me
848 947 1042 973 accusare.
1101 933 1249 978 Altera,
1265 932 1369 982 quod
1399 930 1619 968 mortalibus
1638 941 1715 966 om-

282 993 393 1031 nibus
425 1002 561 1033 natura
588 995 742 1033 insitum
770 1003 829 1034 est
854 1003 897 1033 ut
922 994 1101 1033 conviciis
1129 992 1528 1042 criminationibusque
1558 991 1718 1028 libenter

282 1067 392 1092 aures
408 1055 618 1101 advertant,
633 1056 677 1094 iis
697 1064 823 1095 autem
841 1056 905 1107 qui
932 1070 972 1094 se
991 1056 1063 1107 ipsi
1090 1055 1246 1093 laudent
1276 1053 1531 1092 offendantur.
1585 1051 1642 1088 Ex
1661 1051 1719 1088 his

281 1115 397 1166 igitur
414 1118 518 1167 quod
537 1117 720 1169 voluptati
739 1125 810 1164 est,
830 1118 866 1155 id
890 1118 952 1155 isti
971 1117 1106 1155 datur:
1139 1116 1242 1167 quod
1261 1115 1436 1153 omnibus
1470 1127 1565 1164 pene
1591 1113 1716 1150 dicam

280 1176 481 1215 molestum
504 1179 656 1228 accidit,
675 1179 766 1216 mihi
787 1186 846 1217 est
863 1179 1051 1217 relictum.
1106 1177 1220 1221 Quod
1240 1176 1270 1213 si
1293 1176 1383 1213 dum
1407 1175 1491 1212 haee
1513 1186 1642 1212 vereor
1662 1180 1717 1211 at·

280 1250 353 1287 que
373 1238 493 1289 fugio,
522 1253 580 1278 res
599 1253 623 1278 a
642 1253 701 1278 me
722 1247 850 1291 gestas
879 1254 955 1278 non
982 1251 1251 1283 commemoro,
1272 1250 1342 1275 nec
1361 1236 1477 1274 allata
1503 1236 1541 1273 in
1569 1248 1626 1272 me
1646 1235 1716 1272 cri-

282 1298 384 1337 mina
398 1313 512 1351 posse
543 1301 712 1339 refellere
732 1302 903 1347 videbor,
925 1314 1049 1352 neque
1080 1313 1147 1338 cur
1173 1300 1318 1337 honore
1348 1298 1506 1348 dignum
1535 1310 1594 1334 me
1627 1310 1717 1343 een-

283 1372 387 1398 seam
415 1363 616 1401 ostendere
633 1377 642 1402 :
674 1364 732 1401 sin
751 1377 810 1401 me
832 1364 881 1402 ad
897 1377 944 1402 ea
959 1377 1046 1414 quae
1065 1361 1140 1399 feci
1159 1373 1320 1411 quaeque
1341 1359 1441 1410 gessi
1460 1359 1497 1396 in
1526 1357 1720 1408 republica

283 1422 489 1470 conferam,
509 1438 767 1476 saepenumero
786 1438 901 1476 cogar
919 1425 999 1476 ipse
1019 1424 1067 1461 de
1086 1436 1146 1460 me
1165 1423 1304 1460 dicere.
1361 1421 1552 1463 Quocirca
1569 1419 1720 1457 dabitur

282 1494 305 1518 a
325 1494 383 1519 me
403 1496 514 1532 opera
533 1492 576 1523 ut
597 1486 636 1523 id
656 1500 771 1537 quam
802 1486 1082 1524 modestissime
1111 1484 1247 1521 faciam
1264 1496 1273 1520 :
1305 1482 1484 1532 quicquid
1512 1488 1637 1518 autem
1657 1493 1719 1518 res

280 1542 364 1594 ipsa
380 1543 508 1582 dicere
528 1549 706 1598 coegerit,
723 1550 836 1597 hujus
859 1549 930 1587 iste
961 1548 1112 1599 culpam
1132 1545 1264 1582 merito
1287 1543 1489 1581 sustinebit
1507 1543 1571 1593 qui
1591 1542 1721 1580 istius-

281 1604 384 1642 modi
398 1612 589 1643 certamen
611 1607 827 1649 instituerit.

335 1667 371 1703 3.
399 1665 571 1704 Arbitror
596 1675 732 1716 autem,
758 1672 922 1721 judices,
954 1683 1022 1710 vos
1055 1681 1188 1709 omnes
1216 1669 1460 1708 confessuros
1478 1678 1718 1704 communem

281 1739 366 1764 esse
393 1726 492 1766 hanc
512 1740 669 1765 causam
698 1736 736 1766 et
759 1732 847 1769 mihi
879 1741 917 1770 et
941 1733 1196 1784 Ctesiphonti,
1216 1744 1338 1781 neque
1358 1729 1491 1766 minori
1520 1728 1557 1765 in
1586 1728 1658 1765 hac
1678 1741 1718 1765 re

281 1787 372 1825 mihi
387 1801 482 1838 opus
500 1802 583 1826 esse
603 1789 742 1827 studio.
798 1790 897 1828 Nam
917 1807 1002 1831 cum
1023 1807 1252 1844 quacunque
1271 1806 1310 1829 re
1329 1790 1465 1841 privari
1484 1802 1597 1840 grave
1616 1789 1663 1826 sit
1682 1796 1721 1826 et

280 1850 471 1895 acerbum,
501 1851 548 1887 ab
580 1850 730 1887 inimico
749 1854 980 1900 praesertim3
1008 1862 1087 1892 tum
1118 1868 1207 1892 vero
1234 1851 1500 1891 benevolentia
1524 1857 1650 1887 vestra
1681 1856 1720 1887 et

279 1910 516 1948 humanitate
535 1911 682 1959 spoliari
702 1917 810 1948 tanto
829 1917 882 1947 est
902 1914 1191 1961 molestissimum,
1205 1922 1348 1965 quanto
1363 1912 1519 1950 easdem
1538 1910 1719 1961 consequi

279 1980 336 2010 cst
354 1973 644 2024 amplissimum.
702 1973 799 2010 Cum
819 1973 869 2010 sit
888 1973 999 2023 igitur
1014 1974 1115 2012 hisce
1130 1977 1178 2012 de
1191 1977 1303 2013 rebus
1318 1973 1511 2011 contentio
1531 1972 1717 2017 instituta,

282 2047 347 2071 vos
367 2048 499 2072 omues
519 2047 585 2072 oro
606 2040 718 2084 atque
736 2035 918 2079 obtestor,
937 2043 980 2071 ut
1012 2048 1072 2071 me
1100 2048 1205 2085 aeque
1225 2036 1437 2085 pariterque
1465 2032 1630 2071 audiatis
1649 2032 1719 2070 cri-

282 2095 443 2133 minibus
475 2097 511 2132 in
540 2109 592 2132 me
625 2096 746 2132 allatis
770 2096 872 2145 juste
905 2095 1215 2144 respondentem,
1236 2095 1427 2145 quomodo
1447 2094 1551 2144 leges
1564 2094 1718 2141 jubent,

279 2169 374 2206 quas
396 2156 456 2207 qui
478 2170 501 2194 a
521 2156 705 2206 principio
727 2156 813 2193 tulit
833 2155 962 2201 Solon,
983 2155 1038 2192 vir
1055 2157 1169 2192 vestri
1197 2170 1328 2194 amans
1349 2169 1393 2193 ac
1414 2154 1622 2205 popularis,
1640 2166 1716 2191 non

282 2217 554 2267 perscriptione
585 2224 732 2256 tantum
755 2224 854 2254 ratas
879 2230 963 2254 esse
984 2216 1133 2254 censuit
1151 2222 1338 2266 oportere,
1366 2216 1434 2253 sed
1452 2223 1490 2253 et
1508 2221 1633 2252 vestro
1654 2214 1718 2265 qui

273 2278 425 2327 judices
440 2279 530 2315 estis
545 2279 793 2330 jurejurando
813 2279 1003 2321 firnratas;
1035 2291 1110 2315 non
1136 2277 1240 2327 quod
1258 2276 1379 2320 vobis,
1397 2284 1437 2313 ut
1455 2276 1543 2313 mihi
1563 2276 1716 2326 quidem

281 2339 440 2385 videtur,
461 2339 658 2384 diffideret,
695 2339 760 2377 sed
789 2340 968 2390 quoniam
992 2338 1248 2390 perspiciebat
1273 2337 1553 2375 criminationes
1587 2345 1626 2374 et
1652 2351 1715 2376 ca—

281 2400 440 2437 lumnias
457 2413 534 2446 eas,
553 2401 690 2450 quibus
719 2407 920 2438 accusator
939 2399 1042 2450 quod
1060 2398 1221 2449 priorem
1239 2397 1390 2435 dicendi
1409 2398 1533 2435 locum
1555 2399 1718 2436 obtinuit

281 2461 449 2511 superior
478 2468 549 2505 est,
572 2474 634 2498 reo
663 2468 894 2499 antevertere
927 2467 959 2497 ct
981 2461 1118 2497 rim-ere
1138 2473 1213 2496 non
1238 2459 1362 2504 licere,
1382 2458 1451 2495 nisi
1477 2459 1635 2510 quisque
1654 2474 1715 2498 ve-

280 2528 398 2559 strum
426 2523 488 2572 qui
510 2521 660 2572 judices
692 2523 840 2566 sedetis,
872 2522 1028 2559 deorum
1060 2520 1323 2558 immortalium
1353 2519 1532 2569 religione
1553 2528 1715 2567 servata,

280 2589 360 2620 turn
380 2582 459 2633 ejus
478 2584 542 2633 qui
562 2583 766 2633 posteriorc
794 2584 877 2620 loco
910 2583 1011 2620 dicat
1041 2582 1324 2619 excusationem
1341 2581 1521 2618 benevole
1541 2581 1714 2631 accipiet,

279 2651 357 2681 tum
377 2651 626 2694 posteaquam
655 2657 695 2681 sc
726 2657 852 2695 parem
883 2657 1196 2693 communemque
1217 2644 1366 2693 utrique
1387 2642 1588 2692 praebuerit
1606 2642 1713 2679 audi-

281 2713 414 2746 torem,
431 2706 483 2742 ita
501 2705 653 2742 demum
670 2706 717 2742 de
734 2706 911 2743 universa
929 2705 992 2742 lite.
1006 2705 1190 2755 judicium
1213 2706 1317 2742 feret.

334 2770 370 2803 4.
401 2768 541 2804 Verum
571 2767 724 2818 quando
755 2767 843 2804 mihi
872 2767 1055 2804 hodierno
1086 2767 1158 2810 die,
1180 2767 1232 2803 uti
1254 2767 1414 2810 videtur,
1432 2773 1470 2802 et
1489 2765 1603 2802 totius
1622 2765 1710 2802 vitae

282 2828 451 2876 privatim
473 2836 567 2866 actae
589 2836 625 2865 et
646 2842 763 2866 reruni
784 2829 933 2879 publice
955 2835 1145 2877 gestarum
1177 2827 1369 2865 reddenda
1391 2826 1483 2864 ratio
1502 2833 1573 2872 est,
1587 2825 1716 2876 placet
