1923 3149
262 133 336 172 180
800 134 877 173 DE
905 133 1149 172 CORONA.

258 247 343 273 esse
361 235 504 286 possit?
532 248 600 274 vos
617 236 681 287 qui
701 237 820 275 multa
838 244 876 275 et
895 237 1046 288 quidem
1067 236 1200 274 merito
1219 235 1268 273 de
1293 235 1366 272 illis
1385 234 1491 284 queri
1509 235 1692 285 poteratis

257 304 410 346 propter
423 308 468 334 ea
479 309 564 347 quae
581 298 835 348 superioribus
856 298 1087 348 temporibus
1105 297 1142 334 in
1161 309 1227 334 vos
1248 295 1497 345 deliquerant,
1516 308 1592 333 non
1612 307 1693 332 mo-

260 356 310 394 do
324 357 534 407 praeteritas
559 358 711 409 injurias
739 372 811 396 non
845 359 1032 396 recordari
1064 371 1187 408 neque
1217 356 1390 394 homines
1418 355 1552 406 injuria
1581 355 1694 392 laesos

259 417 437 456 deserere
468 420 535 457 sed
568 421 682 458 etiam
714 433 937 458 conservare
967 418 1223 457 cernebamini
1239 431 1248 455 ε
1279 430 1327 454 ex
1354 417 1491 467 quibus
1524 417 1694 467 gloriam,

258 479 579 527 benevolentiam,
596 481 777 519 honorem
796 481 896 532 apud
916 494 1047 518 omnes
1065 480 1155 518 estis
1176 479 1356 517 assecuti.
1413 478 1536 527 Atqui
1555 478 1696 515 multos

253 539 335 589 jam
353 553 399 578 ex
418 541 460 578 iis
478 542 542 592 qui
561 543 598 579 in
617 542 810 592 republica
827 542 966 579 versati
982 548 1072 579 sunt
1086 540 1236 578 coronis
1249 552 1334 576 esse
1353 552 1375 576 a
1393 539 1499 576 vobis
1519 539 1698 585 donatos,

259 609 401 640 norunt
413 616 546 641 omnes
564 617 573 640 :
601 604 711 654 cujus
730 616 818 641 vero
847 603 941 641 alius
973 616 1089 654 opera
1114 602 1245 640 civitas
1265 602 1348 651 ipsa
1365 613 1545 639 coronam
1564 612 1699 638 conse—

260 670 350 701 cuta
369 663 429 709 sit,
451 664 653 702 consiliarii
683 666 835 715 inquam
860 672 898 702 et
917 665 1092 710 oratoris,
1120 671 1374 715 praeterquam
1393 675 1491 709 mea,
1511 674 1623 700 nemo
1643 668 1702 699 est

263 726 326 774 qui
341 726 509 776 proferre
522 732 649 776 queat.

313 786 377 821 28.
412 786 464 823 Ut
493 787 608 837 igitur
636 794 674 825 et
700 787 917 830 maledicta,
944 799 1029 836 quae
1063 786 1134 823 iste
1165 786 1201 822 in
1233 785 1400 822 Euboeos
1429 789 1467 820 et
1492 784 1700 834 Byzantios

261 844 409 892 effutiit,
429 860 514 884 cum
536 847 661 898 siquid
680 847 776 885 forte
796 847 966 898 asperius
987 848 1034 884 ab
1055 846 1129 883 illis
1151 853 1284 883 contra
1302 858 1370 882 nos
1386 851 1512 881 actum
1532 845 1580 881 sit
1596 857 1700 881 com-

261 908 507 953 memorabat,
527 920 649 946 meras
674 920 754 945 esse
783 907 995 945 calumnias
1020 906 1235 951 ostendam,
1264 919 1340 942 non
1371 919 1416 943 eo
1444 904 1568 942 solum
1598 903 1701 953 quod

260 966 356 1005 falsa
375 968 590 1006 sunt—hoc
611 969 709 1005 enim
730 968 826 1006 scire
839 969 920 1019 jam
938 980 1006 1005 vos
1026 966 1266 1011 existimo—,
1291 966 1358 1003 sed
1386 966 1502 1016 quod,
1522 972 1565 1002 ut
1584 965 1702 1002 maxi-

259 1039 320 1065 me
338 1041 428 1066 vera
442 1035 584 1074 essent,
606 1038 732 1066 tamen
750 1029 804 1066 ita
819 1036 862 1066 ut
876 1042 948 1079 ego
972 1041 1037 1066 eas
1052 1027 1268 1065 moderatus
1290 1040 1374 1065 sum
1389 1041 1446 1066 res
1460 1027 1612 1065 tractari
1629 1027 1702 1064 uti-

260 1086 446 1125 lissimum
466 1088 551 1135 fuit,
578 1103 696 1126 unum
720 1097 833 1139 atque
856 1089 1019 1127 alterum
1039 1102 1126 1139 quae
1146 1088 1249 1139 apud
1268 1101 1337 1126 vos
1367 1101 1453 1126 cum
1479 1087 1702 1138 reipublicae

259 1147 379 1197 gloria
399 1157 508 1199 gesta
526 1158 614 1186 sunt
631 1150 718 1188 volo
741 1163 945 1198 exponere,
976 1157 1090 1199 atque
1122 1162 1167 1186 ea
1190 1150 1337 1199 paucis.
1396 1150 1496 1186 Nam
1512 1157 1550 1186 et
1564 1161 1700 1185 unum-

257 1221 446 1260 quemque
470 1209 645 1259 privatim
677 1216 716 1245 et
745 1209 934 1245 civitatem
960 1215 1111 1258 oportet
1140 1209 1290 1258 publice
1326 1210 1375 1247 ad
1413 1209 1703 1260 praeclarissima

261 1282 348 1319 quae
363 1269 433 1306 sibi
452 1276 605 1306 exstant
622 1269 796 1319 exempla
823 1268 986 1318 reliquas
1008 1279 1156 1316 semper
1183 1270 1354 1305 actiones
1378 1270 1508 1307 conari
1526 1269 1702 1319 dirigere.

261 1329 343 1367 Vos
362 1329 488 1380 igitur,
508 1330 777 1374 Athenienses,
797 1342 885 1366 cum
907 1327 1187 1366 Lacedaemonii
1206 1334 1307 1365 terra
1339 1330 1508 1380 marique
1531 1330 1704 1368 domina-

262 1398 410 1437 rentur,
429 1399 624 1441 totamque
646 1392 810 1428 Atticam
830 1390 1020 1441 praefectis
1040 1402 1083 1427 ac
1097 1389 1283 1439 praesidiis
1304 1390 1558 1441 undequaque
1577 1393 1706 1429 obses-

262 1464 345 1490 sam
377 1458 562 1498 tenerent,
592 1452 791 1495 Euboeam,
820 1451 1049 1500 Tanagram,
1078 1449 1268 1487 Boeotiam
1293 1462 1456 1495 omnem,
1489 1450 1705 1500 Megaram,

263 1513 455 1563 AEginam,
491 1513 671 1558 Cleonas,
707 1519 865 1550 caeteras
893 1511 1038 1548 insulas
1068 1510 1266 1556 haberent,
1294 1523 1381 1547 curn
1406 1510 1544 1548 civitati
1564 1519 1704 1549 nostrae

261 1586 339 1611 non
359 1573 497 1612 moenia
518 1586 594 1612 non
614 1586 729 1610 naves
749 1579 891 1618 essent,
913 1572 962 1610 ad
979 1572 1194 1609 Haliartum
1213 1571 1358 1620 egressi
1379 1571 1469 1609 estis
1494 1573 1706 1623 iterumque

261 1648 341 1672 non
365 1635 490 1673 multis
509 1642 598 1686 post
616 1635 750 1673 diebus
772 1634 820 1671 ad
842 1633 1081 1677 Corinthum,
1101 1644 1176 1683 quo
1205 1639 1374 1683 tempore
1394 1633 1532 1671 multas
1553 1633 1705 1683 quidem

263 1697 419 1747 injurias
439 1697 462 1734 ii
481 1697 545 1747 qui
565 1703 645 1734 tum
667 1696 846 1733 vivebant
876 1694 1132 1732 Athenienses
1161 1694 1354 1731 recordari
1379 1700 1417 1731 et
1437 1694 1599 1742 objicere
1618 1708 1707 1745 pos-

265 1765 351 1796 sent
369 1764 450 1795 tum
477 1757 684 1796 Corinthiis
715 1764 795 1794 tum
814 1755 1005 1793 Thebanis
1025 1755 1074 1792 ob
1095 1767 1142 1791 ea
1161 1768 1247 1804 quae
1264 1754 1363 1791 bello
1383 1755 1567 1793 Decelico
1587 1755 1708 1793 admi·

263 1827 406 1857 serant:
437 1820 504 1857 sed
537 1832 613 1856 non
650 1819 703 1856 ita
734 1818 917 1861 fecerunt,
949 1816 1038 1866 quin
1069 1815 1232 1852 multum
1269 1815 1399 1853 abfuit.
1469 1815 1595 1866 Atque
1630 1816 1705 1854 hoc

264 1887 481 1930 utrumque,
513 1879 704 1922 AEschine,
734 1891 856 1928 neque
884 1890 952 1927 pro
968 1878 1064 1913 bene
1084 1876 1131 1913 de
1153 1889 1193 1913 se
1213 1876 1353 1913 meritis
1374 1876 1564 1914 faciebant
1582 1890 1704 1927 neque

264 1954 311 1978 ea
339 1941 507 1991 periculo
534 1953 655 1978 vacua
682 1953 764 1976 esse
789 1939 1005 1975 cernebant.
1075 1937 1126 1974 At
1146 1950 1222 1974 non
1243 1937 1384 1975 idcirco
1404 1944 1533 1975 tamen
1553 1938 1704 1976 desere-

265 2003 361 2040 bant
374 2016 439 2040 eos
459 2002 523 2051 qui
545 2002 593 2039 ad
609 2015 650 2038 se
665 2000 932 2050 confugerant,
952 1999 1042 2049 quin
1062 2011 1130 2048 pro
1151 1998 1271 2048 gloria
1285 2004 1323 2034 et
1341 1998 1483 2035 honore
1511 1999 1546 2035 in
1573 1999 1705 2036 discri-

265 2064 369 2100 mina
387 2076 427 2100 se
446 2063 610 2114 objicere
629 2060 846 2112 cupiebant,
860 2066 965 2098 recto
984 2067 1022 2098 et
1039 2059 1291 2110 pulcherrimo
1307 2058 1364 2096 usi
1382 2059 1553 2097 consilio.
1585 2059 1705 2098 Nam-

267 2138 341 2176 que
361 2125 536 2162 omnibus
567 2123 784 2161 horninibus
815 2122 902 2159 vitae
930 2122 1114 2159 terminus
1139 2133 1238 2157 mors
1259 2126 1333 2165 est,
1353 2120 1412 2157 vel
1433 2119 1464 2157 si
1485 2133 1601 2158 cavea
1619 2122 1704 2170 quis

266 2200 308 2225 se
329 2187 409 2237 ipse
429 2186 649 2224 conclusum
668 2191 822 2222 teneat:
851 2183 951 2221 viros
967 2195 1055 2220 vero
1073 2182 1190 2220 fortes
1205 2181 1367 2219 honesta
1386 2194 1533 2231 semper
1548 2182 1705 2232 aggredi

269 2254 430 2298 oportet,
455 2259 562 2297 spem
590 2255 678 2284 ante
699 2259 740 2284 se
766 2246 906 2283 bonam
926 2250 1198 2294 proponentes,
1218 2242 1343 2279 subire
1359 2248 1484 2279 autem
1503 2242 1703 2291 quodcun-

269 2322 343 2359 que
362 2309 455 2346 deus
477 2307 625 2345 dederit
645 2319 839 2357 generose.
878 2306 974 2342 Haec
993 2305 1186 2342 faciebant
1206 2303 1321 2340 vestri
1345 2303 1521 2353 majores,
1539 2302 1622 2340 haec
1640 2304 1704 2353 qui

268 2371 365 2407 inter
382 2382 449 2406 vos
467 2375 578 2405 aetate
599 2369 690 2405 estis
710 2367 947 2418 grandiores,
967 2366 1032 2416 qui
1054 2363 1378 2407 Lacedaemonios,
1411 2376 1532 2413 neque
1561 2365 1704 2402 amicos

269 2443 392 2481 neque
411 2431 509 2467 bene
524 2429 571 2466 de
590 2430 695 2466 vobis
714 2429 882 2474 meritos,
896 2428 987 2477 quin
1006 2426 1207 2463 multarum
1226 2432 1264 2462 et
1279 2425 1446 2474 gravium
1460 2426 1497 2462 in
1512 2426 1704 2464 civitatem

271 2499 442 2531 nostram
461 2489 678 2538 injuriarum
697 2497 884 2534 auctores,
904 2495 1106 2539 postquam
1136 2485 1310 2523 Thebani
1330 2486 1526 2524 victoriam
1544 2487 1582 2524 in
1604 2487 1705 2525 Leu-

272 2554 362 2592 ctris
389 2551 584 2591 consecuti
605 2551 652 2588 de
671 2551 792 2589 medio
818 2551 952 2589 tollere
970 2548 1096 2587 conati
1117 2555 1219 2593 suut,
1239 2548 1454 2594 obstitistis,
1474 2562 1550 2586 non
1570 2550 1704 2587 robore

272 2615 470 2666 gloriaque
497 2612 565 2650 illa
586 2624 662 2662 qua
679 2619 756 2648 tum
776 2612 962 2649 florebant
981 2609 1154 2647 Thebani
1175 2609 1374 2659 perterriti,
1395 2622 1519 2660 neque
1539 2622 1606 2660 pro
1620 2610 1704 2660 qui-

270 2677 345 2714 bus
363 2673 577 2713 hominibus
597 2680 637 2710 et
653 2671 780 2722 qualia
797 2679 883 2722 post
901 2673 947 2709 ab
967 2671 1011 2708 iis
1030 2669 1197 2708 admissa
1225 2669 1394 2707 facinora
1414 2669 1624 2720 periculum
1644 2683 1704 2707 es-

273 2738 366 2775 setis
397 2734 536 2774 adituri
563 2741 794 2785 reputantes.
851 2733 984 2782 Itaque
1004 2731 1061 2768 his
1082 2731 1190 2768 factis
1212 2730 1358 2768 Graecis
1378 2730 1552 2768 omnibus
1573 2730 1703 2768 decla-

274 2800 400 2843 rastis,
431 2811 512 2843 vos,
547 2796 664 2847 siquis
701 2808 830 2834 eorum
868 2795 905 2831 in
934 2807 1000 2832 vos
1026 2794 1265 2844 quantumvis
1296 2793 1461 2843 graviter
1491 2793 1704 2842 deliquerit,

273 2859 505 2900 iracundiam
524 2858 704 2896 adversus
725 2869 811 2895 eum
831 2856 913 2894 aliis
931 2856 969 2893 in
988 2856 1099 2893 rebus
1125 2855 1299 2901 retinere,
1319 2854 1376 2893 sin
1400 2853 1553 2904 aliquod
1570 2853 1607 2891 in
1627 2855 1703 2902 dis-
