1923 3149
468 200 546 239 DE
579 201 730 239 MALE
759 199 938 239 GESTA
969 199 1301 238 LEGATIONE.
1535 200 1608 237 241

145 301 208 340 ille
224 300 328 340 fecit.
372 301 452 341 Iste
471 303 574 343 enim
593 303 757 348 dixerat,
779 302 886 340 illum
902 301 1091 351 Thespias
1112 310 1150 340 et
1172 302 1340 341 Platoeas
1360 301 1609 349 muniturum,

144 369 185 401 et
200 375 288 400 cum
303 362 523 403 Phocenses
544 377 619 403 non
638 363 891 416 perditurum,
910 369 989 399 tum
1005 361 1273 400 Thebanorum
1294 363 1331 400 in
1352 376 1419 400 vos
1440 361 1607 400 insolen-

143 423 236 462 tiam
257 437 538 475 repressurum:
568 426 631 464 ille
651 438 743 464 vero
763 432 802 463 et
821 424 1029 462 Thebanos
1051 424 1214 474 majores
1244 424 1336 462 fecit
1359 438 1475 474 quam
1495 437 1606 475 opor-

143 486 262 531 tebat,
289 493 328 524 et
347 486 573 525 Phocenses
594 487 767 525 funditus
796 485 954 530 delevit,
979 493 1020 522 ut
1045 498 1116 522 nec
1136 484 1324 536 Thespias
1352 498 1423 523 nec
1443 484 1609 523 Plataeas

144 559 253 585 muro
274 548 544 593 circumdedit,
579 547 634 586 sic
656 548 942 586 Orchomenum
963 554 1002 584 et
1033 546 1250 584 Coroneam
1277 547 1433 597 insuper
1453 546 1608 584 excidit.

145 607 369 648 Possuntne
397 623 457 647 res
484 609 582 648 inter
612 622 652 647 se
687 609 766 647 ullo
797 608 913 646 modo
940 608 1063 659 magis
1095 621 1180 646 esse
1212 607 1441 647 contrariae?
1472 607 1609 657 Neque

143 682 233 707 vero
252 669 468 721 refragatus
488 676 561 715 est,
593 683 719 720 neque
739 682 782 707 os
809 669 973 720 aperuit,
1002 683 1126 720 neque
1147 682 1279 708 vocem
1308 668 1427 707 ullam
1456 676 1609 707 contra-

144 731 238 768 riam
259 721 396 769 e‘misit.
429 731 547 774 Quod
566 737 717 770 tantum
735 745 823 770 cum
844 731 904 777 sit,
926 744 1004 768 non
1023 739 1151 769 tamen
1173 739 1235 770 est
1255 744 1384 783 grave,
1409 731 1479 769 sed
1497 731 1608 777 illud,

142 793 245 843 quod
264 800 303 831 et
317 793 423 832 solus
439 794 611 832 omnium
626 794 665 831 in
679 794 753 832 hac
768 795 861 832 urbe
878 793 1102 843 degentium
1121 793 1355 844 suffragatus
1371 800 1453 837 est;
1484 793 1609 843 quod-

139 868 214 905 que
244 868 318 894 nec
345 856 585 895 Philocrates
612 856 740 895 facere
767 855 839 894 fuit
865 869 995 901 ausus,
1028 856 1199 905 impurus
1233 855 1307 900 ille,
1337 855 1378 893 id
1407 854 1609 893 AEschines

141 917 246 955 fecit.
293 918 352 959 Ac
371 918 695 972 tumultuantibus
717 918 841 964 vobis,
861 924 901 956 et
919 931 1007 955 eum
1027 917 1159 956 audire
1181 917 1416 962 nolentibus,
1446 918 1606 956 descen-

141 979 236 1018 dens
257 980 306 1018 de
331 987 531 1031 suggesto,
550 980 676 1021 missis
694 995 717 1020 a
735 980 913 1032 Philippo
926 980 1064 1031 legatis
1081 993 1121 1017 se
1134 979 1349 1026 venditans,
1364 979 1507 1018 multos
1523 992 1610 1018 esse

141 1041 309 1087 dicebat,
323 1042 390 1092 qui
409 1042 748 1095 tumultuarentur,
766 1056 914 1094 paucos
933 1041 1000 1093 qui
1018 1041 1240 1087 militarent,
1261 1042 1292 1079 si
1310 1055 1470 1080 necesse
1488 1047 1605 1080 esset.

145 1102 380 1143 Meministis
402 1102 502 1142 enim
521 1104 676 1154 utique:
707 1116 794 1142 cum
815 1104 908 1155 ipse,
933 1116 956 1141 o
977 1102 1054 1149 Dii,
1076 1103 1126 1141 sit
1144 1103 1326 1142 mirificus
1345 1103 1522 1141 bellator.

197 1165 260 1202 37.
289 1165 316 1202 J
320 1177 381 1202 am
400 1164 431 1203 si
450 1165 599 1202 nullum
615 1164 787 1216 legatum
803 1165 1011 1215 quicquam
1032 1165 1229 1216 accepisse
1248 1165 1452 1203 ostendere
1470 1176 1607 1214 posse·

141 1238 244 1275 mus,
265 1238 391 1275 neque
410 1239 472 1263 res
492 1226 546 1264 ita
564 1233 725 1277 pateret,
748 1234 789 1264 ut
809 1226 936 1277 palam
965 1232 1070 1264 esset
1087 1226 1286 1271 universis,
1311 1225 1550 1277 quaestiones
1569 1232 1608 1264 et

140 1286 223 1337 ejus
242 1287 396 1337 generis
424 1287 500 1324 alia
518 1294 735 1326 restarent:
767 1287 799 1326 si
827 1300 919 1326 vero
938 1287 1181 1326 Philocrates
1215 1301 1256 1326 se
1283 1288 1494 1339 accepisse,
1528 1299 1607 1325 non

139 1348 258 1386 modo
291 1361 360 1399 pro
388 1349 576 1387 concione
602 1363 707 1401 saepe
735 1349 941 1388 confessus
971 1357 1043 1395 est,
1073 1350 1144 1388 sed
1174 1356 1213 1388 et
1240 1349 1350 1387 vobis
1380 1349 1605 1394 ostentavit,

139 1410 348 1449 vendendo
368 1410 506 1457 tritico,
527 1410 773 1459 aedificando,
793 1411 1012 1462 profitendo
1034 1424 1074 1449 se
1093 1411 1251 1457 iturum,
1272 1411 1423 1449 etiamsi
1440 1423 1507 1448 vos
1529 1423 1607 1448 non

137 1473 338 1522 juberetis,
357 1473 546 1511 vehendis
566 1473 696 1524 lignis,
723 1486 816 1512 auro
835 1474 874 1511 in
895 1474 1040 1512 mensis
1060 1479 1190 1524 aperte
1217 1472 1507 1517 commutando,
1531 1485 1608 1510 non

140 1534 316 1585 profecto
334 1535 496 1572 habebit
509 1535 579 1573 iste
599 1536 704 1583 quod
723 1536 833 1573 inum
850 1536 1047 1584 accepisse
1067 1542 1197 1582 neget,
1216 1534 1282 1583 qui
1299 1535 1380 1584 ipso
1401 1535 1606 1574 confessus

141 1601 204 1633 est
218 1602 257 1632 et
268 1594 487 1633 ostentavit.
525 1594 596 1632 Est
610 1607 699 1632 vero
714 1593 919 1645 quisquam
932 1594 1151 1632 mortalium
1172 1594 1270 1632 adeo
1290 1607 1450 1641 vaecors,
1471 1602 1538 1633 aut
1550 1595 1608 1633 in-

141 1655 248 1700 felix,
269 1661 324 1701 ut,
354 1655 447 1693 dum
477 1662 517 1693 et
535 1655 776 1693 Philocrates
806 1655 909 1692 dona
928 1655 1106 1705 accipiat,
1130 1662 1168 1692 et
1188 1656 1271 1705 ipse
1290 1655 1391 1694 male
1412 1656 1543 1694 audiat
1562 1670 1607 1696 ac

140 1716 390 1769 periclitetur,
403 1730 491 1754 cum
505 1717 539 1754 ei
551 1716 685 1754 liceret
697 1722 797 1754 stare
819 1717 867 1754 ab
882 1716 1164 1762 innocentibus,
1177 1716 1249 1755 hos
1263 1716 1419 1768 quidem
1437 1717 1608 1765 infestet,

141 1791 230 1816 cum
249 1777 316 1816 illo
330 1785 458 1816 autem
479 1779 711 1828 conjunctus
724 1778 918 1829 judicium
941 1778 1067 1816 subire
1090 1778 1198 1817 malit
1213 1778 1229 1815 ’ἕ
1258 1778 1450 1829 Equidem
1470 1780 1608 1831 opinor

141 1852 225 1878 esse
263 1839 470 1886 neminem,
503 1839 571 1878 sed
598 1839 683 1878 haec
713 1840 856 1885 omnia,
896 1841 928 1878 si
954 1846 1059 1878 recte
1095 1840 1364 1887 consideretis,
1391 1840 1606 1887 invenietis,

143 1900 420 1946 Athenienses,
437 1914 580 1952 magna
594 1907 635 1939 et
645 1900 841 1940 evidentia
853 1914 936 1940 esse
949 1902 1058 1952 signa
1072 1908 1248 1952 acceptae
1264 1903 1311 1939 ab
1325 1901 1402 1939 isto
1415 1904 1606 1953 pecuniae.

197 1964 262 2001 38.
294 1963 384 2002 Jarn
406 1963 504 2000 illud
523 1962 629 2013 quod
657 1976 736 2001 non
759 1969 804 2001 ut
822 1969 1018 2015 postremo
1048 1963 1293 2009 factumfest,
1321 1963 1377 2002 sic
1406 1963 1606 2001 minimum

142 2025 296 2075 signum
325 2030 397 2071 est,
427 2024 540 2062 istum
570 2023 746 2075 Philippo
779 2038 820 2063 se
846 2024 1082 2071 vendidisse,
1107 2030 1293 2075 spectate.
1343 2025 1606 2063 Proculdubio

142 2086 263 2125 nostis
284 2086 444 2132 dudum,
464 2100 553 2125 cum
574 2085 799 2137 proditionis
819 2100 926 2125 reum
952 2093 1084 2137 ageret
1105 2085 1324 2138 Hyperides
1345 2086 1606 2125 Philocratem

142 2161 203 2186 me
221 2160 468 2199 progressum
489 2147 631 2193 dicere,
657 2161 777 2186 unum
796 2148 991 2198 quendam
1012 2148 1051 2186 in
1078 2148 1326 2186 accusatione
1350 2148 1441 2186 mihi
1461 2155 1605 2188 restare

143 2209 380 2260 scrupulum,
411 2221 488 2259 quo
509 2215 625 2259 pacto
657 2209 762 2261 solus
792 2209 1034 2248 Philocrates
1060 2216 1119 2248 tot
1137 2215 1177 2247 et
1200 2216 1397 2248 tantorum
1417 2210 1605 2248 scelerum

142 2283 264 2309 causa
283 2270 435 2314 fuisset,
447 2282 596 2308 ,novem
621 2269 741 2321 legati
759 2270 928 2309 nullius:
959 2276 1075 2321 atque
1095 2270 1135 2308 id
1155 2270 1210 2309 ita
1227 2283 1267 2308 se
1285 2270 1431 2309 habere
1447 2271 1604 2322 negavi.

143 2331 304 2371 Nullam
317 2332 419 2371 enim
438 2335 519 2380 ejus
538 2345 607 2383 per
627 2345 669 2370 se
689 2331 854 2371 futuram
875 2332 994 2372 fuisse
1014 2332 1295 2378 auctoritatem,
1314 2332 1387 2371 nisi
1407 2331 1605 2383 adjutores

141 2394 305 2434 illorum.-
319 2396 468 2446 aliquos
489 2395 703 2434 habuisset.
741 2395 794 2433 Ut
816 2395 948 2447 igitur,
967 2396 1139 2446 inquam,
1158 2408 1285 2446 neque
1300 2395 1516 2444 absolvam,
1537 2408 1605 2434 ne—

145 2469 220 2507 que
235 2456 412 2496 criminer
427 2470 663 2509 quenquam,
685 2457 753 2496 sed
769 2470 832 2495 res
852 2456 938 2508 ipsa
956 2465 994 2495 et
1014 2457 1150 2495 noxios
1168 2455 1351 2503 inveniat,
1379 2463 1420 2495 et
1438 2456 1604 2495 criminis

145 2524 322 2569 expertes
342 2519 530 2565 absolvat,
544 2526 680 2570 surgat
699 2518 921 2570 quicunque
939 2518 1056 2564 volet,
1073 2525 1112 2557 et
1130 2531 1361 2569 progressus
1377 2518 1418 2556 in
1438 2531 1604 2569 conspe-

144 2584 251 2617 ctum
269 2585 451 2626 vestrum,
470 2580 647 2618 declaret
662 2593 704 2619 se
725 2593 803 2619 non
816 2593 903 2619 esse
919 2580 1079 2626 socium,
1100 2593 1172 2619 nec
1187 2581 1350 2632 probare
1371 2587 1460 2620 acta
1473 2580 1606 2618 Philo-

144 2640 260 2678 cratis
276 2653 286 2683 ;
309 2649 426 2690 atque
445 2653 533 2678 eum
551 2641 618 2691 qui
636 2641 690 2679 ita
701 2641 847 2687 fecerit,
865 2642 1025 2680 absolvo
1044 2655 1132 2693 ego,
1151 2642 1331 2693 inquam.‘
1355 2642 1454 2680 Haec
1472 2640 1614 2679 memi!
1653 2676 1655 2678 .

143 2701 270 2751 nistis,
291 2707 336 2738 ut
348 2714 423 2752 ego
444 2701 621 2741 arbitror.
659 2703 785 2742 Nemo
800 2710 928 2741 autem
943 2703 1099 2755 prodiit,
1112 2716 1184 2742 nec
1200 2704 1370 2742 ostendit
1388 2716 1451 2741 se:
1482 2715 1527 2740 ac
1541 2715 1604 2741 ce-

143 2770 314 2802 terorum
335 2763 489 2814 quidem
510 2763 672 2815 singulis
700 2765 830 2816 aliqua
847 2778 968 2804 causa
986 2765 1070 2804 fuit.
1114 2766 1218 2804 Nam
1237 2767 1335 2804 alius
1355 2765 1523 2803 rationes
1543 2777 1604 2802 re-

145 2825 302 2870 tulerat,
323 2825 423 2862 alius
447 2825 615 2863 fortasse
638 2838 716 2864 non
735 2826 882 2873 aderat,
907 2827 1004 2865 alius
1033 2828 1189 2866 affinem
1215 2827 1296 2865 illic
1320 2827 1512 2864 habebat:
1541 2825 1605 2864 isti

145 2894 275 2925 autem
294 2899 500 2925 causarum
513 2886 664 2927 illarum
683 2888 792 2926 nulla
810 2895 906 2937 erat,
926 2890 997 2928 sed
1016 2889 1256 2940 usqueadeo
1275 2902 1317 2927 se
1336 2901 1494 2940 prorsus
1514 2900 1605 2926 ven-

145 2947 310 2996 diderat,
335 2962 461 2999 neque
486 2948 526 2987 in
545 2948 750 3001 praeteritis
769 2955 919 2988 tantum
949 2963 1057 2990 suam
1087 2951 1235 2989 locarat
1263 2962 1436 3002 operam,
1465 2956 1509 2988 ut
1526 2962 1604 2988 non

840 3013 865 3046 ‘2
896 3024 910 3048 1
