<?xml version="1.0" encoding="UTF-8"?>
<!DOCTYPE html PUBLIC "-//W3C//DTD XHTML 1.0 Transitional//EN"
    "http://www.w3.org/TR/xhtml1/DTD/xhtml1-transitional.dtd">
<html xmlns="http://www.w3.org/1999/xhtml" xml:lang="en" lang="en">
 <head>
  <title>
</title>
<meta http-equiv="Content-Type" content="text/html;charset=utf-8" />
  <meta name='ocr-system' content='tesseract 3.04.00' />
  <meta name='ocr-capabilities' content='ocr_page ocr_carea ocr_par ocr_line ocrx_word'/>
</head>
<body>
  <div class='ocr_page' id='page_1' title='image "./oratoresatticie15dobs_0425.png"; bbox 0 0 1923 3149; ppageno 0'>
   <div class='ocr_carea' id='block_1_1' title="bbox 553 153 1625 195">
    <p class='ocr_par' dir='ltr' id='par_1_1' title="bbox 553 153 1625 195">
     <span class='ocr_line' id='line_1_1' title="bbox 553 153 1625 195; baseline -0.001 0"><span class='ocrx_word' id='word_1_1' title='bbox 553 155 774 195; x_wconf 87' lang='lat' dir='ltr'><strong>CONTRA</strong></span> <span class='ocrx_word' id='word_1_2' title='bbox 804 153 1241 194; x_wconf 83' lang='lat' dir='ltr'><strong>ARISTOCRATEM.</strong></span> <span class='ocrx_word' id='word_1_3' title='bbox 1547 159 1625 195; x_wconf 76' lang='lat'><strong>409</strong></span> 
     </span>
    </p>
   </div>
   <div class='ocr_carea' id='block_1_2' title="bbox 162 253 1629 2984">
    <p class='ocr_par' dir='ltr' id='par_1_2' title="bbox 162 253 1629 1458">
     <span class='ocr_line' id='line_1_2' title="bbox 177 253 1627 306; baseline 0.003 -14"><span class='ocrx_word' id='word_1_4' title='bbox 177 253 294 293; x_wconf 87' lang='lat' dir='ltr'>Haud</span> <span class='ocrx_word' id='word_1_5' title='bbox 315 254 464 306; x_wconf 88' lang='lat' dir='ltr'><strong>injuria.</strong></span> <span class='ocrx_word' id='word_1_6' title='bbox 496 256 581 296; x_wconf 92' lang='lat' dir='ltr'><strong>Nec</strong></span> <span class='ocrx_word' id='word_1_7' title='bbox 617 258 718 296; x_wconf 91' lang='lat' dir='ltr'><strong>enim</strong></span> <span class='ocrx_word' id='word_1_8' title='bbox 747 258 801 296; x_wconf 83' lang='lat' dir='ltr'><strong>eis</strong></span> <span class='ocrx_word' id='word_1_9' title='bbox 826 257 1048 297; x_wconf 83' lang='lat' dir='ltr'>vendebant</span> <span class='ocrx_word' id='word_1_10' title='bbox 1078 270 1187 296; x_wconf 86' lang='lat' dir='ltr'><strong>suam</strong></span> <span class='ocrx_word' id='word_1_11' title='bbox 1215 258 1446 304; x_wconf 86' lang='lat' dir='ltr'><strong>libertatem,</strong></span> <span class='ocrx_word' id='word_1_12' title='bbox 1477 265 1516 296; x_wconf 87' lang='lat' dir='ltr'><strong>ct</strong></span> <span class='ocrx_word' id='word_1_13' title='bbox 1544 271 1627 296; x_wconf 88' lang='lat' dir='ltr'><strong>ma·</strong></span> 
     </span>
     <span class='ocr_line' id='line_1_3' title="bbox 175 315 1626 371; baseline 0.005 -20"><span class='ocrx_word' id='word_1_14' title='bbox 175 315 376 364; x_wconf 81' lang='lat' dir='ltr'><strong>gnitudine</strong></span> <span class='ocrx_word' id='word_1_15' title='bbox 396 318 609 357; x_wconf 90' lang='lat' dir='ltr'><strong>animorum</strong></span> <span class='ocrx_word' id='word_1_16' title='bbox 638 327 787 370; x_wconf 89' lang='lat' dir='ltr'><strong>partam</strong></span> <span class='ocrx_word' id='word_1_17' title='bbox 813 319 986 371; x_wconf 82' lang='lat' dir='ltr'>gloriam,</span> <span class='ocrx_word' id='word_1_18' title='bbox 1019 319 1087 357; x_wconf 90' lang='lat' dir='ltr'><strong>sed</strong></span> <span class='ocrx_word' id='word_1_19' title='bbox 1115 327 1154 357; x_wconf 91' lang='lat' dir='ltr'><strong>et</strong></span> <span class='ocrx_word' id='word_1_20' title='bbox 1173 319 1264 356; x_wconf 89' lang='lat' dir='ltr'><strong>dum</strong></span> <span class='ocrx_word' id='word_1_21' title='bbox 1294 320 1384 358; x_wconf 86' lang='lat' dir='ltr'><strong>boni</strong></span> <span class='ocrx_word' id='word_1_22' title='bbox 1413 327 1534 366; x_wconf 86' lang='lat' dir='ltr'><strong>erant,</strong></span> <span class='ocrx_word' id='word_1_23' title='bbox 1560 332 1626 358; x_wconf 89' lang='lat' dir='ltr'><strong>eos</strong></span> 
     </span>
     <span class='ocr_line' id='line_1_4' title="bbox 173 376 1625 431; baseline 0.003 -18"><span class='ocrx_word' id='word_1_24' title='bbox 173 376 437 418; x_wconf 80' lang='lat' dir='ltr'>honorabant:</span> <span class='ocrx_word' id='word_1_25' title='bbox 468 387 508 419; x_wconf 89' lang='lat' dir='ltr'><strong>et</strong></span> <span class='ocrx_word' id='word_1_26' title='bbox 526 381 706 431; x_wconf 86' lang='lat' dir='ltr'>improbis</span> <span class='ocrx_word' id='word_1_27' title='bbox 728 393 858 419; x_wconf 91' lang='lat' dir='ltr'><strong>eorum</strong></span> <span class='ocrx_word' id='word_1_28' title='bbox 879 381 1082 419; x_wconf 90' lang='lat' dir='ltr'><strong>conatibus</strong></span> <span class='ocrx_word' id='word_1_29' title='bbox 1103 380 1363 418; x_wconf 85' lang='lat' dir='ltr'><strong>obsistebant:</strong></span> <span class='ocrx_word' id='word_1_30' title='bbox 1393 394 1462 419; x_wconf 83' lang='lat' dir='ltr'><strong>vos</strong></span> <span class='ocrx_word' id='word_1_31' title='bbox 1483 387 1625 427; x_wconf 87' lang='lat' dir='ltr'><strong>autem,</strong></span> 
     </span>
     <span class='ocr_line' id='line_1_5' title="bbox 175 438 1624 492; baseline 0.002 -18"><span class='ocrx_word' id='word_1_32' title='bbox 175 438 443 488; x_wconf 79' lang='lat' dir='ltr'><strong>Athenienses,</strong></span> <span class='ocrx_word' id='word_1_33' title='bbox 475 443 784 492; x_wconf 85' lang='lat' dir='ltr'><strong>gravissimorum</strong></span> <span class='ocrx_word' id='word_1_34' title='bbox 806 441 997 480; x_wconf 90' lang='lat' dir='ltr'><strong>scelerum</strong></span> <span class='ocrx_word' id='word_1_35' title='bbox 1021 454 1106 479; x_wconf 86' lang='lat' dir='ltr'><strong>reos</strong></span> <span class='ocrx_word' id='word_1_36' title='bbox 1139 448 1177 479; x_wconf 91' lang='lat' dir='ltr'><strong>et</strong></span> <span class='ocrx_word' id='word_1_37' title='bbox 1201 442 1397 480; x_wconf 83' lang='lat' dir='ltr'><strong>convictos</strong></span> <span class='ocrx_word' id='word_1_38' title='bbox 1422 442 1563 492; x_wconf 86' lang='lat' dir='ltr'><strong>palam,</strong></span> <span class='ocrx_word' id='word_1_39' title='bbox 1596 442 1624 478; x_wconf 77' lang='lat' dir='ltr'><strong>si</strong></span> 
     </span>
     <span class='ocr_line' id='line_1_6' title="bbox 174 502 1626 553; baseline 0.003 -18"><span class='ocrx_word' id='word_1_40' title='bbox 174 511 293 538; x_wconf 88' lang='lat' dir='ltr'><strong>unum</strong></span> <span class='ocrx_word' id='word_1_41' title='bbox 315 508 429 552; x_wconf 85' lang='lat' dir='ltr'><strong>atque</strong></span> <span class='ocrx_word' id='word_1_42' title='bbox 444 503 605 541; x_wconf 85' lang='lat' dir='ltr'><strong>alterum</strong></span> <span class='ocrx_word' id='word_1_43' title='bbox 627 503 795 541; x_wconf 86' lang='lat' dir='ltr'><strong>facetum</strong></span> <span class='ocrx_word' id='word_1_44' title='bbox 816 503 961 541; x_wconf 91' lang='lat' dir='ltr'><strong>dictum</strong></span> <span class='ocrx_word' id='word_1_45' title='bbox 976 502 1218 553; x_wconf 83' lang='lat' dir='ltr'>protulerint,</span> <span class='ocrx_word' id='word_1_46' title='bbox 1233 509 1272 540; x_wconf 93' lang='lat' dir='ltr'><strong>et</strong></span> <span class='ocrx_word' id='word_1_47' title='bbox 1292 516 1314 540; x_wconf 86' lang='lat' dir='ltr'><strong>a</strong></span> <span class='ocrx_word' id='word_1_48' title='bbox 1332 503 1534 540; x_wconf 63' lang='lat' dir='ltr'><strong>tribulibus</strong></span> <span class='ocrx_word' id='word_1_49' title='bbox 1558 504 1626 540; x_wconf 62' lang='lat' dir='ltr'><strong>all.-</strong></span> 
     </span>
     <span class='ocr_line' id='line_1_7' title="bbox 174 563 1626 616; baseline 0.003 -19"><span class='ocrx_word' id='word_1_50' title='bbox 174 569 268 611; x_wconf 87' lang='lat' dir='ltr'><strong>quot</strong></span> <span class='ocrx_word' id='word_1_51' title='bbox 284 563 422 602; x_wconf 91' lang='lat' dir='ltr'><strong>delecti</strong></span> <span class='ocrx_word' id='word_1_52' title='bbox 438 564 615 603; x_wconf 87' lang='lat' dir='ltr'><strong>advocati</strong></span> <span class='ocrx_word' id='word_1_53' title='bbox 637 565 901 616; x_wconf 79' lang='lat' dir='ltr'><strong>deprecentur,</strong></span> <span class='ocrx_word' id='word_1_54' title='bbox 922 563 1132 610; x_wconf 82' lang='lat' dir='ltr'>absolvitis,</span> <span class='ocrx_word' id='word_1_55' title='bbox 1154 565 1212 601; x_wconf 90' lang='lat' dir='ltr'><strong>sin</strong></span> <span class='ocrx_word' id='word_1_56' title='bbox 1234 563 1425 601; x_wconf 87' lang='lat' dir='ltr'><strong>damnatis</strong></span> <span class='ocrx_word' id='word_1_57' title='bbox 1447 565 1626 614; x_wconf 84' lang='lat' dir='ltr'><strong>aliquem,</strong></span> 
     </span>
     <span class='ocr_line' id='line_1_8' title="bbox 173 623 1627 675; baseline 0.003 -17"><span class='ocrx_word' id='word_1_58' title='bbox 173 623 380 662; x_wconf 74' lang='lat' dir='ltr'><strong>aestimatio</strong></span> <span class='ocrx_word' id='word_1_59' title='bbox 401 625 477 662; x_wconf 91' lang='lat' dir='ltr'><strong>litis</strong></span> <span class='ocrx_word' id='word_1_60' title='bbox 499 633 556 663; x_wconf 89' lang='lat' dir='ltr'><strong>est</strong></span> <span class='ocrx_word' id='word_1_61' title='bbox 577 639 680 663; x_wconf 80' lang='lat' dir='ltr'><strong>xxv.</strong></span> <span class='ocrx_word' id='word_1_62' title='bbox 719 626 1002 662; x_wconf 79' lang='lat' dir='ltr'><strong>drachmarum.</strong></span> <span class='ocrx_word' id='word_1_63' title='bbox 1038 625 1157 675; x_wconf 83' lang='lat' dir='ltr'><strong>Atqui</strong></span> <span class='ocrx_word' id='word_1_64' title='bbox 1184 632 1265 662; x_wconf 90' lang='lat' dir='ltr'><strong>tum</strong></span> <span class='ocrx_word' id='word_1_65' title='bbox 1292 625 1470 662; x_wconf 84' lang='lat' dir='ltr'><strong>aerarium</strong></span> <span class='ocrx_word' id='word_1_66' title='bbox 1497 626 1627 675; x_wconf 91' lang='lat' dir='ltr'><strong>copio-</strong></span> 
     </span>
     <span class='ocr_line' id='line_1_9' title="bbox 173 686 1629 737; baseline 0.003 -18"><span class='ocrx_word' id='word_1_67' title='bbox 173 696 257 720; x_wconf 87' lang='lat' dir='ltr'><strong>sum</strong></span> <span class='ocrx_word' id='word_1_68' title='bbox 290 693 384 732; x_wconf 86' lang='lat' dir='ltr'><strong>erat,</strong></span> <span class='ocrx_word' id='word_1_69' title='bbox 414 693 452 724; x_wconf 89' lang='lat' dir='ltr'><strong>et</strong></span> <span class='ocrx_word' id='word_1_70' title='bbox 483 699 648 736; x_wconf 83' lang='lat' dir='ltr'><strong>magnus</strong></span> <span class='ocrx_word' id='word_1_71' title='bbox 679 686 898 736; x_wconf 83' lang='lat' dir='ltr'><strong>reipublicae</strong></span> <span class='ocrx_word' id='word_1_72' title='bbox 929 686 1134 737; x_wconf 82' lang='lat' dir='ltr'><strong>splendor:</strong></span> <span class='ocrx_word' id='word_1_73' title='bbox 1164 687 1338 736; x_wconf 84' lang='lat' dir='ltr'><strong>privatim</strong></span> <span class='ocrx_word' id='word_1_74' title='bbox 1368 699 1480 724; x_wconf 90' lang='lat' dir='ltr'><strong>nemo</strong></span> <span class='ocrx_word' id='word_1_75' title='bbox 1511 699 1629 736; x_wconf 85' lang='lat' dir='ltr'><strong>supra</strong></span> 
     </span>
     <span class='ocr_line' id='line_1_10' title="bbox 170 745 1626 798; baseline 0.002 -16"><span class='ocrx_word' id='word_1_76' title='bbox 170 745 311 796; x_wconf 81' lang='lat' dir='ltr'><strong>vulgus</strong></span> <span class='ocrx_word' id='word_1_77' title='bbox 335 746 538 785; x_wconf 81' lang='lat' dir='ltr'><strong>eminebat.</strong></span> <span class='ocrx_word' id='word_1_78' title='bbox 579 748 624 784; x_wconf 90' lang='lat' dir='ltr'><strong>Id</strong></span> <span class='ocrx_word' id='word_1_79' title='bbox 639 747 742 798; x_wconf 88' lang='lat' dir='ltr'><strong>quod</strong></span> <span class='ocrx_word' id='word_1_80' title='bbox 762 748 850 786; x_wconf 90' lang='lat' dir='ltr'><strong>hinc</strong></span> <span class='ocrx_word' id='word_1_81' title='bbox 871 748 1081 785; x_wconf 80' lang='lat' dir='ltr'><strong>clarissime</strong></span> <span class='ocrx_word' id='word_1_82' title='bbox 1103 747 1295 793; x_wconf 88' lang='lat' dir='ltr'><strong>cernitur;</strong></span> <span class='ocrx_word' id='word_1_83' title='bbox 1323 761 1413 785; x_wconf 86' lang='lat' dir='ltr'><strong>nam</strong></span> <span class='ocrx_word' id='word_1_84' title='bbox 1434 747 1626 785; x_wconf 82' lang='lat' dir='ltr'><strong>Miltiadis</strong></span> 
     </span>
     <span class='ocr_line' id='line_1_11' title="bbox 171 805 1626 859; baseline 0.003 -17"><span class='ocrx_word' id='word_1_85' title='bbox 171 811 210 842; x_wconf 90' lang='lat' dir='ltr'><strong>et</strong></span> <span class='ocrx_word' id='word_1_86' title='bbox 235 805 518 854; x_wconf 80' lang='lat' dir='ltr'><strong>Themistoclis,</strong></span> <span class='ocrx_word' id='word_1_87' title='bbox 548 808 788 859; x_wconf 91' lang='lat' dir='ltr'><strong>aliorumque</strong></span> <span class='ocrx_word' id='word_1_88' title='bbox 807 809 910 846; x_wconf 87' lang='lat' dir='ltr'><strong>illius</strong></span> <span class='ocrx_word' id='word_1_89' title='bbox 930 810 1055 847; x_wconf 83' lang='lat' dir='ltr'><strong>aetatis</strong></span> <span class='ocrx_word' id='word_1_90' title='bbox 1082 808 1286 846; x_wconf 89' lang='lat' dir='ltr'><strong>illustrium</strong></span> <span class='ocrx_word' id='word_1_91' title='bbox 1311 809 1477 847; x_wconf 89' lang='lat' dir='ltr'><strong>virorum</strong></span> <span class='ocrx_word' id='word_1_92' title='bbox 1507 808 1626 854; x_wconf 83' lang='lat' dir='ltr'><strong>aedes,</strong></span> 
     </span>
     <span class='ocr_line' id='line_1_12' title="bbox 171 865 1627 922; baseline 0.003 -19"><span class='ocrx_word' id='word_1_93' title='bbox 171 865 202 903; x_wconf 90' lang='lat' dir='ltr'><strong>si</strong></span> <span class='ocrx_word' id='word_1_94' title='bbox 218 867 408 918; x_wconf 85' lang='lat' dir='ltr'><strong>quispiam</strong></span> <span class='ocrx_word' id='word_1_95' title='bbox 428 876 597 907; x_wconf 83' lang='lat' dir='ltr'><strong>vestrum</strong></span> <span class='ocrx_word' id='word_1_96' title='bbox 617 869 721 916; x_wconf 88' lang='lat' dir='ltr'><strong>vidit,</strong></span> <span class='ocrx_word' id='word_1_97' title='bbox 738 870 956 921; x_wconf 83' lang='lat' dir='ltr'><strong>cujusmodi</strong></span> <span class='ocrx_word' id='word_1_98' title='bbox 971 871 1063 917; x_wconf 87' lang='lat' dir='ltr'><strong>sint,</strong></span> <span class='ocrx_word' id='word_1_99' title='bbox 1079 869 1235 921; x_wconf 89' lang='lat' dir='ltr'><strong>reliquis</strong></span> <span class='ocrx_word' id='word_1_100' title='bbox 1256 870 1373 908; x_wconf 87' lang='lat' dir='ltr'><strong>nihilo</strong></span> <span class='ocrx_word' id='word_1_101' title='bbox 1391 883 1478 909; x_wconf 90' lang='lat' dir='ltr'><strong>esse</strong></span> <span class='ocrx_word' id='word_1_102' title='bbox 1498 870 1627 922; x_wconf 89' lang='lat' dir='ltr'><strong>splen-</strong></span> 
     </span>
     <span class='ocr_line' id='line_1_13' title="bbox 172 927 1629 982; baseline 0.004 -18"><span class='ocrx_word' id='word_1_103' title='bbox 172 927 338 966; x_wconf 87' lang='lat' dir='ltr'><strong>didiores</strong></span> <span class='ocrx_word' id='word_1_104' title='bbox 378 929 506 968; x_wconf 82' lang='lat' dir='ltr'><strong>videt:</strong></span> <span class='ocrx_word' id='word_1_105' title='bbox 546 931 614 968; x_wconf 90' lang='lat' dir='ltr'><strong>sed</strong></span> <span class='ocrx_word' id='word_1_106' title='bbox 649 931 813 970; x_wconf 83' lang='lat' dir='ltr'><strong>aedificia</strong></span> <span class='ocrx_word' id='word_1_107' title='bbox 839 931 996 982; x_wconf 86' lang='lat' dir='ltr'><strong>publica</strong></span> <span class='ocrx_word' id='word_1_108' title='bbox 1024 938 1064 969; x_wconf 85' lang='lat' dir='ltr'><strong>et</strong></span> <span class='ocrx_word' id='word_1_109' title='bbox 1095 932 1398 970; x_wconf 87' lang='lat' dir='ltr'><strong>substructiones</strong></span> <span class='ocrx_word' id='word_1_110' title='bbox 1434 938 1552 970; x_wconf 80' lang='lat' dir='ltr'><strong>tantae</strong></span> <span class='ocrx_word' id='word_1_111' title='bbox 1589 938 1629 970; x_wconf 84' lang='lat' dir='ltr'><strong>et</strong></span> 
     </span>
     <span class='ocr_line' id='line_1_14' title="bbox 171 984 1625 1044; baseline 0.004 -19"><span class='ocrx_word' id='word_1_112' title='bbox 171 989 284 1036; x_wconf 87' lang='lat' dir='ltr'><strong>tales,</strong></span> <span class='ocrx_word' id='word_1_113' title='bbox 316 997 359 1028; x_wconf 89' lang='lat' dir='ltr'><strong>ut</strong></span> <span class='ocrx_word' id='word_1_114' title='bbox 391 991 441 1028; x_wconf 92' lang='lat' dir='ltr'><strong>ad</strong></span> <span class='ocrx_word' id='word_1_115' title='bbox 469 1004 600 1029; x_wconf 88' lang='lat' dir='ltr'><strong>eorum</strong></span> <span class='ocrx_word' id='word_1_116' title='bbox 621 984 1111 1043; x_wconf 40' lang='lat' dir='ltr'><strong>excellentiam&#39;posteritas</strong></span> <span class='ocrx_word' id='word_1_117' title='bbox 1131 992 1225 1030; x_wconf 89' lang='lat' dir='ltr'><strong>nihil</strong></span> <span class='ocrx_word' id='word_1_118' title='bbox 1255 993 1398 1031; x_wconf 87' lang='lat' dir='ltr'><strong>addere</strong></span> <span class='ocrx_word' id='word_1_119' title='bbox 1426 1007 1542 1044; x_wconf 89' lang='lat' dir='ltr'><strong>posse</strong></span> <span class='ocrx_word' id='word_1_120' title='bbox 1570 995 1625 1031; x_wconf 94' lang='lat' dir='ltr'><strong>vi-</strong></span> 
     </span>
     <span class='ocr_line' id='line_1_15' title="bbox 172 1048 1628 1106; baseline 0.003 -19"><span class='ocrx_word' id='word_1_121' title='bbox 172 1048 323 1099; x_wconf 87' lang='lat' dir='ltr'><strong>deatur,</strong></span> <span class='ocrx_word' id='word_1_122' title='bbox 357 1058 400 1090; x_wconf 92' lang='lat' dir='ltr'><strong>ut</strong></span> <span class='ocrx_word' id='word_1_123' title='bbox 431 1052 629 1104; x_wconf 81' lang='lat' dir='ltr'><strong>propylaea</strong></span> <span class='ocrx_word' id='word_1_124' title='bbox 661 1052 758 1100; x_wconf 88' lang='lat' dir='ltr'><strong>haec,</strong></span> <span class='ocrx_word' id='word_1_125' title='bbox 787 1054 951 1100; x_wconf 87' lang='lat' dir='ltr'><strong>navalia,</strong></span> <span class='ocrx_word' id='word_1_126' title='bbox 983 1055 1167 1104; x_wconf 88' lang='lat' dir='ltr'><strong>porticus,</strong></span> <span class='ocrx_word' id='word_1_127' title='bbox 1192 1054 1374 1100; x_wconf 71' lang='lat' dir='ltr'><strong>Piraeeus,</strong></span> <span class='ocrx_word' id='word_1_128' title='bbox 1409 1062 1448 1092; x_wconf 89' lang='lat' dir='ltr'><strong>et</strong></span> <span class='ocrx_word' id='word_1_129' title='bbox 1479 1055 1628 1106; x_wconf 90' lang='lat' dir='ltr'><strong>reliqua</strong></span> 
     </span>
     <span class='ocr_line' id='line_1_16' title="bbox 171 1112 1627 1166; baseline 0.003 -18"><span class='ocrx_word' id='word_1_130' title='bbox 171 1112 309 1162; x_wconf 90' lang='lat' dir='ltr'><strong>quibus</strong></span> <span class='ocrx_word' id='word_1_131' title='bbox 330 1115 461 1152; x_wconf 87' lang='lat' dir='ltr'><strong>urbem</strong></span> <span class='ocrx_word' id='word_1_132' title='bbox 478 1114 703 1152; x_wconf 82' lang='lat' dir='ltr'><strong>adornatam</strong></span> <span class='ocrx_word' id='word_1_133' title='bbox 724 1115 922 1166; x_wconf 88' lang='lat' dir='ltr'><strong>spectatis.</strong></span> <span class='ocrx_word' id='word_1_134' title='bbox 954 1114 1069 1151; x_wconf 86' lang='lat' dir='ltr'><strong>Nunc</strong></span> <span class='ocrx_word' id='word_1_135' title='bbox 1089 1115 1248 1165; x_wconf 85' lang='lat' dir='ltr'><strong>privatae</strong></span> <span class='ocrx_word' id='word_1_136' title='bbox 1267 1115 1507 1165; x_wconf 81' lang='lat' dir='ltr'><strong>singulorum</strong></span> <span class='ocrx_word' id='word_1_137' title='bbox 1529 1129 1627 1153; x_wconf 88' lang='lat' dir='ltr'><strong>rem-</strong></span> 
     </span>
     <span class='ocr_line' id='line_1_17' title="bbox 171 1173 1625 1227; baseline 0.003 -17"><span class='ocrx_word' id='word_1_138' title='bbox 171 1173 365 1224; x_wconf 86' lang='lat' dir='ltr'><strong>publicam</strong></span> <span class='ocrx_word' id='word_1_139' title='bbox 395 1176 611 1225; x_wconf 85' lang='lat' dir='ltr'><strong>gerentium</strong></span> <span class='ocrx_word' id='word_1_140' title='bbox 639 1182 757 1214; x_wconf 84' lang='lat' dir='ltr'><strong>tantae</strong></span> <span class='ocrx_word' id='word_1_141' title='bbox 784 1188 876 1226; x_wconf 92' lang='lat' dir='ltr'><strong>opes</strong></span> <span class='ocrx_word' id='word_1_142' title='bbox 897 1182 1001 1226; x_wconf 81' lang='lat' dir='ltr'><strong>sunt,</strong></span> <span class='ocrx_word' id='word_1_143' title='bbox 1026 1183 1070 1213; x_wconf 87' lang='lat' dir='ltr'><strong>ut</strong></span> <span class='ocrx_word' id='word_1_144' title='bbox 1095 1176 1158 1213; x_wconf 87' lang='lat' dir='ltr'><strong>alii</strong></span> <span class='ocrx_word' id='word_1_145' title='bbox 1177 1175 1282 1213; x_wconf 83' lang='lat' dir='ltr'><strong>aedes</strong></span> <span class='ocrx_word' id='word_1_146' title='bbox 1308 1176 1437 1213; x_wconf 86' lang='lat' dir='ltr'><strong>multis</strong></span> <span class='ocrx_word' id='word_1_147' title='bbox 1459 1176 1625 1227; x_wconf 89' lang='lat' dir='ltr'><strong>publicis</strong></span> 
     </span>
     <span class='ocr_line' id='line_1_18' title="bbox 172 1235 1627 1287; baseline 0.002 -16"><span class='ocrx_word' id='word_1_148' title='bbox 172 1235 344 1274; x_wconf 80' lang='lat' dir='ltr'><strong>aedificiis</strong></span> <span class='ocrx_word' id='word_1_149' title='bbox 364 1236 713 1286; x_wconf 79' lang='lat' dir='ltr'><strong>magnificentiores</strong></span> <span class='ocrx_word' id='word_1_150' title='bbox 727 1236 913 1282; x_wconf 86' lang='lat' dir='ltr'><strong>habeant,</strong></span> <span class='ocrx_word' id='word_1_151' title='bbox 927 1249 1040 1286; x_wconf 81' lang='lat' dir='ltr'><strong>agros</strong></span> <span class='ocrx_word' id='word_1_152' title='bbox 1057 1236 1120 1273; x_wconf 88' lang='lat' dir='ltr'><strong>alii</strong></span> <span class='ocrx_word' id='word_1_153' title='bbox 1133 1235 1263 1286; x_wconf 88' lang='lat' dir='ltr'><strong>plures</strong></span> <span class='ocrx_word' id='word_1_154' title='bbox 1277 1236 1497 1283; x_wconf 86' lang='lat' dir='ltr'><strong>coemerint,</strong></span> <span class='ocrx_word' id='word_1_155' title='bbox 1510 1250 1627 1287; x_wconf 89' lang='lat' dir='ltr'><strong>quam</strong></span> 
     </span>
     <span class='ocr_line' id='line_1_19' title="bbox 171 1296 1628 1348; baseline 0.001 -15"><span class='ocrx_word' id='word_1_156' title='bbox 171 1308 239 1334; x_wconf 92' lang='lat' dir='ltr'><strong>vos</strong></span> <span class='ocrx_word' id='word_1_157' title='bbox 260 1297 409 1335; x_wconf 86' lang='lat' dir='ltr'><strong>habetis</strong></span> <span class='ocrx_word' id='word_1_158' title='bbox 431 1310 564 1334; x_wconf 89' lang='lat' dir='ltr'><strong>omnes</strong></span> <span class='ocrx_word' id='word_1_159' title='bbox 585 1297 651 1347; x_wconf 88' lang='lat' dir='ltr'><strong>qui</strong></span> <span class='ocrx_word' id='word_1_160' title='bbox 673 1297 709 1333; x_wconf 92' lang='lat' dir='ltr'><strong>in</strong></span> <span class='ocrx_word' id='word_1_161' title='bbox 723 1297 873 1347; x_wconf 81' lang='lat' dir='ltr'><strong>judicio</strong></span> <span class='ocrx_word' id='word_1_162' title='bbox 896 1296 1089 1334; x_wconf 81' lang='lat' dir='ltr'><strong>assidetis.</strong></span> <span class='ocrx_word' id='word_1_163' title='bbox 1121 1297 1220 1340; x_wconf 82' lang='lat' dir='ltr'><strong>Quae</strong></span> <span class='ocrx_word' id='word_1_164' title='bbox 1240 1310 1305 1335; x_wconf 89' lang='lat' dir='ltr'><strong>vos</strong></span> <span class='ocrx_word' id='word_1_165' title='bbox 1326 1304 1455 1335; x_wconf 85' lang='lat' dir='ltr'><strong>autem</strong></span> <span class='ocrx_word' id='word_1_166' title='bbox 1474 1298 1628 1348; x_wconf 87' lang='lat' dir='ltr'><strong>publice</strong></span> 
     </span>
     <span class='ocr_line' id='line_1_20' title="bbox 162 1357 1628 1410; baseline 0.001 -15"><span class='ocrx_word' id='word_1_167' title='bbox 162 1357 329 1410; x_wconf 76' lang='lat' dir='ltr'><strong>struitis,</strong></span> <span class='ocrx_word' id='word_1_168' title='bbox 350 1364 388 1396; x_wconf 91' lang='lat' dir='ltr'><strong>et</strong></span> <span class='ocrx_word' id='word_1_169' title='bbox 406 1358 565 1397; x_wconf 88' lang='lat' dir='ltr'><strong>tectorio</strong></span> <span class='ocrx_word' id='word_1_170' title='bbox 586 1357 782 1404; x_wconf 87' lang='lat' dir='ltr'><strong>inducitis,</strong></span> <span class='ocrx_word' id='word_1_171' title='bbox 809 1365 918 1409; x_wconf 83' lang='lat' dir='ltr'><strong>turpe</strong></span> <span class='ocrx_word' id='word_1_172' title='bbox 945 1357 1052 1395; x_wconf 87' lang='lat' dir='ltr'><strong>dictu</strong></span> <span class='ocrx_word' id='word_1_173' title='bbox 1084 1364 1142 1395; x_wconf 89' lang='lat' dir='ltr'><strong>est</strong></span> <span class='ocrx_word' id='word_1_174' title='bbox 1167 1371 1282 1408; x_wconf 87' lang='lat' dir='ltr'><strong>quam</strong></span> <span class='ocrx_word' id='word_1_175' title='bbox 1315 1358 1393 1396; x_wconf 85' lang='lat' dir='ltr'><strong>sint</strong></span> <span class='ocrx_word' id='word_1_176' title='bbox 1418 1358 1562 1406; x_wconf 88' lang='lat' dir='ltr'><strong>tenuia,</strong></span> <span class='ocrx_word' id='word_1_177' title='bbox 1589 1366 1628 1397; x_wconf 88' lang='lat' dir='ltr'><strong>et</strong></span> 
     </span>
     <span class='ocr_line' id='line_1_21' title="bbox 169 1420 340 1458; baseline 0.006 -1"><span class='ocrx_word' id='word_1_178' title='bbox 169 1420 340 1458; x_wconf 87' lang='lat' dir='ltr'><strong>sordida.</strong></span> 
     </span>
    </p>

    <p class='ocr_par' dir='ltr' id='par_1_3' title="bbox 164 1482 1629 2936">
     <span class='ocr_line' id='line_1_22' title="bbox 226 1482 1625 1534; baseline 0.001 -16"><span class='ocrx_word' id='word_1_179' title='bbox 226 1484 293 1519; x_wconf 83' lang='lat'><strong>54.</strong></span> <span class='ocrx_word' id='word_1_180' title='bbox 323 1482 509 1532; x_wconf 91' lang='lat' dir='ltr'><strong>Nunquid</strong></span> <span class='ocrx_word' id='word_1_181' title='bbox 529 1482 655 1521; x_wconf 87' lang='lat' dir='ltr'><strong>dicere</strong></span> <span class='ocrx_word' id='word_1_182' title='bbox 672 1483 849 1534; x_wconf 86' lang='lat' dir='ltr'><strong>potestis,</strong></span> <span class='ocrx_word' id='word_1_183' title='bbox 881 1495 950 1521; x_wconf 87' lang='lat' dir='ltr'><strong>vos</strong></span> <span class='ocrx_word' id='word_1_184' title='bbox 977 1483 1231 1521; x_wconf 90' lang='lat' dir='ltr'><strong>communiter</strong></span> <span class='ocrx_word' id='word_1_185' title='bbox 1249 1483 1453 1534; x_wconf 86' lang='lat' dir='ltr'><strong>quaesitam</strong></span> <span class='ocrx_word' id='word_1_186' title='bbox 1481 1489 1522 1521; x_wconf 88' lang='lat' dir='ltr'><strong>et</strong></span> <span class='ocrx_word' id='word_1_187' title='bbox 1539 1496 1625 1534; x_wconf 90' lang='lat' dir='ltr'><strong>par-</strong></span> 
     </span>
     <span class='ocr_line' id='line_1_23' title="bbox 170 1543 1626 1595; baseline 0.001 -15"><span class='ocrx_word' id='word_1_188' title='bbox 170 1549 250 1580; x_wconf 89' lang='lat' dir='ltr'><strong>tam</strong></span> <span class='ocrx_word' id='word_1_189' title='bbox 266 1543 468 1581; x_wconf 88' lang='lat' dir='ltr'><strong>relicturos</strong></span> <span class='ocrx_word' id='word_1_190' title='bbox 494 1556 594 1590; x_wconf 90' lang='lat' dir='ltr'><strong>esse,</strong></span> <span class='ocrx_word' id='word_1_191' title='bbox 615 1544 716 1582; x_wconf 88' lang='lat' dir='ltr'><strong>sicut</strong></span> <span class='ocrx_word' id='word_1_192' title='bbox 735 1544 787 1581; x_wconf 91' lang='lat' dir='ltr'><strong>illi</strong></span> <span class='ocrx_word' id='word_1_193' title='bbox 808 1545 996 1591; x_wconf 83' lang='lat' dir='ltr'><strong>fecerunt,</strong></span> <span class='ocrx_word' id='word_1_194' title='bbox 1019 1544 1321 1591; x_wconf 85' lang='lat' dir='ltr'><strong>Chersonesum,</strong></span> <span class='ocrx_word' id='word_1_195' title='bbox 1350 1543 1626 1595; x_wconf 88' lang='lat' dir='ltr'><strong>Amphipolim,</strong></span> 
     </span>
     <span class='ocr_line' id='line_1_24' title="bbox 170 1604 1625 1656; baseline 0.001 -14"><span class='ocrx_word' id='word_1_196' title='bbox 170 1604 331 1655; x_wconf 82' lang='lat' dir='ltr'><strong>gloriam</strong></span> <span class='ocrx_word' id='word_1_197' title='bbox 352 1617 478 1642; x_wconf 90' lang='lat' dir='ltr'><strong>rerum</strong></span> <span class='ocrx_word' id='word_1_198' title='bbox 500 1604 721 1655; x_wconf 80' lang='lat' dir='ltr'><strong>gestarum?</strong></span> <span class='ocrx_word' id='word_1_199' title='bbox 752 1606 878 1647; x_wconf 72' lang='lat' dir='ltr'><strong>Quam</strong></span> <span class='ocrx_word' id='word_1_200' title='bbox 899 1619 986 1643; x_wconf 89' lang='lat' dir='ltr'><strong>cum</strong></span> <span class='ocrx_word' id='word_1_201' title='bbox 1007 1606 1114 1643; x_wconf 86' lang='lat' dir='ltr'><strong>istius</strong></span> <span class='ocrx_word' id='word_1_202' title='bbox 1130 1606 1281 1656; x_wconf 82' lang='lat' dir='ltr'><strong>generis</strong></span> <span class='ocrx_word' id='word_1_203' title='bbox 1295 1604 1396 1643; x_wconf 86' lang='lat' dir='ltr'><strong>cives</strong></span> <span class='ocrx_word' id='word_1_204' title='bbox 1415 1605 1517 1642; x_wconf 91' lang='lat' dir='ltr'><strong>omni</strong></span> <span class='ocrx_word' id='word_1_205' title='bbox 1543 1618 1625 1643; x_wconf 90' lang='lat' dir='ltr'><strong>mo-</strong></span> 
     </span>
     <span class='ocr_line' id='line_1_25' title="bbox 171 1658 1626 1718; baseline -0.001 -14"><span class='ocrx_word' id='word_1_206' title='bbox 171 1667 223 1704; x_wconf 92' lang='lat' dir='ltr'><strong>do</strong></span> <span class='ocrx_word' id='word_1_207' title='bbox 244 1668 462 1712; x_wconf 86' lang='lat' dir='ltr'><strong>absumant,</strong></span> <span class='ocrx_word' id='word_1_208' title='bbox 483 1679 559 1703; x_wconf 92' lang='lat' dir='ltr'><strong>non</strong></span> <span class='ocrx_word' id='word_1_209' title='bbox 580 1658 710 1704; x_wconf 84' lang='lat' dir='ltr'><strong>tamen</strong></span> <span class='ocrx_word' id='word_1_210' title='bbox 732 1668 936 1705; x_wconf 88' lang='lat' dir='ltr'><strong>obscurare</strong></span> <span class='ocrx_word' id='word_1_211' title='bbox 956 1675 1134 1718; x_wconf 89' lang='lat' dir='ltr'><strong>possunt,</strong></span> <span class='ocrx_word' id='word_1_212' title='bbox 1155 1666 1429 1704; x_wconf 86' lang='lat' dir='ltr'><strong>Athenienses.</strong></span> <span class='ocrx_word' id='word_1_213' title='bbox 1469 1666 1626 1704; x_wconf 86' lang='lat' dir='ltr'><strong>Merito.</strong></span> 
     </span>
     <span class='ocr_line' id='line_1_26' title="bbox 171 1727 1627 1779; baseline 0 -14"><span class='ocrx_word' id='word_1_214' title='bbox 171 1727 274 1765; x_wconf 90' lang='lat' dir='ltr'><strong>Nam</strong></span> <span class='ocrx_word' id='word_1_215' title='bbox 304 1727 497 1774; x_wconf 90' lang='lat' dir='ltr'><strong>Aristidis,</strong></span> <span class='ocrx_word' id='word_1_216' title='bbox 523 1728 587 1778; x_wconf 89' lang='lat' dir='ltr'><strong>qui</strong></span> <span class='ocrx_word' id='word_1_217' title='bbox 617 1740 686 1765; x_wconf 89' lang='lat' dir='ltr'><strong>suo</strong></span> <span class='ocrx_word' id='word_1_218' title='bbox 717 1728 901 1765; x_wconf 87' lang='lat' dir='ltr'><strong>arbitratu</strong></span> <span class='ocrx_word' id='word_1_219' title='bbox 927 1728 1130 1765; x_wconf 89' lang='lat' dir='ltr'><strong>ordinandi</strong></span> <span class='ocrx_word' id='word_1_220' title='bbox 1163 1728 1366 1778; x_wconf 85' lang='lat' dir='ltr'><strong>vectigalia</strong></span> <span class='ocrx_word' id='word_1_221' title='bbox 1393 1734 1627 1779; x_wconf 84' lang='lat' dir='ltr'><strong>potestatem</strong></span> 
     </span>
     <span class='ocr_line' id='line_1_27' title="bbox 170 1788 1628 1840; baseline 0.001 -14"><span class='ocrx_word' id='word_1_222' title='bbox 170 1789 320 1835; x_wconf 88' lang='lat' dir='ltr'><strong>habuit,</strong></span> <span class='ocrx_word' id='word_1_223' title='bbox 336 1802 430 1839; x_wconf 86' lang='lat' dir='ltr'><strong>opes</strong></span> <span class='ocrx_word' id='word_1_224' title='bbox 448 1801 496 1826; x_wconf 90' lang='lat' dir='ltr'><strong>ne</strong></span> <span class='ocrx_word' id='word_1_225' title='bbox 511 1801 589 1825; x_wconf 88' lang='lat' dir='ltr'><strong>una</strong></span> <span class='ocrx_word' id='word_1_226' title='bbox 602 1788 757 1839; x_wconf 91' lang='lat' dir='ltr'><strong>quidem</strong></span> <span class='ocrx_word' id='word_1_227' title='bbox 774 1788 958 1826; x_wconf 85' lang='lat' dir='ltr'><strong>drachma</strong></span> <span class='ocrx_word' id='word_1_228' title='bbox 974 1796 1065 1827; x_wconf 89' lang='lat' dir='ltr'><strong>sunt</strong></span> <span class='ocrx_word' id='word_1_229' title='bbox 1079 1796 1217 1835; x_wconf 81' lang='lat' dir='ltr'><strong>auctae,</strong></span> <span class='ocrx_word' id='word_1_230' title='bbox 1231 1789 1324 1839; x_wconf 90' lang='lat' dir='ltr'><strong>quin</strong></span> <span class='ocrx_word' id='word_1_231' title='bbox 1339 1797 1377 1827; x_wconf 90' lang='lat' dir='ltr'><strong>et</strong></span> <span class='ocrx_word' id='word_1_232' title='bbox 1392 1789 1474 1840; x_wconf 89' lang='lat' dir='ltr'><strong>ejus</strong></span> <span class='ocrx_word' id='word_1_233' title='bbox 1489 1790 1628 1828; x_wconf 89' lang='lat' dir='ltr'><strong>mortui</strong></span> 
     </span>
     <span class='ocr_line' id='line_1_28' title="bbox 164 1850 1628 1901; baseline 0.001 -14"><span class='ocrx_word' id='word_1_234' title='bbox 164 1850 287 1899; x_wconf 33' lang='lat' dir='ltr'><strong>,funus</strong></span> <span class='ocrx_word' id='word_1_235' title='bbox 308 1850 471 1901; x_wconf 89' lang='lat' dir='ltr'><strong>publicis</strong></span> <span class='ocrx_word' id='word_1_236' title='bbox 491 1850 679 1887; x_wconf 88' lang='lat' dir='ltr'><strong>sumtibus</strong></span> <span class='ocrx_word' id='word_1_237' title='bbox 702 1856 762 1887; x_wconf 91' lang='lat' dir='ltr'><strong>est</strong></span> <span class='ocrx_word' id='word_1_238' title='bbox 781 1850 924 1888; x_wconf 88' lang='lat' dir='ltr'><strong>elatum</strong></span> <span class='ocrx_word' id='word_1_239' title='bbox 942 1863 951 1888; x_wconf 72' lang='grc' dir='ltr'>ε</span> <span class='ocrx_word' id='word_1_240' title='bbox 981 1850 1089 1887; x_wconf 91' lang='lat' dir='ltr'><strong>vobis</strong></span> <span class='ocrx_word' id='word_1_241' title='bbox 1111 1857 1251 1896; x_wconf 87' lang='lat' dir='ltr'><strong>autem,</strong></span> <span class='ocrx_word' id='word_1_242' title='bbox 1273 1850 1394 1888; x_wconf 86' lang='lat' dir='ltr'><strong>sicubi</strong></span> <span class='ocrx_word' id='word_1_243' title='bbox 1414 1863 1511 1901; x_wconf 89' lang='lat' dir='ltr'><strong>opus</strong></span> <span class='ocrx_word' id='word_1_244' title='bbox 1532 1858 1628 1898; x_wconf 90' lang='lat' dir='ltr'><strong>erat,</strong></span> 
     </span>
     <span class='ocr_line' id='line_1_29' title="bbox 168 1911 1628 1962; baseline 0 -12"><span class='ocrx_word' id='word_1_245' title='bbox 168 1912 208 1951; x_wconf 91' lang='lat' dir='ltr'><strong>in</strong></span> <span class='ocrx_word' id='word_1_246' title='bbox 229 1912 362 1950; x_wconf 86' lang='lat' dir='ltr'><strong>aerario</strong></span> <span class='ocrx_word' id='word_1_247' title='bbox 391 1911 557 1962; x_wconf 85' lang='lat' dir='ltr'><strong>pecunia</strong></span> <span class='ocrx_word' id='word_1_248' title='bbox 584 1911 750 1948; x_wconf 86' lang='lat' dir='ltr'><strong>maxima</strong></span> <span class='ocrx_word' id='word_1_249' title='bbox 771 1919 853 1949; x_wconf 84' lang='lat' dir='ltr'><strong>erat</strong></span> <span class='ocrx_word' id='word_1_250' title='bbox 880 1912 978 1948; x_wconf 88' lang='lat' dir='ltr'><strong>inter</strong></span> <span class='ocrx_word' id='word_1_251' title='bbox 1003 1923 1136 1949; x_wconf 88' lang='lat' dir='ltr'><strong>omnes</strong></span> <span class='ocrx_word' id='word_1_252' title='bbox 1167 1911 1342 1956; x_wconf 82' lang='lat' dir='ltr'><strong>Graecos,</strong></span> <span class='ocrx_word' id='word_1_253' title='bbox 1372 1918 1416 1949; x_wconf 86' lang='lat' dir='ltr'><strong>ut</strong></span> <span class='ocrx_word' id='word_1_254' title='bbox 1443 1912 1628 1962; x_wconf 87' lang='lat' dir='ltr'><strong>quamdiu</strong></span> 
     </span>
     <span class='ocr_line' id='line_1_30' title="bbox 169 1972 1628 2023; baseline 0 -11"><span class='ocrx_word' id='word_1_255' title='bbox 169 1987 239 2012; x_wconf 90' lang='lat' dir='ltr'><strong>vos</strong></span> <span class='ocrx_word' id='word_1_256' title='bbox 260 1973 351 2011; x_wconf 89' lang='lat' dir='ltr'><strong>foris</strong></span> <span class='ocrx_word' id='word_1_257' title='bbox 364 1972 592 2010; x_wconf 88' lang='lat' dir='ltr'><strong>militaturos</strong></span> <span class='ocrx_word' id='word_1_258' title='bbox 608 1972 887 2018; x_wconf 89' lang='lat' dir='ltr'><strong>decrevissetis,</strong></span> <span class='ocrx_word' id='word_1_259' title='bbox 903 1972 1049 2009; x_wconf 89' lang='lat' dir='ltr'><strong>tamdiu</strong></span> <span class='ocrx_word' id='word_1_260' title='bbox 1067 1978 1242 2023; x_wconf 87' lang='lat' dir='ltr'><strong>sumptus</strong></span> <span class='ocrx_word' id='word_1_261' title='bbox 1258 1972 1464 2010; x_wconf 86' lang='lat' dir='ltr'><strong>haberetis.</strong></span> <span class='ocrx_word' id='word_1_262' title='bbox 1498 1972 1628 2021; x_wconf 81' lang='lat' dir='ltr'><strong>Nunc,</strong></span> 
     </span>
     <span class='ocr_line' id='line_1_31' title="bbox 170 2033 1629 2085; baseline 0.001 -14"><span class='ocrx_word' id='word_1_263' title='bbox 170 2034 236 2085; x_wconf 89' lang='lat' dir='ltr'><strong>qui</strong></span> <span class='ocrx_word' id='word_1_264' title='bbox 254 2033 531 2084; x_wconf 85' lang='lat' dir='ltr'><strong>rempublicam</strong></span> <span class='ocrx_word' id='word_1_265' title='bbox 554 2033 835 2079; x_wconf 88' lang='lat' dir='ltr'><strong>administrant,</strong></span> <span class='ocrx_word' id='word_1_266' title='bbox 863 2046 912 2070; x_wconf 79' lang='lat' dir='ltr'><strong>ex</strong></span> <span class='ocrx_word' id='word_1_267' title='bbox 934 2033 1065 2084; x_wconf 85' lang='lat' dir='ltr'><strong>inopia</strong></span> <span class='ocrx_word' id='word_1_268' title='bbox 1092 2040 1348 2084; x_wconf 86' lang='lat' dir='ltr'><strong>pervenerunt</strong></span> <span class='ocrx_word' id='word_1_269' title='bbox 1375 2035 1425 2072; x_wconf 92' lang='lat' dir='ltr'><strong>ad</strong></span> <span class='ocrx_word' id='word_1_270' title='bbox 1453 2047 1558 2085; x_wconf 86' lang='lat' dir='ltr'><strong>opes,</strong></span> <span class='ocrx_word' id='word_1_271' title='bbox 1590 2042 1629 2073; x_wconf 88' lang='lat' dir='ltr'><strong>et</strong></span> 
     </span>
     <span class='ocr_line' id='line_1_32' title="bbox 169 2093 1626 2146; baseline 0 -13"><span class='ocrx_word' id='word_1_272' title='bbox 169 2095 278 2146; x_wconf 81' lang='lat' dir='ltr'><strong>longi</strong></span> <span class='ocrx_word' id='word_1_273' title='bbox 315 2095 496 2144; x_wconf 87' lang='lat' dir='ltr'><strong>temporis</strong></span> <span class='ocrx_word' id='word_1_274' title='bbox 525 2100 742 2131; x_wconf 86' lang='lat' dir='ltr'><strong>commeatu</strong></span> <span class='ocrx_word' id='word_1_275' title='bbox 773 2100 863 2131; x_wconf 85' lang='lat' dir='ltr'><strong>sunt</strong></span> <span class='ocrx_word' id='word_1_276' title='bbox 891 2093 1096 2131; x_wconf 83' lang='lat' dir='ltr'><strong>instructi:</strong></span> <span class='ocrx_word' id='word_1_277' title='bbox 1126 2107 1195 2131; x_wconf 90' lang='lat' dir='ltr'><strong>vos</strong></span> <span class='ocrx_word' id='word_1_278' title='bbox 1226 2095 1379 2144; x_wconf 87' lang='lat' dir='ltr'><strong>publice</strong></span> <span class='ocrx_word' id='word_1_279' title='bbox 1408 2108 1482 2133; x_wconf 92' lang='lat' dir='ltr'><strong>nec</strong></span> <span class='ocrx_word' id='word_1_280' title='bbox 1511 2096 1626 2133; x_wconf 89' lang='lat' dir='ltr'><strong>unius</strong></span> 
     </span>
     <span class='ocr_line' id='line_1_33' title="bbox 170 2153 1626 2204; baseline 0 -10"><span class='ocrx_word' id='word_1_281' title='bbox 170 2156 245 2194; x_wconf 87' lang='lat' dir='ltr'><strong>diei</strong></span> <span class='ocrx_word' id='word_1_282' title='bbox 263 2155 414 2193; x_wconf 88' lang='lat' dir='ltr'><strong>habetis</strong></span> <span class='ocrx_word' id='word_1_283' title='bbox 435 2154 666 2199; x_wconf 89' lang='lat' dir='ltr'><strong>alimoniam,</strong></span> <span class='ocrx_word' id='word_1_284' title='bbox 687 2153 757 2191; x_wconf 89' lang='lat' dir='ltr'><strong>sed</strong></span> <span class='ocrx_word' id='word_1_285' title='bbox 777 2154 930 2198; x_wconf 87' lang='lat' dir='ltr'><strong>accidit,</strong></span> <span class='ocrx_word' id='word_1_286' title='bbox 951 2160 995 2191; x_wconf 91' lang='lat' dir='ltr'><strong>ut</strong></span> <span class='ocrx_word' id='word_1_287' title='bbox 1020 2154 1132 2193; x_wconf 88' lang='lat' dir='ltr'><strong>simul</strong></span> <span class='ocrx_word' id='word_1_288' title='bbox 1154 2154 1298 2204; x_wconf 90' lang='lat' dir='ltr'><strong>aliquid</strong></span> <span class='ocrx_word' id='word_1_289' title='bbox 1317 2155 1536 2193; x_wconf 83' lang='lat' dir='ltr'><strong>faciendum</strong></span> <span class='ocrx_word' id='word_1_290' title='bbox 1564 2157 1626 2203; x_wconf 85' lang='lat' dir='ltr'><strong>sit,</strong></span> 
     </span>
     <span class='ocr_line' id='line_1_34' title="bbox 167 2215 1625 2267; baseline 0 -12"><span class='ocrx_word' id='word_1_291' title='bbox 167 2217 283 2267; x_wconf 79' lang='lat' dir='ltr'><strong>simul</strong></span> <span class='ocrx_word' id='word_1_292' title='bbox 301 2217 404 2254; x_wconf 88' lang='lat' dir='ltr'><strong>unde</strong></span> <span class='ocrx_word' id='word_1_293' title='bbox 423 2215 463 2253; x_wconf 92' lang='lat' dir='ltr'><strong>id</strong></span> <span class='ocrx_word' id='word_1_294' title='bbox 483 2222 678 2267; x_wconf 88' lang='lat' dir='ltr'><strong>suppetat,</strong></span> <span class='ocrx_word' id='word_1_295' title='bbox 691 2228 758 2253; x_wconf 88' lang='lat' dir='ltr'><strong>vos</strong></span> <span class='ocrx_word' id='word_1_296' title='bbox 770 2215 864 2253; x_wconf 92' lang='lat' dir='ltr'><strong>nihil</strong></span> <span class='ocrx_word' id='word_1_297' title='bbox 882 2215 1072 2253; x_wconf 88' lang='lat' dir='ltr'><strong>habeatis.</strong></span> <span class='ocrx_word' id='word_1_298' title='bbox 1104 2215 1205 2252; x_wconf 90' lang='lat' dir='ltr'><strong>Tum</strong></span> <span class='ocrx_word' id='word_1_299' title='bbox 1219 2216 1317 2253; x_wconf 89' lang='lat' dir='ltr'><strong>enim</strong></span> <span class='ocrx_word' id='word_1_300' title='bbox 1333 2217 1625 2267; x_wconf 81' lang='lat' dir='ltr'><strong>magistratuum</strong></span> 
     </span>
     <span class='ocr_line' id='line_1_35' title="bbox 169 2276 1628 2327; baseline 0 -10"><span class='ocrx_word' id='word_1_301' title='bbox 169 2279 350 2317; x_wconf 91' lang='lat' dir='ltr'><strong>dominus</strong></span> <span class='ocrx_word' id='word_1_302' title='bbox 370 2283 453 2315; x_wconf 83' lang='lat' dir='ltr'><strong>erat</strong></span> <span class='ocrx_word' id='word_1_303' title='bbox 471 2277 651 2327; x_wconf 91' lang='lat' dir='ltr'><strong>populus,</strong></span> <span class='ocrx_word' id='word_1_304' title='bbox 667 2289 771 2315; x_wconf 90' lang='lat' dir='ltr'><strong>nunc</strong></span> <span class='ocrx_word' id='word_1_305' title='bbox 791 2289 883 2314; x_wconf 90' lang='lat' dir='ltr'><strong>vero</strong></span> <span class='ocrx_word' id='word_1_306' title='bbox 906 2283 965 2314; x_wconf 89' lang='lat' dir='ltr'><strong>est</strong></span> <span class='ocrx_word' id='word_1_307' title='bbox 986 2276 1169 2314; x_wconf 88' lang='lat' dir='ltr'><strong>minister.</strong></span> <span class='ocrx_word' id='word_1_308' title='bbox 1200 2277 1243 2313; x_wconf 92' lang='lat' dir='ltr'><strong>In</strong></span> <span class='ocrx_word' id='word_1_309' title='bbox 1258 2290 1377 2315; x_wconf 89' lang='lat' dir='ltr'><strong>causa</strong></span> <span class='ocrx_word' id='word_1_310' title='bbox 1392 2286 1519 2316; x_wconf 84' lang='lat' dir='ltr'><strong>autem</strong></span> <span class='ocrx_word' id='word_1_311' title='bbox 1536 2286 1628 2318; x_wconf 89' lang='lat' dir='ltr'><strong>sunt</strong></span> 
     </span>
     <span class='ocr_line' id='line_1_36' title="bbox 168 2337 1625 2390; baseline 0 -12"><span class='ocrx_word' id='word_1_312' title='bbox 168 2340 247 2385; x_wconf 90' lang='lat' dir='ltr'><strong>isti,</strong></span> <span class='ocrx_word' id='word_1_313' title='bbox 265 2339 328 2390; x_wconf 92' lang='lat' dir='ltr'><strong>qui</strong></span> <span class='ocrx_word' id='word_1_314' title='bbox 347 2339 439 2377; x_wconf 84' lang='lat' dir='ltr'><strong>talia</strong></span> <span class='ocrx_word' id='word_1_315' title='bbox 451 2339 636 2384; x_wconf 91' lang='lat' dir='ltr'><strong>scribunt,</strong></span> <span class='ocrx_word' id='word_1_316' title='bbox 655 2344 693 2375; x_wconf 89' lang='lat' dir='ltr'><strong>et</strong></span> <span class='ocrx_word' id='word_1_317' title='bbox 712 2351 780 2376; x_wconf 82' lang='lat' dir='ltr'><strong>vos</strong></span> <span class='ocrx_word' id='word_1_318' title='bbox 802 2337 1081 2382; x_wconf 83' lang='lat' dir='ltr'><strong>assuefaciunt,</strong></span> <span class='ocrx_word' id='word_1_319' title='bbox 1103 2346 1146 2375; x_wconf 92' lang='lat' dir='ltr'><strong>ut</strong></span> <span class='ocrx_word' id='word_1_320' title='bbox 1165 2338 1420 2388; x_wconf 87' lang='lat' dir='ltr'><strong>vosmetipsos</strong></span> <span class='ocrx_word' id='word_1_321' title='bbox 1441 2352 1625 2390; x_wconf 89' lang='lat' dir='ltr'><strong>asperne-</strong></span> 
     </span>
     <span class='ocr_line' id='line_1_37' title="bbox 170 2398 1626 2450; baseline 0 -11"><span class='ocrx_word' id='word_1_322' title='bbox 170 2402 277 2447; x_wconf 86' lang='lat' dir='ltr'><strong>mini,</strong></span> <span class='ocrx_word' id='word_1_323' title='bbox 297 2414 417 2438; x_wconf 89' lang='lat' dir='ltr'><strong>unum</strong></span> <span class='ocrx_word' id='word_1_324' title='bbox 433 2407 547 2450; x_wconf 89' lang='lat' dir='ltr'><strong>atque</strong></span> <span class='ocrx_word' id='word_1_325' title='bbox 568 2399 729 2437; x_wconf 88' lang='lat' dir='ltr'><strong>alterum</strong></span> <span class='ocrx_word' id='word_1_326' title='bbox 749 2399 944 2436; x_wconf 89' lang='lat' dir='ltr'><strong>hominem</strong></span> <span class='ocrx_word' id='word_1_327' title='bbox 966 2398 1227 2442; x_wconf 83' lang='lat' dir='ltr'><strong>admiremini3</strong></span> <span class='ocrx_word' id='word_1_328' title='bbox 1259 2399 1313 2436; x_wconf 91' lang='lat' dir='ltr'><strong>sic</strong></span> <span class='ocrx_word' id='word_1_329' title='bbox 1334 2400 1391 2444; x_wconf 82' lang='lat' dir='ltr'><strong>fit,</strong></span> <span class='ocrx_word' id='word_1_330' title='bbox 1413 2407 1456 2437; x_wconf 89' lang='lat' dir='ltr'><strong>ut</strong></span> <span class='ocrx_word' id='word_1_331' title='bbox 1480 2400 1542 2438; x_wconf 89' lang='lat' dir='ltr'><strong>isti</strong></span> <span class='ocrx_word' id='word_1_332' title='bbox 1561 2415 1626 2440; x_wconf 88' lang='lat' dir='ltr'><strong>ve-</strong></span> 
     </span>
     <span class='ocr_line' id='line_1_38' title="bbox 171 2459 1628 2511; baseline 0 -11"><span class='ocrx_word' id='word_1_333' title='bbox 171 2469 261 2500; x_wconf 85' lang='lat' dir='ltr'><strong>strae</strong></span> <span class='ocrx_word' id='word_1_334' title='bbox 282 2461 428 2511; x_wconf 88' lang='lat' dir='ltr'><strong>gloriae,</strong></span> <span class='ocrx_word' id='word_1_335' title='bbox 449 2467 663 2511; x_wconf 84' lang='lat' dir='ltr'><strong>vestraeque</strong></span> <span class='ocrx_word' id='word_1_336' title='bbox 684 2459 877 2497; x_wconf 87' lang='lat' dir='ltr'><strong>felicitatis</strong></span> <span class='ocrx_word' id='word_1_337' title='bbox 894 2459 1146 2497; x_wconf 89' lang='lat' dir='ltr'><strong>hereditatem</strong></span> <span class='ocrx_word' id='word_1_338' title='bbox 1165 2466 1343 2497; x_wconf 89' lang='lat' dir='ltr'><strong>cernant:</strong></span> <span class='ocrx_word' id='word_1_339' title='bbox 1374 2473 1441 2498; x_wconf 92' lang='lat' dir='ltr'><strong>vos</strong></span> <span class='ocrx_word' id='word_1_340' title='bbox 1460 2474 1500 2498; x_wconf 89' lang='lat' dir='ltr'><strong>re</strong></span> <span class='ocrx_word' id='word_1_341' title='bbox 1519 2463 1628 2500; x_wconf 88' lang='lat' dir='ltr'><strong>nulla</strong></span> 
     </span>
     <span class='ocr_line' id='line_1_39' title="bbox 169 2520 1627 2568; baseline 0 -7"><span class='ocrx_word' id='word_1_342' title='bbox 169 2522 365 2568; x_wconf 87' lang='lat' dir='ltr'><strong>fruamini,</strong></span> <span class='ocrx_word' id='word_1_343' title='bbox 393 2521 462 2559; x_wconf 85' lang='lat' dir='ltr'><strong>sed</strong></span> <span class='ocrx_word' id='word_1_344' title='bbox 490 2528 609 2559; x_wconf 87' lang='lat' dir='ltr'><strong>testes</strong></span> <span class='ocrx_word' id='word_1_345' title='bbox 639 2521 720 2558; x_wconf 85' lang='lat' dir='ltr'><strong>sitis</strong></span> <span class='ocrx_word' id='word_1_346' title='bbox 750 2521 960 2558; x_wconf 90' lang='lat' dir='ltr'><strong>alienorum</strong></span> <span class='ocrx_word' id='word_1_347' title='bbox 986 2521 1187 2566; x_wconf 91' lang='lat' dir='ltr'><strong>bonorum,</strong></span> <span class='ocrx_word' id='word_1_348' title='bbox 1216 2520 1360 2558; x_wconf 88' lang='lat' dir='ltr'><strong>nullius</strong></span> <span class='ocrx_word' id='word_1_349' title='bbox 1390 2521 1544 2560; x_wconf 86' lang='lat' dir='ltr'><strong>alterius</strong></span> <span class='ocrx_word' id='word_1_350' title='bbox 1573 2524 1627 2561; x_wconf 91' lang='lat' dir='ltr'><strong>rei</strong></span> 
     </span>
     <span class='ocr_line' id='line_1_40' title="bbox 166 2571 1626 2637; baseline 0 -16"><span class='ocrx_word' id='word_1_351' title='bbox 166 2571 390 2637; x_wconf 70' lang='lat' dir='ltr'><strong>participes,</strong></span> <span class='ocrx_word' id='word_1_352' title='bbox 407 2576 477 2619; x_wconf 87' lang='lat' dir='ltr'><strong>nisi</strong></span> <span class='ocrx_word' id='word_1_353' title='bbox 498 2582 690 2628; x_wconf 79' lang='lat' dir='ltr'><strong>fraudum,</strong></span> <span class='ocrx_word' id='word_1_354' title='bbox 705 2582 842 2632; x_wconf 90' lang='lat' dir='ltr'><strong>quibus</strong></span> <span class='ocrx_word' id='word_1_355' title='bbox 863 2581 1230 2619; x_wconf 85' lang='lat' dir='ltr'><strong>circumscribimini.</strong></span> <span class='ocrx_word' id='word_1_356' title='bbox 1261 2581 1313 2619; x_wconf 88' lang='lat' dir='ltr'><strong>At</strong></span> <span class='ocrx_word' id='word_1_357' title='bbox 1327 2589 1490 2632; x_wconf 88' lang='lat' dir='ltr'><strong>quantos</strong></span> <span class='ocrx_word' id='word_1_358' title='bbox 1506 2584 1626 2632; x_wconf 83' lang='lat' dir='ltr'><strong>gemi-</strong></span> 
     </span>
     <span class='ocr_line' id='line_1_41' title="bbox 169 2642 1625 2694; baseline -0.001 -10"><span class='ocrx_word' id='word_1_359' title='bbox 169 2654 246 2692; x_wconf 87' lang='lat' dir='ltr'><strong>tus,</strong></span> <span class='ocrx_word' id='word_1_360' title='bbox 272 2650 417 2694; x_wconf 90' lang='lat' dir='ltr'><strong>quanta</strong></span> <span class='ocrx_word' id='word_1_361' title='bbox 453 2642 615 2693; x_wconf 86' lang='lat' dir='ltr'><strong>suspiria</strong></span> <span class='ocrx_word' id='word_1_362' title='bbox 648 2643 809 2680; x_wconf 87' lang='lat' dir='ltr'><strong>ederent</strong></span> <span class='ocrx_word' id='word_1_363' title='bbox 839 2643 895 2680; x_wconf 88' lang='lat' dir='ltr'><strong>illi</strong></span> <span class='ocrx_word' id='word_1_364' title='bbox 924 2642 1006 2688; x_wconf 90' lang='lat' dir='ltr'><strong>viri,</strong></span> <span class='ocrx_word' id='word_1_365' title='bbox 1034 2642 1096 2692; x_wconf 90' lang='lat' dir='ltr'><strong>qui</strong></span> <span class='ocrx_word' id='word_1_366' title='bbox 1131 2655 1200 2693; x_wconf 88' lang='lat' dir='ltr'><strong>pro</strong></span> <span class='ocrx_word' id='word_1_367' title='bbox 1235 2642 1358 2692; x_wconf 82' lang='lat' dir='ltr'><strong>gloria.</strong></span> <span class='ocrx_word' id='word_1_368' title='bbox 1387 2650 1425 2679; x_wconf 88' lang='lat' dir='ltr'><strong>et</strong></span> <span class='ocrx_word' id='word_1_369' title='bbox 1449 2643 1625 2683; x_wconf 85' lang='lat' dir='ltr'><strong>libertate</strong></span> 
     </span>
     <span class='ocr_line' id='line_1_42' title="bbox 169 2702 1625 2755; baseline -0.002 -10"><span class='ocrx_word' id='word_1_370' title='bbox 169 2713 332 2753; x_wconf 85' lang='lat' dir='ltr'><strong>mortem</strong></span> <span class='ocrx_word' id='word_1_371' title='bbox 353 2703 631 2754; x_wconf 84' lang='lat' dir='ltr'><strong>oppetiverunt,</strong></span> <span class='ocrx_word' id='word_1_372' title='bbox 651 2710 691 2740; x_wconf 88' lang='lat' dir='ltr'><strong>et</strong></span> <span class='ocrx_word' id='word_1_373' title='bbox 708 2704 872 2755; x_wconf 87' lang='lat' dir='ltr'><strong>plurima</strong></span> <span class='ocrx_word' id='word_1_374' title='bbox 889 2702 1248 2741; x_wconf 86' lang='lat' dir='ltr'><strong>honestissimorum</strong></span> <span class='ocrx_word' id='word_1_375' title='bbox 1270 2703 1480 2752; x_wconf 82' lang='lat' dir='ltr'><strong>facinorum</strong></span> <span class='ocrx_word' id='word_1_376' title='bbox 1503 2706 1625 2742; x_wconf 89' lang='lat' dir='ltr'><strong>moni-</strong></span> 
     </span>
     <span class='ocr_line' id='line_1_43' title="bbox 169 2763 1625 2814; baseline -0.003 -6"><span class='ocrx_word' id='word_1_377' title='bbox 169 2773 302 2808; x_wconf 86' lang='lat' dir='ltr'><strong>menta</strong></span> <span class='ocrx_word' id='word_1_378' title='bbox 328 2765 579 2814; x_wconf 84' lang='lat' dir='ltr'><strong>reliquerunt,</strong></span> <span class='ocrx_word' id='word_1_379' title='bbox 603 2765 633 2801; x_wconf 84' lang='lat' dir='ltr'><strong>si</strong></span> <span class='ocrx_word' id='word_1_380' title='bbox 654 2765 809 2811; x_wconf 87' lang='lat' dir='ltr'><strong>scirent,</strong></span> <span class='ocrx_word' id='word_1_381' title='bbox 837 2778 939 2803; x_wconf 91' lang='lat' dir='ltr'><strong>nunc</strong></span> <span class='ocrx_word' id='word_1_382' title='bbox 967 2766 1101 2802; x_wconf 90' lang='lat' dir='ltr'><strong>urbem</strong></span> <span class='ocrx_word' id='word_1_383' title='bbox 1127 2764 1176 2801; x_wconf 88' lang='lat' dir='ltr'><strong>ad</strong></span> <span class='ocrx_word' id='word_1_384' title='bbox 1209 2763 1366 2801; x_wconf 88' lang='lat' dir='ltr'><strong>ministri</strong></span> <span class='ocrx_word' id='word_1_385' title='bbox 1391 2763 1563 2801; x_wconf 82' lang='lat' dir='ltr'><strong>habitum</strong></span> <span class='ocrx_word' id='word_1_386' title='bbox 1585 2773 1625 2803; x_wconf 84' lang='lat' dir='ltr'><strong>et</strong></span> 
     </span>
     <span class='ocr_line' id='line_1_44' title="bbox 170 2824 1623 2871; baseline -0.002 -4"><span class='ocrx_word' id='word_1_387' title='bbox 170 2827 428 2868; x_wconf 83' lang='lat' dir='ltr'><strong>conditionem</strong></span> <span class='ocrx_word' id='word_1_388' title='bbox 449 2825 661 2871; x_wconf 84' lang='lat' dir='ltr'><strong>redactam,</strong></span> <span class='ocrx_word' id='word_1_389' title='bbox 680 2838 727 2863; x_wconf 88' lang='lat' dir='ltr'><strong>an</strong></span> <span class='ocrx_word' id='word_1_390' title='bbox 745 2826 997 2864; x_wconf 89' lang='lat' dir='ltr'><strong>Charidemus</strong></span> <span class='ocrx_word' id='word_1_391' title='bbox 1017 2824 1294 2863; x_wconf 89' lang='lat' dir='ltr'><strong>custodiendus</strong></span> <span class='ocrx_word' id='word_1_392' title='bbox 1310 2824 1372 2870; x_wconf 91' lang='lat' dir='ltr'><strong>sit,</strong></span> <span class='ocrx_word' id='word_1_393' title='bbox 1387 2824 1623 2864; x_wconf 78' lang='lat' dir='ltr'><strong>deliberare?</strong></span> 
     </span>
     <span class='ocr_line' id='line_1_45' title="bbox 173 2884 1621 2936; baseline -0.001 -8"><span class='ocrx_word' id='word_1_394' title='bbox 173 2888 444 2933; x_wconf 86' lang='lat' dir='ltr'><strong>Charidemus,</strong></span> <span class='ocrx_word' id='word_1_395' title='bbox 463 2885 526 2925; x_wconf 89' lang='lat' dir='ltr'><strong>hei</strong></span> <span class='ocrx_word' id='word_1_396' title='bbox 547 2885 661 2923; x_wconf 88' lang='lat' dir='ltr'><strong>mihi!</strong></span> <span class='ocrx_word' id='word_1_397' title='bbox 691 2886 761 2926; x_wconf 83' lang='lat' dir='ltr'><strong>sed</strong></span> <span class='ocrx_word' id='word_1_398' title='bbox 793 2899 870 2925; x_wconf 90' lang='lat' dir='ltr'><strong>non</strong></span> <span class='ocrx_word' id='word_1_399' title='bbox 900 2887 973 2925; x_wconf 91' lang='lat' dir='ltr'><strong>hoc</strong></span> <span class='ocrx_word' id='word_1_400' title='bbox 1001 2892 1062 2926; x_wconf 90' lang='lat' dir='ltr'><strong>est</strong></span> <span class='ocrx_word' id='word_1_401' title='bbox 1081 2898 1212 2936; x_wconf 83' lang='lat' dir='ltr'><strong>grave,</strong></span> <span class='ocrx_word' id='word_1_402' title='bbox 1232 2898 1310 2923; x_wconf 91' lang='lat' dir='ltr'><strong>non</strong></span> <span class='ocrx_word' id='word_1_403' title='bbox 1335 2884 1422 2934; x_wconf 88' lang='lat' dir='ltr'><strong>hoc,</strong></span> <span class='ocrx_word' id='word_1_404' title='bbox 1446 2895 1517 2924; x_wconf 86' lang='lat' dir='ltr'><strong>nos</strong></span> <span class='ocrx_word' id='word_1_405' title='bbox 1539 2900 1621 2926; x_wconf 86' lang='lat' dir='ltr'><strong>ma-</strong></span> 
     </span>
    </p>

    <p class='ocr_par' dir='ltr' id='par_1_4' title="bbox 858 2949 931 2984">
     <span class='ocr_line' id='line_1_46' title="bbox 858 2949 931 2984; baseline 0 0"><span class='ocrx_word' id='word_1_406' title='bbox 858 2949 880 2984; x_wconf 88' lang='lat'>3</span> <span class='ocrx_word' id='word_1_407' title='bbox 906 2959 931 2984; x_wconf 85' lang='lat' dir='ltr'><strong>G</strong></span> 
     </span>
    </p>
   </div>
  </div>
 </body>
</html>
