1923 3149
515 417 714 457 LIBANII
747 417 1144 459 ARGUMENTUM
1176 418 1231 455 IN
1263 418 1596 456 ORATIONEM

766 489 872 526 PRO
908 489 1356 527 MEGALOPOLITIS.

393 592 654 627 Lmenremosu,
678 602 766 629 quum
792 592 829 620 ad
858 592 986 621 Leuctra
1011 592 1136 622 Boeotiae
1155 591 1297 630 oppidum
1324 591 1395 620 vieti
1423 602 1438 620 a
1462 590 1621 625 Thebanis,
1647 593 1771 628 propter

350 642 499 671 Arcadum
515 642 726 677 desectionem,
742 641 792 680 qui
819 652 851 670 se
875 642 912 671 ad
937 643 1094 671 Thebanos
1121 642 1318 677 contulerant,
1336 642 1364 670 in
1392 652 1496 680 niagno
1513 640 1647 679 periculo
1664 643 1775 674 essent,

349 693 570 722 Atheniensium
583 692 696 722 auxilio
709 692 876 722 conservati
892 698 969 722 sunt.
1017 694 1098 727 Post,
1111 693 1149 722 iis
1161 692 1383 722 discriminibus
1400 691 1594 732 propulsatis,
1616 699 1775 729 recupera-

348 750 438 781 taque
449 753 489 772 ex
508 748 593 783 parte
605 743 731 781 pristina
747 743 889 782 potentia,
907 743 1117 782 Megalopolim
1138 743 1274 772 Arcadiae
1289 744 1392 773 urbem
1417 744 1598 778 invaserunt,
1622 741 1775 781 postulata

348 804 404 833 per
420 793 535 832 legatos
552 795 588 822 ab
605 794 839 824 Atheniensibus
851 793 918 833 ejus
934 794 1004 823 belli
1022 794 1176 823 societate.
1222 794 1371 823 Miserunt
1388 798 1416 822 et
1435 793 1660 832 Megalopolitae
1678 793 1774 822 Athe-

349 855 412 878 naS,
436 844 487 883 qui
509 844 653 873 auxilium
674 849 820 882 peterent.
866 845 1085 874 Demosthenes
1109 844 1201 883 igitur
1225 845 1461 874 Atheniensibus
1478 849 1581 873 auctor
1597 849 1704 879 est,ne
1719 843 1767 872 vel

352 894 488 924 exscindi
505 894 731 934 Megalopolim,
749 895 794 924 vel
806 905 880 934 opes
893 894 1186 925 Lacedaemoniorum
1199 905 1333 925 crescere
1350 896 1510 934 patiantur,
1522 905 1588 924 cum
1605 895 1643 924 sit
1658 905 1674 923 e
1690 904 1777 932 repu-

350 945 428 974 blica
443 945 486 974 eis
499 945 605 975 terrori
620 955 676 975 non
693 955 760 975 esse
774 946 1029 975 Lacedaemonem.

786 1244 1356 1298 DEMOSTHENIS

599 1382 758 1431 PRO
833 1383 1541 1431 MEGALOPOLITIS

942 1514 1195 1556 ORATIO.

412 1634 445 1668 1.
476 1631 677 1672 UTRIQUE
697 1631 786 1667 mihi
805 1643 965 1681 peccare
982 1631 1172 1677 videntur,
1195 1631 1463 1677 Athenienses,
1483 1639 1560 1669 tam
1580 1631 1603 1668 ii
1622 1630 1686 1682 qui
1707 1630 1781 1668 Ar-

358 1692 528 1735 cadibus,
549 1705 662 1741 quam
681 1692 704 1728 ii
725 1693 788 1742 qui
809 1692 1110 1729 Lacedaemoniis
1141 1693 1443 1742 patrocinantur:
1472 1700 1652 1743 tanquam
1682 1691 1782 1730 enim

358 1753 405 1788 ab
423 1752 610 1789 alterutris
626 1752 741 1798 missi,
756 1765 831 1789 non
851 1752 964 1789 nostri
981 1752 1082 1790 cives
1103 1753 1189 1798 sint,
1209 1753 1306 1803 apud
1327 1766 1423 1802 quos
1440 1752 1493 1790 illi
1513 1753 1657 1802 utrique
1676 1752 1782 1802 lega—-

358 1812 496 1850 tionem
526 1814 679 1858 obeunt,
700 1813 751 1850 sic
777 1820 906 1850 mutuo
928 1826 967 1850 se
987 1820 1171 1851 accusant
1187 1821 1225 1851 et
1248 1815 1502 1852 criminantur.
1542 1815 1585 1851 Id
1609 1813 1711 1864 quod
1730 1814 1783 1851 le-

358 1873 456 1922 gatis
476 1873 761 1922 relinquendum
784 1873 873 1910 fuit:
904 1886 1031 1910 eorum
1051 1875 1150 1910 enim
1171 1874 1233 1924 qui
1253 1875 1451 1912 consilium
1469 1875 1529 1912 hic
1548 1875 1784 1924 pollicentur,

359 1932 520 1970 officium
539 1940 610 1979 est,
629 1933 762 1970 animis
781 1941 952 1970 neutram
972 1934 1009 1971 in
1027 1942 1170 1985 partem
1190 1935 1469 1981 inclinantibus,
1489 1935 1615 1973 dicere
1633 1942 1783 1973 senten-

357 1993 443 2042 tias,
465 2002 502 2031 et
522 1995 600 2031 sine
626 1995 929 2033 contentionibus
949 1996 1144 2045 exquirere
1167 1995 1258 2045 quid
1278 1996 1382 2034 vobis
1401 1996 1562 2034 maxime
1580 1995 1783 2034 conducat.

357 2053 469 2092 Nunc
489 2055 541 2092 sic
561 2055 734 2104 equidem
755 2055 937 2101 existimo,
961 2055 1032 2092 nisi
1053 2056 1131 2094 noti
1151 2063 1279 2094 essent
1302 2057 1505 2108 Atticeque
1528 2057 1783 2108 loquerentur,

355 2114 434 2152 fore
454 2115 603 2160 multos,
626 2116 688 2166 qui
707 2128 772 2153 eos
792 2116 927 2165 partim
947 2115 1116 2154 Arcades
1137 2130 1231 2163 esse,
1250 2118 1384 2167 partim
1405 2117 1575 2155 Lacones
1595 2124 1783 2168 putarent.

358 2175 439 2213 Etsi
458 2183 583 2214 autem
597 2177 717 2222 video,
736 2189 848 2227 quam
867 2176 1012 2215 difficile
1031 2177 1079 2215 sit
1093 2178 1235 2229 optima
1249 2179 1408 2216 suadere
1423 2192 1432 2215 ι
1461 2192 1508 2216 ne
1524 2192 1608 2216 cum
1625 2191 1690 2216 vos
1708 2193 1785 2217 una

357 2238 508 2288 decepti
528 2239 606 2276 sitis
619 2246 656 2276 et
676 2238 736 2275 alii
752 2238 826 2276 alia
842 2239 980 2284 velitis,
1002 2240 1080 2285 fiat,
1097 2240 1127 2277 si
1145 2241 1228 2290 quis
1241 2241 1400 2278 mediam
1421 2241 1519 2278 viam
1538 2247 1677 2284 teneat,
1697 2253 1784 2277 vos-

357 2310 430 2347 que
447 2311 521 2336 rem
537 2312 767 2350 cognoscere
785 2299 1001 2349 gravemini,
1022 2307 1064 2338 ut
1078 2308 1115 2338 et
1133 2301 1274 2339 neutris
1290 2302 1538 2351 gratificetur;
1569 2307 1607 2338 et
1624 2301 1661 2337 in
1681 2307 1784 2339 utro-

357 2370 513 2407 rumque
533 2360 620 2396 odia
639 2361 823 2397 incurrat:
852 2368 1099 2399 veruntamen
1119 2362 1198 2412 ipse
1219 2362 1331 2407 malo,
1353 2363 1383 2399 si
1401 2362 1496 2399 forte
1515 2362 1569 2399 ita
1595 2362 1784 2408 ceciderit,

358 2417 508 2467 ineptus
523 2419 653 2464 videri,
680 2433 792 2469 quam
814 2421 961 2458 omissis
986 2421 1042 2458 his
1067 2435 1152 2472 quae
1174 2422 1264 2459 mihi
1289 2422 1447 2459 maxime
1463 2422 1637 2459 videntur
1658 2436 1743 2460 esse
1765 2437 1786 2461 e

355 2479 559 2528 republica,
579 2480 791 2529 permittere
811 2487 853 2517 ut
874 2481 1028 2530 quidam
1050 2495 1117 2519 vos
1137 2482 1341 2532 decipiant.
1388 2483 1444 2520 Ae
1469 2490 1607 2521 caetera
1632 2483 1784 2534 quidem

355 2546 503 2589 postea,
524 2541 553 2577 si
569 2548 692 2577 vestra
711 2541 883 2578 voluntas
904 2542 1008 2585 feret,
1026 2543 1148 2580 dicam
1166 2556 1174 2580 :
1205 2557 1306 2581 nunc
1323 2557 1413 2581 vero
1434 2544 1523 2594 quid
1546 2544 1785 2595 potissimum

356 2600 534 2650 expedire
554 2601 774 2646 existimem,
795 2615 954 2639 exorsus
974 2604 1020 2640 ab
1040 2604 1098 2641 bis
1125 2617 1210 2654 quoe
1231 2617 1362 2642 omnes
1381 2605 1622 2651 confitentur,
1647 2606 1784 2644 docere

356 2660 544 2710 incipiam.

409 2722 446 2758 2.
480 2720 602 2758 Nemo
618 2721 730 2771 igitur
748 2722 900 2771 negabit
919 2735 1002 2760 esse
1016 2737 1034 2761 e
1051 2725 1244 2774 republica
1257 2733 1294 2762 et
1315 2726 1622 2764 Lacedaemonios
1635 2733 1674 2764 et
1685 2725 1783 2763 The-

355 2783 476 2819 banos
496 2781 588 2819 istos
608 2795 688 2819 csse
713 2782 891 2820 infirmos.
934 2783 1047 2822 Nunc
1069 2793 1194 2822 autem
1224 2786 1254 2823 is
1276 2799 1397 2824 rerum
1417 2794 1537 2824 status
1557 2794 1627 2832 est,
1649 2787 1680 2825 si
1708 2800 1783 2837 qua

357 2843 470 2881 modo
483 2844 698 2894 conjectura
709 2857 756 2881 ex
771 2844 828 2882 his
849 2857 932 2894 quae
953 2858 1054 2896 saepe
1075 2847 1176 2897 apud
1196 2861 1262 2886 vos
1275 2849 1420 2898 jactata
1441 2855 1529 2887 sunt
1553 2848 1636 2898 capi
1655 2848 1781 2895 debet,
