1923 3149
678 223 905 263 CONTRA
938 222 1167 260 M1D1AM.
1579 221 1651 258 317

201 336 277 362 non
298 326 452 376 perinde
468 327 628 365 fortasse
650 340 718 378 per
739 340 820 366 sese
840 327 960 377 digna
979 324 1110 369 videri,
1132 331 1175 361 ut
1195 331 1396 374 propterea
1411 323 1448 360 in
1462 322 1653 374 judicium

202 387 397 431 veniatur;
428 401 474 426 ea
492 402 582 426 vero
602 388 742 435 dicam,
761 389 898 439 quibus
918 386 1059 426 auditis
1079 397 1191 435 aeque
1212 397 1344 423 omnes
1364 385 1451 435 jure
1478 383 1654 435 indigne-

202 447 306 484 mini.
365 448 532 486 Omnem
558 450 660 487 enim
693 449 850 487 modum
883 446 1081 486 excedunt
1110 457 1157 482 ea
1186 458 1273 495 quae
1305 444 1487 496 deinceps
1515 445 1656 483 dicam.

203 508 266 545 Ac
286 521 333 545 ne
353 522 536 548 accusare
556 510 710 561 quidem
731 523 819 548 eum
837 522 912 561 ego
937 521 1040 546 nunc
1070 506 1331 552 instituissem,
1351 505 1421 542 nisi
1443 513 1522 542 tum
1543 507 1657 553 etiam

202 570 331 606 statim
364 571 401 607 in
432 571 563 622 populi
596 577 791 610 conventu
823 569 1100 621 coarguissem.
1160 567 1318 606 Sacram
1339 567 1440 604 enim
1460 575 1660 605 vestem—-

203 643 293 668 nam
320 644 468 669 sacram
494 645 567 683 ego
599 644 685 670 esse
713 638 821 683 puto,
843 644 957 683 quam
976 629 1068 668 festi
1087 629 1213 680 gratia
1230 628 1391 680 parariS,
1407 628 1593 679 quamdiu
1613 641 1660 667 ea

204 699 582 746 utare—aureasque
601 708 778 739 coronas,
807 708 903 746 quas
934 706 1159 733 curaveram
1190 692 1402 739 faciendas,
1434 700 1662 730 ornamenta

204 754 322 801 chori,
356 769 424 807 per
448 756 619 802 insidias,
651 757 928 804 Athenienses,
955 756 1048 793 mihi
1078 755 1239 806 perdere
1263 760 1427 792 conatus
1449 760 1520 800 est,
1541 760 1661 791 noctu

204 817 369 856 aurificis
408 819 512 856 aedes
550 832 771 870 aggressus.
846 820 904 857 Ac
938 818 1108 870 perdidit
1130 818 1194 856 ille
1224 818 1394 868 quidem,
1425 830 1502 854 non
1531 824 1662 854 tamen

205 890 364 917 omnes:
395 893 468 918 nec
502 880 602 917 enim
633 880 770 931 potuit.
827 880 1059 930 Quanquam
1080 885 1211 917 autem
1229 891 1341 915 nemo
1361 884 1433 924 est,
1454 877 1520 928 qui
1541 890 1582 915 se
1604 877 1662 916 di-

203 946 268 977 cat
298 940 337 977 in
369 940 441 979 hac
461 941 613 980 civitate
631 955 805 993 unquam
826 942 874 979 de
893 954 1087 992 quoquam
1107 939 1315 985 audivisse,
1336 938 1401 989 qui
1419 938 1492 976 hoc
1510 939 1663 977 facinus

206 1011 322 1039 ausus
341 1002 456 1040 fuerit
475 1015 520 1040 ac
539 1003 782 1054 perpetrarit.
841 1003 919 1041 Iste
952 1009 1083 1040 tamen
1110 1002 1184 1039 hoc
1206 1014 1284 1039 non
1306 1005 1527 1046 contentus,
1547 1000 1664 1038 etiam

205 1062 311 1100 chori
326 1064 398 1101 mei
418 1065 656 1115 magistrum,
679 1064 952 1110 Athenienses,
973 1063 1155 1114 corrupit.
1187 1061 1301 1106 Quod
1319 1061 1390 1099 nisi
1405 1061 1663 1112 Telephanes,

206 1123 361 1168 tibicen,
392 1124 577 1176 singulari
601 1126 805 1177 probitate,
826 1126 916 1163 mihi
952 1134 1032 1163 turn
1063 1124 1205 1175 optime
1225 1123 1444 1161 consultum
1466 1123 1665 1170 voluisset,

205 1183 421 1236 fraudeque
438 1187 715 1232 animadversa,
737 1187 892 1224 homine
912 1186 978 1224 illo
998 1185 1166 1236 repulso,
1199 1183 1466 1222 instruendum
1497 1184 1567 1221 sibi
1597 1184 1665 1222 do-

206 1246 451 1296 cendumque
481 1247 640 1285 chorum
660 1248 901 1292 censuisset;
933 1261 981 1285 ne
1001 1253 1147 1285 certare
1168 1246 1323 1296 quidem
1341 1245 1524 1291 licuisset,
1546 1246 1667 1284 Athe-

207 1305 383 1345 nienses:
412 1309 481 1346 sed
501 1308 642 1346 chorus
668 1309 774 1347 rudis
809 1316 847 1347 et
875 1309 1084 1359 imparatus
1116 1307 1335 1352 introiisset,
1350 1320 1438 1345 cum
1458 1307 1668 1356 ignominia

208 1374 343 1406 nostra
361 1369 539 1407 maxima.
598 1370 736 1420 Neque
755 1382 846 1408 vero
860 1368 923 1406 hic
940 1382 1019 1407 suae
1039 1368 1273 1419 improbitati
1292 1367 1451 1404 modum
1470 1367 1574 1413 fecit,
1598 1368 1668 1406 sed

207 1435 286 1467 tam
304 1429 453 1468 infinita
470 1431 545 1468 fuit
563 1432 646 1483 ejus
671 1430 916 1483 protervitas,
934 1437 976 1467 ut
1007 1434 1234 1467 coronatum
1262 1434 1466 1478 praetorem
1487 1440 1669 1480 corrupe-

207 1492 276 1535 rit;
307 1492 440 1531 aediles
461 1500 596 1531 contra
613 1506 673 1531 me
692 1493 916 1535 concitarit3
937 1490 1190 1536 clamitando,
1204 1489 1432 1535 minitando,
1447 1489 1668 1539 jurantibus

202 1553 399 1604 judicibus
420 1554 625 1600 adstando,
645 1567 769 1591 scenae
791 1554 918 1591 aditus
939 1551 1179 1590 obstruendo
1199 1550 1319 1586 clavis
1339 1550 1560 1599 defigendo,
1587 1552 1669 1600 ipse

209 1614 324 1652 homo
343 1615 528 1666 privatus,
548 1616 622 1653 vim
647 1615 843 1666 publicam
873 1614 1015 1660 facere,
1038 1618 1077 1651 et
1107 1610 1275 1649 infandis
1302 1610 1487 1649 molestiis
1518 1612 1670 1651 afficere

209 1689 271 1715 me
291 1690 369 1715 non
388 1677 592 1716 destiterit.

266 1740 302 1776 8.
333 1739 481 1777 Harum
521 1752 659 1785 rerum,
689 1748 777 1791 quae
809 1738 964 1790 quidem
993 1737 1033 1776 in
1063 1736 1269 1789 praesentia
1295 1736 1439 1788 populi,
1471 1743 1537 1774 aut
1565 1738 1670 1789 apud

204 1799 358 1850 judices
373 1800 412 1837 in
432 1800 580 1839 theatro
601 1807 698 1839 actae
731 1808 834 1846 sunt,
855 1814 924 1839 vos
951 1799 1056 1845 mihi,
1076 1798 1252 1845 Judices,
1272 1811 1404 1836 omnes
1425 1805 1543 1836 testes
1561 1800 1672 1837 estis.

212 1861 415 1900 Enimvero
444 1863 664 1914 aequissima
680 1863 954 1913 verissimaque
977 1860 1175 1899 censenda
1193 1867 1253 1898 est
1279 1873 1325 1897 ea
1351 1860 1514 1898 dicentis
1534 1861 1670 1906 oratio,

212 1925 326 1976 cujus
344 1918 488 1962 veritas*
499 1937 630 1962 eorum
652 1924 718 1975 qui
748 1936 816 1974 pro
840 1923 1019 1961 tribunali
1049 1922 1187 1960 sedent
1204 1921 1422 1959 testimonio
1447 1923 1673 1972 comproba-

212 1991 287 2023 tur.
340 1984 533 2023 Praeterea
550 1985 738 2037 corruptis
751 1985 809 2032 iis,
829 1984 895 2035 qui
915 1984 964 2022 de
989 1983 1195 2022 certamine
1214 1982 1394 2020 ludorum
1411 1983 1510 2020 inter
1524 1989 1675 2021 actores

207 2046 418 2098 judicaturi
438 2053 561 2092 eraut,
583 2046 660 2084 duo
685 2047 771 2084 haec
801 2053 987 2096 tanquam
1007 2044 1163 2096 fastigia
1181 2044 1361 2095 quaedam
1385 2043 1561 2081 omnibus
1595 2044 1673 2082 suis

212 2108 409 2158 praeclaris
428 2108 539 2146 factis
560 2108 754 2158 imposuit.
811 2107 929 2150 Quod
949 2114 988 2144 et
1007 2119 1134 2144 meum
1154 2119 1294 2157 corpus
1311 2105 1587 2143 contumeliose
1608 2119 1675 2144 ve-

214 2168 332 2216 xavit,
352 2175 392 2206 et
411 2169 524 2207 tribui
537 2181 650 2215 meae,
670 2183 757 2220 quae
776 2169 816 2206 in
830 2167 1037 2206 certamine
1051 2167 1224 2219 superior
1242 2173 1335 2213 erat,
1355 2166 1393 2203 in
1411 2166 1542 2217 primis
1558 2180 1677 2204 causa

215 2229 351 2268 fuitne
369 2230 525 2268 victoria
544 2231 745 2282 potiretur.
802 2230 850 2267 In
877 2242 939 2267 me
965 2228 1080 2280 igitur
1109 2237 1148 2266 et
1172 2228 1332 2266 tribules
1352 2241 1459 2266 meos
1484 2235 1675 2280 proterve,

215 2297 333 2342 atque
352 2291 390 2329 in
411 2292 551 2330 festum
581 2291 726 2330 nefarie
757 2291 962 2330 commissa
993 2303 1061 2341 per
1093 2289 1221 2334 istum,
1244 2288 1517 2335 Athenienses,
1536 2288 1676 2339 quibus

217 2365 292 2403 ego
324 2359 542 2391 commotus
575 2366 663 2390 eum
694 2352 798 2403 apud
837 2351 1023 2403 populum
1055 2350 1249 2396 accusavi,
1283 2349 1368 2386 haec
1402 2357 1505 2394 sunt,
1532 2356 1571 2387 et
1602 2349 1678 2387 alia

217 2413 364 2452 multa:
395 2427 417 2451 e
437 2415 573 2465 quibus
600 2426 843 2465 quaecunque
877 2419 1025 2463 potero,
1058 2411 1186 2449 statim
1216 2409 1324 2448 vobis
1353 2410 1677 2448 commemorabo.

218 2474 386 2513 Possum
405 2484 535 2514 autem
552 2483 592 2514 et
610 2476 704 2514 alias
722 2475 891 2513 infinitas
918 2474 1001 2525 ejus
1021 2473 1194 2524 injurias,
1217 2481 1258 2511 et
1275 2473 1527 2511 contumelias
1547 2473 1678 2511 multis

218 2543 389 2574 vestrum
407 2537 546 2583 factas,
565 2544 605 2575 et
626 2536 799 2575 facinora
827 2535 966 2587 impuri
996 2535 1105 2572 istius
1138 2534 1260 2571 multa
1279 2539 1318 2571 et
1336 2533 1481 2571 atrocia
1500 2546 1677 2571 narrare:

218 2612 307 2650 quae
326 2598 403 2646 alii,
416 2597 585 2649 judices,
613 2605 719 2636 metu
751 2597 879 2644 istius,
898 2604 937 2635 et
965 2596 1048 2647 ejus
1077 2594 1336 2642 confidentiae,
1357 2602 1397 2632 et
1414 2594 1620 2640 sodalium,
1640 2600 1679 2631 et

220 2673 350 2711 opum,
370 2666 410 2697 et
427 2659 658 2706 insolentiae,
673 2672 719 2697 ac
737 2659 971 2710 reliquarum
992 2670 1118 2696 rerum
1148 2657 1288 2707 quibus
1323 2658 1396 2694 iste
1422 2655 1556 2707 pollet,
1577 2662 1677 2693 atto-

218 2721 304 2768 niti,
325 2733 396 2759 suo
417 2721 551 2758 dolore
577 2720 831 2768 dissimulato,
850 2720 1103 2771 quieverunt;
1134 2718 1197 2756 alii
1216 2717 1354 2756 ulcisci
1367 2716 1517 2768 judicio
1537 2715 1678 2767 conati,

221 2783 317 2821 nihil
348 2781 582 2827 effecerunt;
614 2788 705 2820 sunt
733 2783 860 2828 etiam,
884 2782 948 2833 qui
974 2787 1160 2833 praestare
1184 2780 1225 2818 id
1251 2786 1366 2830 atque
1394 2777 1572 2829 expedire
1607 2778 1678 2816 sibi

222 2845 388 2883 fortasse
405 2844 489 2890 rati,
509 2857 597 2882 cum
618 2855 667 2882 eo
696 2843 967 2894 transegerint.
1025 2842 1140 2884 Quod
1171 2841 1237 2892 qui
1266 2841 1392 2878 facere
1426 2851 1503 2876 non
1525 2851 1678 2876 recusa·
1727 2862 1734 2869 -

222 2912 325 2952 runt,
355 2906 401 2945 iis
428 2905 586 2957 quidem
612 2905 705 2957 ipsis
738 2912 805 2943 est·
828 2905 1084 2950 satisfactum,
1106 2904 1189 2954 ejus
1220 2908 1347 2940 autem
1379 2900 1574 2945 vindictae,
1591 2913 1678 2950 quae

201 3018 204 3020 Ι
224 2964 375 3018 legibus
391 2968 567 3014 debetur,
589 2973 745 3018 propter
761 2966 919 3017 injurias
939 2972 977 3005 et
1000 2966 1071 3004 illis
1092 2970 1195 3010 tunc,
1217 2969 1255 3001 et
1275 2975 1378 3002 nunc
1399 2960 1502 3009 mihi,
1524 2960 1680 3007 ceteris-
