1923 3149
594 175 662 212 DE
694 172 866 212 FALSO
899 170 1254 209 TESTIMONIO.
1570 168 1643 203 497

191 282 312 315 testes
331 277 368 314 in
391 284 429 314 te
448 275 615 314 dixerint
634 275 909 320 testimouium,
928 274 1125 323 quodnam
1146 272 1405 312 testimonium
1427 268 1646 309 accusaris?

188 339 391 377 Ostende:
422 338 629 377 ostendere
649 350 726 376 non
755 344 879 388 potes.
937 335 1000 372 An
1026 347 1103 372 non
1130 336 1246 386 igitur
1279 335 1361 385 ipse
1390 340 1428 371 te
1456 330 1646 370 mendacii

189 402 333 451 arguis,
349 401 440 438 dum
462 400 600 451 injuria
617 406 655 437 te
676 397 857 436 affectum
873 404 912 434 et
935 396 1065 446 iniquo
1082 396 1385 433 circumventum
1406 406 1491 431 esse
1498 392 1648 444 judicio

188 461 379 508 clamitas,
412 461 515 512 quod
543 459 737 499 hominem
769 472 847 497 non
880 457 1089 509 acceperis,
1117 457 1183 507 qui
1215 468 1282 493 eos
1314 455 1379 506 qui
1406 454 1536 492 testati
1557 460 1649 491 sunt

189 523 332 562 habere
352 530 389 561 te
408 530 450 562 et
470 522 670 574 accepisse
692 534 752 568 ea,
779 521 827 559 de
847 521 987 572 quibus
1016 526 1200 570 tanquam
1222 530 1299 555 non
1319 516 1460 555 relictis
1483 515 1648 566 Milyam

189 585 428 635 postulabas,
453 584 539 622 falsi
558 583 767 622 testimonii
793 594 880 621 reos
906 594 985 619 non
1005 579 1166 619 feceris?
1195 591 1294 630 quos
1313 578 1431 628 longe
1448 577 1648 615 honestius

188 644 340 692 fuisset,
368 645 399 683 si
430 645 546 683 laesus
567 657 687 691 esses,
709 643 902 696 persequi.
943 642 1020 681 Sed
1040 641 1157 680 laesus
1175 653 1201 680 a
1218 640 1370 679 nemine
1395 639 1649 677 calumniato-

186 712 270 749 ,rem
290 707 387 757 agis.

247 768 308 805 14.
338 767 396 805 Ac
415 767 545 806 multis
566 767 691 806 modis
716 775 783 806 tua
801 766 1026 819 perspicitur
1045 765 1287 818 improbitas,
1303 763 1342 801 in
1367 762 1495 814 primis
1519 768 1650 800 autem

189 828 222 865 si
240 828 289 866 de
309 835 544 868 testamento
563 830 709 881 aliquid
729 829 929 868 referatur.
963 829 1061 866 Cum
1078 827 1194 876 enim,
1207 826 1384 872 Judices‚
1398 830 1510 877 pater
1523 822 1652 862 omnia

185 902 277 940 quae
291 891 447 941 reliquit
457 897 689 929 testamento
703 891 1005 943 inscripserit,et
1014 890 1172 928 domum
1184 888 1327 927 elocari
1335 887 1509 938 jusserit,
1519 885 1558 923 id
1573 897 1650 923 non

187 950 365 998 reddidit,
381 965 431 990 ne
460 965 534 1003 ego
557 953 843 991 multitudinem
873 952 1103 991 facultatum
1135 950 1266 989 statim
1298 947 1651 1000 deprehenderem:

186 1024 235 1049 ea
253 1025 345 1051 vero
373 1013 575 1064 possidere
595 1027 638 1052 se
657 1014 814 1061 fatetur,
835 1027 922 1066 quae
940 1015 995 1052 ita
1013 1013 1221 1051 manifesta
1240 1017 1332 1050 sunt
1349 1017 1394 1048 ut
1409 1009 1517 1048 nullo
1534 1007 1652 1047 modo

189 1075 322 1126 negari
344 1076 507 1127 possint.
568 1076 664 1114 Haec
684 1083 813 1115 autem
844 1076 965 1124 fuere,
994 1088 1083 1127 quae
1103 1074 1320 1127 perscripta
1337 1073 1377 1111 in
1398 1070 1540 1111 tabulis
1565 1082 1652 1110 esse

187 1136 348 1183 diceret,
369 1137 632 1189 Demophonti
655 1138 881 1190 accipienda
901 1138 980 1177 duo
994 1138 1142 1176 talenta
1155 1136 1300 1184 statim,
1320 1146 1490 1174 sororem
1505 1132 1651 1170 ducen-

189 1197 280 1236 dam
295 1198 360 1236 ubi
375 1198 622 1246 adolevisset,
636 1199 754 1251 idque
769 1200 957 1238 decennio
972 1205 1060 1251 post
1071 1199 1241 1237 futurum
1256 1203 1358 1236 erat:
1377 1196 1440 1235 isti
1453 1193 1655 1245 octoginta

189 1259 313 1298 minas
336 1266 377 1298 et
396 1266 558 1298 matrem
576 1274 701 1300 meam
721 1269 761 1299 et
787 1262 895 1300 aedes
913 1261 1205 1299 inhabitandas:
1237 1258 1482 1310 Therippidae
1495 1262 1651 1307 septua—

187 1320 299 1371 ginta
316 1321 507 1359 minarum
530 1323 811 1359 usumfructum
840 1322 1148 1372 percipiendum,
1163 1322 1257 1357 dum
1279 1332 1353 1370 ego
1373 1320 1429 1357 vir
1444 1320 1571 1356 factus
1589 1330 1651 1355 es-

188 1393 284 1419 sem.
315 1381 470 1420 Caetera
489 1394 593 1426 vero,
605 1394 693 1432 quae
709 1381 801 1419 mihi
821 1388 962 1432 praeter
980 1381 1067 1419 haec
1092 1380 1228 1419 relicta
1240 1385 1344 1424 sunt,
1360 1384 1400 1416 et
1418 1379 1556 1417 domus
1572 1378 1651 1416 elo-

187 1442 394 1488 cationem,
408 1455 429 1480 e
442 1442 584 1480 tabulis
607 1442 771 1480 delevit:
798 1441 905 1493 quod
924 1441 997 1480 sibi
1015 1454 1064 1480 ea
1081 1440 1237 1480 ostendi
1253 1439 1358 1491 apud
1384 1452 1451 1477 vos
1470 1438 1651 1491 expedire

188 1515 269 1541 non
289 1509 454 1554 putaret.
489 1503 590 1541 Cum
610 1502 725 1554 igitur
744 1504 827 1555 ipse
847 1504 1045 1550 fateretur,
1062 1510 1211 1554 patrem
1231 1508 1407 1540 nostrum
1427 1500 1652 1538 morientem

188 1570 343 1603 tantum
359 1564 508 1616 argenti
527 1564 664 1603 horum
683 1564 824 1617 cuique
838 1565 1008 1616 legasse,
1021 1565 1177 1616 judices
1197 1577 1244 1602 ex
1263 1563 1323 1601 his
1341 1561 1651 1601 confessionibus

188 1626 451 1677 conjecturam
469 1632 656 1678 ceperunt
675 1627 723 1665 de
743 1627 1011 1678 magnitudine
1030 1626 1221 1678 peeuniae.
1277 1624 1354 1668 Qui
1380 1623 1484 1662 enim
1502 1623 1552 1661 de
1571 1623 1652 1661 suis

188 1686 439 1726 facultatibus
458 1694 624 1738 quatuor
643 1688 790 1727 talenta
809 1694 850 1726 et
867 1694 924 1726 ter
942 1688 1046 1726 mille
1067 1687 1270 1726 drachmas
1291 1684 1374 1724 doti
1400 1698 1446 1723 ac
1462 1685 1566 1722 dono
1585 1684 1653 1722 de·

186 1747 324 1794 disset,
344 1762 433 1787 eum
453 1750 676 1801 apparebat,
697 1762 775 1788 non
796 1749 846 1788 de
859 1749 988 1801 parvis
1012 1749 1164 1801 opibus,
1185 1761 1283 1800 quas
1305 1747 1398 1785 mihi
1418 1745 1651 1796 reliquisset,

189 1809 259 1847 sed
278 1809 326 1848 de
346 1809 464 1862 duplo
482 1811 692 1862 majoribus
712 1818 751 1850 et
771 1811 950 1862 amplius,
970 1810 1177 1850 decidisse.
1229 1810 1314 1847 Nec
1333 1808 1435 1847 enim
1454 1805 1654 1858 probabile

187 1870 390 1910 videbatur
410 1885 500 1910 eum
520 1873 692 1911 voluisse
712 1885 774 1911 me
787 1873 908 1910 filium
926 1872 976 1910 ad
994 1878 1211 1923 egestatem
1230 1869 1366 1920 redigi,
1388 1875 1429 1907 et
1446 1868 1555 1912 istos,
1570 1867 1652 1918 jam

189 1938 304 1970 antea
323 1932 475 1979 divites,
493 1933 764 1984 locupletiores
785 1935 902 1970 etiam
922 1934 1023 1969 effici
1052 1932 1276 1970 studuisse:
1306 1930 1388 1977 sed,
1407 1935 1564 1981 propter
1586 1940 1653 1966 eo-

188 2006 272 2031 rum
291 2006 380 2044 quae
410 1993 504 2031 mihi
531 1994 848 2045 relinquebantur
883 1991 1051 2044 copiam,
1066 1998 1106 2030 et
1132 1991 1380 2042 Therippidae
1409 1989 1655 2041 septuaginta

190 2055 329 2100 minas,
345 2060 385 2092 et
404 2054 671 2106 Demophonti
689 2055 769 2092 duo
789 2054 936 2092 talenta
959 2065 1183 2104 quanquam
1209 2064 1382 2090 sororem
1404 2063 1531 2089 meam
1555 2063 1653 2088 non-

189 2115 280 2153 dum
301 2115 466 2153 ducturo
482 2115 647 2154 fruenda
666 2115 836 2154 dedisse.
882 2113 982 2152 Eam
1001 2113 1118 2165 igitur
1136 2113 1336 2165 pecuniam
1357 2124 1547 2163 nusquam
1564 2123 1653 2149 cum

191 2176 284 2214 mihi
297 2175 515 2215 reddidisse
527 2177 754 2229 apparebat,
769 2189 843 2215 nec
858 2175 973 2215 etiam
987 2176 1107 2227 paulo
1118 2175 1326 2213 minorem:
1356 2173 1425 2212 sed
1439 2172 1552 2212 aliam
1567 2184 1653 2210 esse

189 2239 441 2290 insumptam,
462 2238 576 2278 aliam
596 2252 676 2278 uon
695 2245 910 2290 acceptam,
931 2237 1045 2276 aliam
1076 2237 1247 2289 ignotam
1267 2236 1353 2284 sibi,
1374 2235 1489 2274 aliam
1510 2235 1652 2272 habere

189 2299 320 2346 alium,
342 2299 455 2338 aliam
476 2300 580 2339 domi
601 2300 819 2352 repositam,
840 2300 1007 2345 dicebat,
1036 2299 1151 2338 aliam
1177 2298 1328 2350 quidvis
1359 2296 1505 2350 potius,
1535 2308 1650 2348 quam

190 2361 255 2399 ubi
274 2361 524 2409 reddidisset,
543 2361 672 2401 dicere
691 2368 859 2414 poterat.

249 2423 311 2461 15.
341 2423 403 2462 De
422 2423 588 2475 pecunia
605 2430 735 2463 autem
755 2423 862 2462 domi
881 2423 1017 2462 relicta
1041 2422 1170 2475 palam
1200 2422 1309 2460 vobis
1336 2419 1543 2460 ostendam
1563 2430 1651 2458 eum

191 2483 362 2522 mentiri:
383 2484 485 2523 hanc
505 2486 606 2524 enim
626 2485 815 2523 rationem
835 2485 977 2532 attulit,
999 2489 1204 2536 postquam
1224 2482 1428 2535 pecuniam
1457 2494 1540 2520 esse
1569 2493 1649 2518 ma-

191 2557 310 2596 gnam
335 2545 537 2592 indicarat,
559 2559 685 2598 neque
714 2553 844 2587 tamen
873 2546 1080 2585 ostendere
1112 2550 1264 2597 poterat
1291 2557 1333 2583 se
1353 2542 1582 2588 reddidisse,
1608 2547 1652 2578 ut

191 2608 298 2658 quod
315 2609 563 2661 perspicuum
581 2600 654 2648 est'
669 2619 740 2648 nos
767 2623 816 2648 ea
837 2616 1013 2662 repetere
1034 2621 1112 2647 non
1132 2608 1287 2647 deceret
1305 2620 1394 2658 quse
1413 2604 1519 2644 domi
1537 2616 1649 2655 repo-

192 2667 268 2706 sita
285 2668 528 2707 haberemus.
588 2669 705 2713 Quod
734 2670 766 2709 si
793 2677 905 2723 pater
934 2670 1085 2709 diffisus
1115 2669 1255 2708 fuisset
1283 2668 1377 2713 istis,
1407 2679 1484 2705 non
1516 2664 1649 2715 utique

193 2736 338 2768 eaetera
355 2729 430 2768 illis
450 2730 722 2777 commisisset,
741 2745 867 2784 neque
886 2731 951 2770 illa
971 2732 1026 2770 sic
1053 2729 1188 2769 relicta
1216 2729 1270 2768 eis
1296 2732 1514 2766 narrasset:
1543 2724 1648 2763 unde

191 2790 307 2842 igitur
327 2791 498 2830 scirent?
539 2791 609 2828 Sin
640 2792 755 2830 fidem
778 2792 994 2839 habuisset,
1023 2791 1127 2830 haud
1148 2789 1280 2840 utique
1305 2788 1513 2827 maximam
1533 2798 1648 2837 opum

193 2860 340 2903 partem
357 2853 394 2892 in
402 2864 540 2894 manus
553 2852 608 2892 eis
630 2853 868 2906 tradidisset,
884 2855 1052 2906 reliquas
1069 2864 1201 2892 eorum
1221 2856 1410 2902 potestate
1429 2847 1648 2892 exemisset,

887 2916 911 2952 3
941 2928 960 2951 s
