<?xml version="1.0" encoding="UTF-8"?>
<!DOCTYPE html PUBLIC "-//W3C//DTD XHTML 1.0 Transitional//EN"
    "http://www.w3.org/TR/xhtml1/DTD/xhtml1-transitional.dtd">
<html xmlns="http://www.w3.org/1999/xhtml" xml:lang="en" lang="en">
 <head>
  <title>
</title>
<meta http-equiv="Content-Type" content="text/html;charset=utf-8" />
  <meta name='ocr-system' content='tesseract 3.04.00' />
  <meta name='ocr-capabilities' content='ocr_page ocr_carea ocr_par ocr_line ocrx_word'/>
</head>
<body>
  <div class='ocr_page' id='page_1' title='image "./oratoresatticie15dobs_0459.png"; bbox 0 0 1923 3149; ppageno 0'>
   <div class='ocr_carea' id='block_1_1' title="bbox 593 167 1610 208">
    <p class='ocr_par' dir='ltr' id='par_1_1' title="bbox 593 167 1610 208">
     <span class='ocr_line' id='line_1_1' title="bbox 593 167 1610 208; baseline -0.003 1"><span class='ocrx_word' id='word_1_1' title='bbox 593 169 818 208; x_wconf 86' lang='lat' dir='ltr'><strong>CONTRA</strong></span> <span class='ocrx_word' id='word_1_2' title='bbox 853 167 1236 208; x_wconf 86' lang='lat' dir='ltr'>TlMOCRATEM.</span> <span class='ocrx_word' id='word_1_3' title='bbox 1532 169 1610 206; x_wconf 80' lang='lat'>443</span> 
     </span>
    </p>
   </div>
   <div class='ocr_carea' id='block_1_2' title="bbox 160 268 1623 2939">
    <p class='ocr_par' dir='ltr' id='par_1_2' title="bbox 160 268 1623 2939">
     <span class='ocr_line' id='line_1_2' title="bbox 162 268 1609 320; baseline 0.001 -15"><span class='ocrx_word' id='word_1_4' title='bbox 162 270 401 319; x_wconf 80' lang='lat' dir='ltr'>praemium</span> <span class='ocrx_word' id='word_1_5' title='bbox 432 271 519 309; x_wconf 86' lang='lat' dir='ltr'>hoc</span> <span class='ocrx_word' id='word_1_6' title='bbox 555 271 782 310; x_wconf 79' lang='lat' dir='ltr'>Minervae</span> <span class='ocrx_word' id='word_1_7' title='bbox 814 277 1195 310; x_wconf 85' lang='lat' dir='ltr'>consecrarunt:</span> <span class='ocrx_word' id='word_1_8' title='bbox 1235 276 1302 308; x_wconf 89' lang='lat' dir='ltr'>aut</span> <span class='ocrx_word' id='word_1_9' title='bbox 1325 269 1551 320; x_wconf 82' lang='lat' dir='ltr'>oppidatim,</span> <span class='ocrx_word' id='word_1_10' title='bbox 1570 268 1609 305; x_wconf 87' lang='lat' dir='ltr'>hi</span> 
     </span>
     <span class='ocr_line' id='line_1_3' title="bbox 161 329 1610 382; baseline 0.001 -16"><span class='ocrx_word' id='word_1_11' title='bbox 161 329 222 367; x_wconf 87' lang='lat' dir='ltr'>vel</span> <span class='ocrx_word' id='word_1_12' title='bbox 242 330 294 367; x_wconf 91' lang='lat' dir='ltr'>illi</span> <span class='ocrx_word' id='word_1_13' title='bbox 315 332 497 382; x_wconf 90' lang='lat' dir='ltr'>populum</span> <span class='ocrx_word' id='word_1_14' title='bbox 519 339 765 378; x_wconf 86' lang='lat' dir='ltr'>coronarunt,</span> <span class='ocrx_word' id='word_1_15' title='bbox 786 332 929 370; x_wconf 63' lang='lat' dir='ltr'>servati*</span> <span class='ocrx_word' id='word_1_16' title='bbox 944 345 967 369; x_wconf 88' lang='lat' dir='ltr'>a</span> <span class='ocrx_word' id='word_1_17' title='bbox 985 332 1141 382; x_wconf 88' lang='lat' dir='ltr'>populo,</span> <span class='ocrx_word' id='word_1_18' title='bbox 1161 330 1292 376; x_wconf 87' lang='lat' dir='ltr'>veluti,</span> <span class='ocrx_word' id='word_1_19' title='bbox 1322 331 1610 368; x_wconf 86' lang='lat' dir='ltr'>Euboeenses</span> 
     </span>
     <span class='ocr_line' id='line_1_4' title="bbox 165 392 1610 443; baseline 0.001 -17"><span class='ocrx_word' id='word_1_20' title='bbox 165 393 345 429; x_wconf 89' lang='lat' dir='ltr'>servati</span> <span class='ocrx_word' id='word_1_21' title='bbox 374 394 492 430; x_wconf 89' lang='lat' dir='ltr'>etin</span> <span class='ocrx_word' id='word_1_22' title='bbox 520 394 800 431; x_wconf 90' lang='lat' dir='ltr'>libertatem</span> <span class='ocrx_word' id='word_1_23' title='bbox 829 392 1007 431; x_wconf 78' lang='lat' dir='ltr'>asserti</span> <span class='ocrx_word' id='word_1_24' title='bbox 1036 400 1332 430; x_wconf 88' lang='lat' dir='ltr'>coronarunt</span> <span class='ocrx_word' id='word_1_25' title='bbox 1364 392 1610 443; x_wconf 88' lang='lat' dir='ltr'>populum.</span> 
     </span>
     <span class='ocr_line' id='line_1_5' title="bbox 164 451 1611 505; baseline 0.003 -18"><span class='ocrx_word' id='word_1_26' title='bbox 164 451 266 488; x_wconf 83' lang='lat' dir='ltr'>Alibi</span> <span class='ocrx_word' id='word_1_27' title='bbox 287 452 426 491; x_wconf 89' lang='lat' dir='ltr'>alicubi</span> <span class='ocrx_word' id='word_1_28' title='bbox 449 454 683 505; x_wconf 88' lang='lat' dir='ltr'>adscriptum</span> <span class='ocrx_word' id='word_1_29' title='bbox 705 454 788 500; x_wconf 72' lang='lat' dir='ltr'>fuit,</span> <span class='ocrx_word' id='word_1_30' title='bbox 820 455 956 492; x_wconf 90' lang='lat' dir='ltr'>Cono</span> <span class='ocrx_word' id='word_1_31' title='bbox 987 453 1042 490; x_wconf 88' lang='lat' dir='ltr'>de</span> <span class='ocrx_word' id='word_1_32' title='bbox 1067 452 1229 489; x_wconf 86' lang='lat' dir='ltr'>navali</span> <span class='ocrx_word' id='word_1_33' title='bbox 1257 453 1426 503; x_wconf 83' lang='lat' dir='ltr'>praelio</span> <span class='ocrx_word' id='word_1_34' title='bbox 1463 453 1611 491; x_wconf 90' lang='lat' dir='ltr'>Laco-</span> 
     </span>
     <span class='ocr_line' id='line_1_6' title="bbox 165 512 1611 565; baseline 0.001 -16"><span class='ocrx_word' id='word_1_35' title='bbox 165 513 287 550; x_wconf 89' lang='lat' dir='ltr'>nico.</span> <span class='ocrx_word' id='word_1_36' title='bbox 342 514 586 552; x_wconf 81' lang='lat' dir='ltr'>Chabrias</span> <span class='ocrx_word' id='word_1_37' title='bbox 629 515 684 553; x_wconf 91' lang='lat' dir='ltr'>de</span> <span class='ocrx_word' id='word_1_38' title='bbox 730 514 889 552; x_wconf 89' lang='lat' dir='ltr'>navali</span> <span class='ocrx_word' id='word_1_39' title='bbox 935 513 1104 565; x_wconf 87' lang='lat' dir='ltr'>praelio</span> <span class='ocrx_word' id='word_1_40' title='bbox 1154 512 1323 550; x_wconf 85' lang='lat' dir='ltr'>Naxio.</span> <span class='ocrx_word' id='word_1_41' title='bbox 1376 513 1475 551; x_wconf 85' lang='lat' dir='ltr'>Nam</span> <span class='ocrx_word' id='word_1_42' title='bbox 1516 514 1611 552; x_wconf 84' lang='lat' dir='ltr'>tales</span> 
     </span>
     <span class='ocr_line' id='line_1_7' title="bbox 162 573 1612 626; baseline 0.001 -16"><span class='ocrx_word' id='word_1_43' title='bbox 162 573 320 611; x_wconf 88' lang='lat' dir='ltr'>fuerunt</span> <span class='ocrx_word' id='word_1_44' title='bbox 337 588 562 612; x_wconf 89' lang='lat' dir='ltr'>coronarum</span> <span class='ocrx_word' id='word_1_45' title='bbox 576 575 859 626; x_wconf 83' lang='lat' dir='ltr'>inscriptiones.</span> <span class='ocrx_word' id='word_1_46' title='bbox 887 575 944 612; x_wconf 88' lang='lat' dir='ltr'>Ea</span> <span class='ocrx_word' id='word_1_47' title='bbox 963 575 1078 625; x_wconf 86' lang='lat' dir='ltr'>igitur</span> <span class='ocrx_word' id='word_1_48' title='bbox 1092 587 1177 625; x_wconf 90' lang='lat' dir='ltr'>quae</span> <span class='ocrx_word' id='word_1_49' title='bbox 1189 573 1300 612; x_wconf 90' lang='lat' dir='ltr'>nobis</span> <span class='ocrx_word' id='word_1_50' title='bbox 1315 573 1453 612; x_wconf 90' lang='lat' dir='ltr'>honori</span> <span class='ocrx_word' id='word_1_51' title='bbox 1467 574 1612 612; x_wconf 90' lang='lat' dir='ltr'>dudum</span> 
     </span>
     <span class='ocr_line' id='line_1_8' title="bbox 163 633 1615 686; baseline 0.002 -16"><span class='ocrx_word' id='word_1_52' title='bbox 163 634 332 680; x_wconf 84' lang='lat' dir='ltr'>fuerunt,</span> <span class='ocrx_word' id='word_1_53' title='bbox 347 642 383 672; x_wconf 84' lang='lat' dir='ltr'>et</span> <span class='ocrx_word' id='word_1_54' title='bbox 399 635 687 673; x_wconf 80' lang='lat' dir='ltr'>admirationem</span> <span class='ocrx_word' id='word_1_55' title='bbox 700 641 943 686; x_wconf 87' lang='lat' dir='ltr'>pepererunt,</span> <span class='ocrx_word' id='word_1_56' title='bbox 959 634 1165 673; x_wconf 86' lang='lat' dir='ltr'>destructis</span> <span class='ocrx_word' id='word_1_57' title='bbox 1181 633 1332 673; x_wconf 70' lang='lat' dir='ltr'>cor&#39;onis</span> <span class='ocrx_word' id='word_1_58' title='bbox 1348 641 1439 672; x_wconf 86' lang='lat' dir='ltr'>sunt</span> <span class='ocrx_word' id='word_1_59' title='bbox 1452 636 1615 673; x_wconf 85' lang='lat' dir='ltr'>abolita:</span> 
     </span>
     <span class='ocr_line' id='line_1_9' title="bbox 160 694 1616 746; baseline 0.001 -15"><span class='ocrx_word' id='word_1_60' title='bbox 160 694 299 745; x_wconf 78' lang='lat' dir='ltr'>phialis</span> <span class='ocrx_word' id='word_1_61' title='bbox 320 703 462 740; x_wconf 86' lang='lat' dir='ltr'>autem,</span> <span class='ocrx_word' id='word_1_62' title='bbox 478 708 574 745; x_wconf 87' lang='lat' dir='ltr'>quas</span> <span class='ocrx_word' id='word_1_63' title='bbox 596 696 666 732; x_wconf 89' lang='lat' dir='ltr'>iste</span> <span class='ocrx_word' id='word_1_64' title='bbox 686 708 811 746; x_wconf 86' lang='lat' dir='ltr'>ganeo</span> <span class='ocrx_word' id='word_1_65' title='bbox 830 696 937 733; x_wconf 84' lang='lat' dir='ltr'>vobis</span> <span class='ocrx_word' id='word_1_66' title='bbox 957 695 1106 732; x_wconf 89' lang='lat' dir='ltr'>illorum</span> <span class='ocrx_word' id='word_1_67' title='bbox 1127 696 1214 734; x_wconf 78' lang='lat' dir='ltr'>loco</span> <span class='ocrx_word' id='word_1_68' title='bbox 1229 695 1461 746; x_wconf 85' lang='lat' dir='ltr'>procuravit,</span> <span class='ocrx_word' id='word_1_69' title='bbox 1482 695 1616 733; x_wconf 90' lang='lat' dir='ltr'>inscri-</span> 
     </span>
     <span class='ocr_line' id='line_1_10' title="bbox 165 756 1616 807; baseline 0.001 -15"><span class='ocrx_word' id='word_1_70' title='bbox 165 762 270 806; x_wconf 90' lang='lat' dir='ltr'>ptum</span> <span class='ocrx_word' id='word_1_71' title='bbox 293 762 364 802; x_wconf 90' lang='lat' dir='ltr'>est,</span> <span class='ocrx_word' id='word_1_72' title='bbox 401 756 700 793; x_wconf 85' lang='lat' dir='ltr'>Androtione</span> <span class='ocrx_word' id='word_1_73' title='bbox 738 764 942 794; x_wconf 84' lang='lat' dir='ltr'>curante</span> <span class='ocrx_word' id='word_1_74' title='bbox 979 756 1118 794; x_wconf 83' lang='lat' dir='ltr'>factae</span> <span class='ocrx_word' id='word_1_75' title='bbox 1150 763 1274 793; x_wconf 89' lang='lat' dir='ltr'>sunt.</span> <span class='ocrx_word' id='word_1_76' title='bbox 1319 756 1369 793; x_wconf 89' lang='lat' dir='ltr'>Et</span> <span class='ocrx_word' id='word_1_77' title='bbox 1394 756 1506 807; x_wconf 89' lang='lat' dir='ltr'>cujus</span> <span class='ocrx_word' id='word_1_78' title='bbox 1531 769 1616 793; x_wconf 91' lang='lat' dir='ltr'>cor-</span> 
     </span>
     <span class='ocr_line' id='line_1_11' title="bbox 163 815 1616 867; baseline 0.002 -16"><span class='ocrx_word' id='word_1_79' title='bbox 163 827 236 864; x_wconf 87' lang='lat' dir='ltr'>pus</span> <span class='ocrx_word' id='word_1_80' title='bbox 257 815 397 866; x_wconf 90' lang='lat' dir='ltr'>stupris</span> <span class='ocrx_word' id='word_1_81' title='bbox 415 816 672 866; x_wconf 88' lang='lat' dir='ltr'>inquinatum,</span> <span class='ocrx_word' id='word_1_82' title='bbox 692 816 839 866; x_wconf 74' lang='lat' dir='ltr'>ingredi</span> <span class='ocrx_word' id='word_1_83' title='bbox 860 816 1047 867; x_wconf 82' lang='lat' dir='ltr'>templum</span> <span class='ocrx_word' id='word_1_84' title='bbox 1066 816 1174 866; x_wconf 81' lang='lat' dir='ltr'>leges</span> <span class='ocrx_word' id='word_1_85' title='bbox 1196 823 1344 864; x_wconf 78' lang='lat' dir='ltr'>vetant,</span> <span class='ocrx_word' id='word_1_86' title='bbox 1367 820 1449 865; x_wconf 87' lang='lat' dir='ltr'>ejus</span> <span class='ocrx_word' id='word_1_87' title='bbox 1477 830 1616 855; x_wconf 88' lang='lat' dir='ltr'>nomen</span> 
     </span>
     <span class='ocr_line' id='line_1_12' title="bbox 162 875 1615 928; baseline 0.001 -15"><span class='ocrx_word' id='word_1_88' title='bbox 162 875 200 912; x_wconf 90' lang='lat' dir='ltr'>in</span> <span class='ocrx_word' id='word_1_89' title='bbox 223 877 342 914; x_wconf 87' lang='lat' dir='ltr'>sacris</span> <span class='ocrx_word' id='word_1_90' title='bbox 362 877 590 927; x_wconf 85' lang='lat' dir='ltr'>templorum</span> <span class='ocrx_word' id='word_1_91' title='bbox 611 877 713 915; x_wconf 85' lang='lat' dir='ltr'>vasis</span> <span class='ocrx_word' id='word_1_92' title='bbox 738 884 798 915; x_wconf 91' lang='lat' dir='ltr'>est</span> <span class='ocrx_word' id='word_1_93' title='bbox 815 877 1056 928; x_wconf 82' lang='lat' dir='ltr'>inscriptum.</span> <span class='ocrx_word' id='word_1_94' title='bbox 1101 876 1244 920; x_wconf 84' lang='lat' dir='ltr'>Quidni</span> <span class='ocrx_word' id='word_1_95' title='bbox 1265 890 1354 915; x_wconf 84' lang='lat' dir='ltr'>vero</span> <span class='ocrx_word' id='word_1_96' title='bbox 1374 877 1495 915; x_wconf 91' lang='lat' dir='ltr'>simile</span> <span class='ocrx_word' id='word_1_97' title='bbox 1515 878 1615 915; x_wconf 90' lang='lat' dir='ltr'>istud</span> 
     </span>
     <span class='ocr_line' id='line_1_13' title="bbox 163 938 1617 989; baseline 0.002 -15"><span class='ocrx_word' id='word_1_98' title='bbox 163 945 269 974; x_wconf 89' lang='lat' dir='ltr'>esset</span> <span class='ocrx_word' id='word_1_99' title='bbox 297 938 490 976; x_wconf 90' lang='lat' dir='ltr'>veteribus</span> <span class='ocrx_word' id='word_1_100' title='bbox 521 938 829 989; x_wconf 83' lang='lat' dir='ltr'>inscriptionibus</span> <span class='ocrx_word' id='word_1_101' title='bbox 861 946 900 976; x_wconf 91' lang='lat' dir='ltr'>et</span> <span class='ocrx_word' id='word_1_102' title='bbox 935 951 1045 989; x_wconf 77' lang='lat' dir='ltr'>aeque</span> <span class='ocrx_word' id='word_1_103' title='bbox 1082 938 1336 975; x_wconf 85' lang='lat' dir='ltr'>honorificum</span> <span class='ocrx_word' id='word_1_104' title='bbox 1365 939 1617 989; x_wconf 80' lang='lat' dir='ltr'>reipublicae?</span> 
     </span>
     <span class='ocr_line' id='line_1_14' title="bbox 166 998 1619 1050; baseline 0.002 -15"><span class='ocrx_word' id='word_1_105' title='bbox 166 998 257 1036; x_wconf 87' lang='lat' dir='ltr'>Tria</span> <span class='ocrx_word' id='word_1_106' title='bbox 275 999 391 1049; x_wconf 86' lang='lat' dir='ltr'>igitur</span> <span class='ocrx_word' id='word_1_107' title='bbox 409 999 498 1037; x_wconf 88' lang='lat' dir='ltr'>hinc</span> <span class='ocrx_word' id='word_1_108' title='bbox 518 1006 671 1037; x_wconf 88' lang='lat' dir='ltr'>constat</span> <span class='ocrx_word' id='word_1_109' title='bbox 694 1013 761 1037; x_wconf 91' lang='lat' dir='ltr'>eos</span> <span class='ocrx_word' id='word_1_110' title='bbox 789 1000 954 1037; x_wconf 85' lang='lat' dir='ltr'>maxime</span> <span class='ocrx_word' id='word_1_111' title='bbox 973 999 1120 1037; x_wconf 82' lang='lat' dir='ltr'>nefaria</span> <span class='ocrx_word' id='word_1_112' title='bbox 1147 1007 1404 1050; x_wconf 82' lang='lat' dir='ltr'>perpetrasse.</span> <span class='ocrx_word' id='word_1_113' title='bbox 1459 999 1559 1037; x_wconf 86' lang='lat' dir='ltr'>Nam</span> <span class='ocrx_word' id='word_1_114' title='bbox 1580 1009 1619 1038; x_wconf 80' lang='lat' dir='ltr'>ct</span> 
     </span>
     <span class='ocr_line' id='line_1_15' title="bbox 164 1059 1619 1111; baseline 0.001 -14"><span class='ocrx_word' id='word_1_115' title='bbox 164 1059 278 1097; x_wconf 90' lang='lat' dir='ltr'>deam</span> <span class='ocrx_word' id='word_1_116' title='bbox 299 1061 450 1098; x_wconf 86' lang='lat' dir='ltr'>coronis</span> <span class='ocrx_word' id='word_1_117' title='bbox 471 1061 710 1111; x_wconf 88' lang='lat' dir='ltr'>spoliarunt:</span> <span class='ocrx_word' id='word_1_118' title='bbox 741 1067 780 1098; x_wconf 86' lang='lat' dir='ltr'>et</span> <span class='ocrx_word' id='word_1_119' title='bbox 806 1061 910 1097; x_wconf 86' lang='lat' dir='ltr'>urbis</span> <span class='ocrx_word' id='word_1_120' title='bbox 932 1060 1035 1098; x_wconf 90' lang='lat' dir='ltr'>illam</span> <span class='ocrx_word' id='word_1_121' title='bbox 1057 1060 1269 1097; x_wconf 81' lang='lat' dir='ltr'>facinorum</span> <span class='ocrx_word' id='word_1_122' title='bbox 1297 1059 1558 1098; x_wconf 84' lang='lat' dir='ltr'>celebritatem</span> <span class='ocrx_word' id='word_1_123' title='bbox 1580 1069 1619 1098; x_wconf 86' lang='lat' dir='ltr'>et</span> 
     </span>
     <span class='ocr_line' id='line_1_16' title="bbox 164 1119 1621 1171; baseline 0.002 -14"><span class='ocrx_word' id='word_1_124' title='bbox 164 1119 468 1166; x_wconf 81' lang='lat' dir='ltr'>admirationem,</span> <span class='ocrx_word' id='word_1_125' title='bbox 489 1134 647 1171; x_wconf 86' lang='lat' dir='ltr'>quarum</span> <span class='ocrx_word' id='word_1_126' title='bbox 668 1134 821 1159; x_wconf 67' lang='lat' dir='ltr'>coronae</span> <span class='ocrx_word' id='word_1_127' title='bbox 838 1122 1073 1159; x_wconf 87' lang='lat' dir='ltr'>monimenta</span> <span class='ocrx_word' id='word_1_128' title='bbox 1091 1121 1257 1165; x_wconf 80' lang='lat' dir='ltr'>fuerant,</span> <span class='ocrx_word' id='word_1_129' title='bbox 1277 1120 1551 1159; x_wconf 75' lang='lat' dir='ltr'>aboleverunt:</span> <span class='ocrx_word' id='word_1_130' title='bbox 1582 1129 1621 1160; x_wconf 90' lang='lat' dir='ltr'>et</span> 
     </span>
     <span class='ocr_line' id='line_1_17' title="bbox 164 1180 1618 1232; baseline 0.002 -15"><span class='ocrx_word' id='word_1_131' title='bbox 164 1180 222 1218; x_wconf 88' lang='lat' dir='ltr'>his</span> <span class='ocrx_word' id='word_1_132' title='bbox 239 1181 302 1231; x_wconf 87' lang='lat' dir='ltr'>qui</span> <span class='ocrx_word' id='word_1_133' title='bbox 334 1194 495 1219; x_wconf 86' lang='lat' dir='ltr'>coronas</span> <span class='ocrx_word' id='word_1_134' title='bbox 524 1181 762 1227; x_wconf 86' lang='lat' dir='ltr'>dedicarant,</span> <span class='ocrx_word' id='word_1_135' title='bbox 786 1195 860 1219; x_wconf 89' lang='lat' dir='ltr'>non</span> <span class='ocrx_word' id='word_1_136' title='bbox 888 1195 1041 1232; x_wconf 83' lang='lat' dir='ltr'>parvam</span> <span class='ocrx_word' id='word_1_137' title='bbox 1068 1181 1227 1231; x_wconf 83' lang='lat' dir='ltr'>gloriam</span> <span class='ocrx_word' id='word_1_138' title='bbox 1258 1180 1508 1227; x_wconf 89' lang='lat' dir='ltr'>sustulerunt,</span> <span class='ocrx_word' id='word_1_139' title='bbox 1541 1195 1618 1232; x_wconf 91' lang='lat' dir='ltr'>quo</span> 
     </span>
     <span class='ocr_line' id='line_1_18' title="bbox 163 1241 1565 1293; baseline 0.002 -15"><span class='ocrx_word' id='word_1_140' title='bbox 163 1242 290 1279; x_wconf 87' lang='lat' dir='ltr'>minus</span> <span class='ocrx_word' id='word_1_141' title='bbox 309 1249 554 1293; x_wconf 86' lang='lat' dir='ltr'>acceptorum</span> <span class='ocrx_word' id='word_1_142' title='bbox 575 1243 849 1280; x_wconf 86' lang='lat' dir='ltr'>beneficiorum</span> <span class='ocrx_word' id='word_1_143' title='bbox 872 1255 1060 1279; x_wconf 77' lang='lat' dir='ltr'>memores</span> <span class='ocrx_word' id='word_1_144' title='bbox 1076 1255 1120 1279; x_wconf 89' lang='lat' dir='ltr'>ac</span> <span class='ocrx_word' id='word_1_145' title='bbox 1133 1242 1230 1292; x_wconf 81' lang='lat' dir='ltr'>grati</span> <span class='ocrx_word' id='word_1_146' title='bbox 1249 1254 1336 1279; x_wconf 84' lang='lat' dir='ltr'>esse</span> <span class='ocrx_word' id='word_1_147' title='bbox 1350 1241 1565 1281; x_wconf 86' lang='lat' dir='ltr'>videantur.</span> 
     </span>
     <span class='ocr_line' id='line_1_19' title="bbox 217 1302 1619 1354; baseline 0.004 -17"><span class='ocrx_word' id='word_1_148' title='bbox 217 1303 284 1338; x_wconf 80' lang='lat'>42.</span> <span class='ocrx_word' id='word_1_149' title='bbox 314 1302 500 1345; x_wconf 88' lang='lat' dir='ltr'>Quamvis</span> <span class='ocrx_word' id='word_1_150' title='bbox 520 1302 635 1352; x_wconf 82' lang='lat' dir='ltr'>igitur</span> <span class='ocrx_word' id='word_1_151' title='bbox 650 1303 742 1340; x_wconf 84' lang='lat' dir='ltr'>talia</span> <span class='ocrx_word' id='word_1_152' title='bbox 761 1311 801 1340; x_wconf 87' lang='lat' dir='ltr'>et</span> <span class='ocrx_word' id='word_1_153' title='bbox 815 1310 924 1340; x_wconf 84' lang='lat' dir='ltr'>tanta</span> <span class='ocrx_word' id='word_1_154' title='bbox 944 1302 1046 1340; x_wconf 82' lang='lat' dir='ltr'>mala</span> <span class='ocrx_word' id='word_1_155' title='bbox 1058 1302 1232 1348; x_wconf 85' lang='lat' dir='ltr'>fecerint,</span> <span class='ocrx_word' id='word_1_156' title='bbox 1248 1308 1378 1340; x_wconf 89' lang='lat' dir='ltr'>tamen</span> <span class='ocrx_word' id='word_1_157' title='bbox 1390 1302 1443 1340; x_wconf 89' lang='lat' dir='ltr'>ita</span> <span class='ocrx_word' id='word_1_158' title='bbox 1458 1303 1619 1354; x_wconf 83' lang='lat' dir='ltr'>insignis</span> 
     </span>
     <span class='ocr_line' id='line_1_20' title="bbox 163 1363 1621 1416; baseline 0.001 -15"><span class='ocrx_word' id='word_1_159' title='bbox 163 1376 296 1401; x_wconf 88' lang='lat' dir='ltr'>eorum</span> <span class='ocrx_word' id='word_1_160' title='bbox 317 1370 450 1413; x_wconf 87' lang='lat' dir='ltr'>stupor</span> <span class='ocrx_word' id='word_1_161' title='bbox 469 1371 530 1400; x_wconf 90' lang='lat' dir='ltr'>est</span> <span class='ocrx_word' id='word_1_162' title='bbox 559 1371 598 1407; x_wconf 80' lang='lat' dir='ltr'>et</span> <span class='ocrx_word' id='word_1_163' title='bbox 615 1363 866 1414; x_wconf 86' lang='lat' dir='ltr'>impudentia,</span> <span class='ocrx_word' id='word_1_164' title='bbox 890 1371 933 1401; x_wconf 89' lang='lat' dir='ltr'>ut</span> <span class='ocrx_word' id='word_1_165' title='bbox 950 1372 989 1401; x_wconf 88' lang='lat' dir='ltr'>et</span> <span class='ocrx_word' id='word_1_166' title='bbox 1007 1365 1080 1401; x_wconf 82' lang='lat' dir='ltr'>iste</span> <span class='ocrx_word' id='word_1_167' title='bbox 1103 1371 1254 1414; x_wconf 87' lang='lat' dir='ltr'>propter</span> <span class='ocrx_word' id='word_1_168' title='bbox 1278 1364 1386 1400; x_wconf 86' lang='lat' dir='ltr'>illum</span> <span class='ocrx_word' id='word_1_169' title='bbox 1408 1377 1448 1401; x_wconf 83' lang='lat' dir='ltr'>se</span> <span class='ocrx_word' id='word_1_170' title='bbox 1468 1364 1621 1416; x_wconf 85' lang='lat' dir='ltr'>impune</span> 
     </span>
     <span class='ocr_line' id='line_1_21' title="bbox 164 1424 1621 1475; baseline 0.003 -13"><span class='ocrx_word' id='word_1_171' title='bbox 164 1431 294 1475; x_wconf 86' lang='lat' dir='ltr'>speret</span> <span class='ocrx_word' id='word_1_172' title='bbox 325 1424 532 1470; x_wconf 79' lang='lat' dir='ltr'>abiturum,</span> <span class='ocrx_word' id='word_1_173' title='bbox 553 1432 592 1462; x_wconf 89' lang='lat' dir='ltr'>et</span> <span class='ocrx_word' id='word_1_174' title='bbox 622 1425 686 1462; x_wconf 88' lang='lat' dir='ltr'>ille</span> <span class='ocrx_word' id='word_1_175' title='bbox 710 1425 894 1470; x_wconf 82' lang='lat' dir='ltr'>assideat,</span> <span class='ocrx_word' id='word_1_176' title='bbox 920 1438 991 1462; x_wconf 86' lang='lat' dir='ltr'>nec</span> <span class='ocrx_word' id='word_1_177' title='bbox 1016 1425 1154 1463; x_wconf 87' lang='lat' dir='ltr'>intueri</span> <span class='ocrx_word' id='word_1_178' title='bbox 1186 1425 1314 1462; x_wconf 81' lang='lat' dir='ltr'>lucem</span> <span class='ocrx_word' id='word_1_179' title='bbox 1344 1433 1533 1471; x_wconf 70' lang='lat' dir='ltr'>vereatur,</span> <span class='ocrx_word' id='word_1_180' title='bbox 1563 1427 1621 1466; x_wconf 91' lang='lat' dir='ltr'>his</span> 
     </span>
     <span class='ocr_line' id='line_1_22' title="bbox 164 1484 1620 1536; baseline 0.002 -14"><span class='ocrx_word' id='word_1_181' title='bbox 164 1485 280 1522; x_wconf 90' lang='lat' dir='ltr'>rebus</span> <span class='ocrx_word' id='word_1_182' title='bbox 301 1484 434 1534; x_wconf 85' lang='lat' dir='ltr'>gestis.</span> <span class='ocrx_word' id='word_1_183' title='bbox 474 1485 549 1521; x_wconf 87' lang='lat' dir='ltr'>Est·</span> <span class='ocrx_word' id='word_1_184' title='bbox 571 1492 699 1522; x_wconf 84' lang='lat' dir='ltr'>autem</span> <span class='ocrx_word' id='word_1_185' title='bbox 731 1498 807 1522; x_wconf 85' lang='lat' dir='ltr'>non</span> <span class='ocrx_word' id='word_1_186' title='bbox 838 1486 890 1523; x_wconf 74' lang='lat' dir='ltr'>ita</span> <span class='ocrx_word' id='word_1_187' title='bbox 915 1486 1030 1523; x_wconf 90' lang='lat' dir='ltr'>modo</span> <span class='ocrx_word' id='word_1_188' title='bbox 1065 1485 1269 1536; x_wconf 84' lang='lat' dir='ltr'>impudens</span> <span class='ocrx_word' id='word_1_189' title='bbox 1300 1486 1337 1522; x_wconf 89' lang='lat' dir='ltr'>in</span> <span class='ocrx_word' id='word_1_190' title='bbox 1368 1487 1532 1536; x_wconf 82' lang='lat' dir='ltr'>pecunia</span> <span class='ocrx_word' id='word_1_191' title='bbox 1559 1501 1620 1525; x_wconf 84' lang='lat' dir='ltr'>ra·</span> 
     </span>
     <span class='ocr_line' id='line_1_23' title="bbox 164 1544 1620 1596; baseline 0.003 -14"><span class='ocrx_word' id='word_1_192' title='bbox 164 1545 320 1596; x_wconf 88' lang='lat' dir='ltr'>pienda,</span> <span class='ocrx_word' id='word_1_193' title='bbox 346 1544 414 1581; x_wconf 87' lang='lat' dir='ltr'>sed</span> <span class='ocrx_word' id='word_1_194' title='bbox 434 1545 547 1581; x_wconf 87' lang='lat' dir='ltr'>etiam</span> <span class='ocrx_word' id='word_1_195' title='bbox 568 1545 622 1582; x_wconf 84' lang='lat' dir='ltr'>ita</span> <span class='ocrx_word' id='word_1_196' title='bbox 637 1545 793 1590; x_wconf 87' lang='lat' dir='ltr'>stultus,</span> <span class='ocrx_word' id='word_1_197' title='bbox 815 1552 859 1582; x_wconf 91' lang='lat' dir='ltr'>ut</span> <span class='ocrx_word' id='word_1_198' title='bbox 876 1545 1028 1596; x_wconf 85' lang='lat' dir='ltr'>ignoret</span> <span class='ocrx_word' id='word_1_199' title='bbox 1048 1545 1157 1590; x_wconf 90' lang='lat' dir='ltr'>illud,</span> <span class='ocrx_word' id='word_1_200' title='bbox 1182 1558 1344 1582; x_wconf 86' lang='lat' dir='ltr'>cor-onas</span> <span class='ocrx_word' id='word_1_201' title='bbox 1365 1559 1451 1583; x_wconf 88' lang='lat' dir='ltr'>esse</span> <span class='ocrx_word' id='word_1_202' title='bbox 1471 1547 1620 1587; x_wconf 85' lang='lat' dir='ltr'>virtutis</span> 
     </span>
     <span class='ocr_line' id='line_1_24' title="bbox 165 1604 1622 1656; baseline 0.002 -14"><span class='ocrx_word' id='word_1_203' title='bbox 165 1605 332 1655; x_wconf 80' lang='lat' dir='ltr'>signum,</span> <span class='ocrx_word' id='word_1_204' title='bbox 352 1604 501 1654; x_wconf 88' lang='lat' dir='ltr'>phialas</span> <span class='ocrx_word' id='word_1_205' title='bbox 522 1617 624 1651; x_wconf 89' lang='lat' dir='ltr'>vcro,</span> <span class='ocrx_word' id='word_1_206' title='bbox 646 1611 685 1642; x_wconf 88' lang='lat' dir='ltr'>et</span> <span class='ocrx_word' id='word_1_207' title='bbox 704 1604 859 1655; x_wconf 87' lang='lat' dir='ltr'>pocula,</span> <span class='ocrx_word' id='word_1_208' title='bbox 875 1612 915 1642; x_wconf 89' lang='lat' dir='ltr'>et</span> <span class='ocrx_word' id='word_1_209' title='bbox 928 1605 1009 1656; x_wconf 79' lang='lat' dir='ltr'>ejus</span> <span class='ocrx_word' id='word_1_210' title='bbox 1030 1605 1183 1656; x_wconf 85' lang='lat' dir='ltr'>generis</span> <span class='ocrx_word' id='word_1_211' title='bbox 1204 1605 1290 1651; x_wconf 86' lang='lat' dir='ltr'>alia,</span> <span class='ocrx_word' id='word_1_212' title='bbox 1310 1604 1525 1644; x_wconf 87' lang='lat' dir='ltr'>divitiarum</span> <span class='ocrx_word' id='word_1_213' title='bbox 1543 1621 1553 1651; x_wconf 91' lang='lat'>;</span> <span class='ocrx_word' id='word_1_214' title='bbox 1583 1617 1622 1646; x_wconf 88' lang='lat' dir='ltr'>et</span> 
     </span>
     <span class='ocr_line' id='line_1_25' title="bbox 164 1659 1623 1716; baseline 0.002 -12"><span class='ocrx_word' id='word_1_215' title='bbox 164 1678 344 1704; x_wconf 89' lang='lat' dir='ltr'>coronam</span> <span class='ocrx_word' id='word_1_216' title='bbox 365 1664 553 1715; x_wconf 89' lang='lat' dir='ltr'>quamvis,</span> <span class='ocrx_word' id='word_1_217' title='bbox 584 1659 737 1703; x_wconf 80' lang='lat' dir='ltr'>tametsi</span> <span class='ocrx_word' id='word_1_218' title='bbox 770 1666 911 1716; x_wconf 86' lang='lat' dir='ltr'>pusilla</span> <span class='ocrx_word' id='word_1_219' title='bbox 937 1667 998 1711; x_wconf 90' lang='lat' dir='ltr'>sit,</span> <span class='ocrx_word' id='word_1_220' title='bbox 1029 1679 1139 1716; x_wconf 85' lang='lat' dir='ltr'>aeque</span> <span class='ocrx_word' id='word_1_221' title='bbox 1171 1665 1419 1704; x_wconf 87' lang='lat' dir='ltr'>honorificam</span> <span class='ocrx_word' id='word_1_222' title='bbox 1450 1680 1552 1715; x_wconf 89' lang='lat' dir='ltr'>esse,</span> <span class='ocrx_word' id='word_1_223' title='bbox 1579 1678 1623 1708; x_wconf 90' lang='lat' dir='ltr'>ut</span> 
     </span>
     <span class='ocr_line' id='line_1_26' title="bbox 165 1726 1621 1778; baseline 0.003 -14"><span class='ocrx_word' id='word_1_224' title='bbox 165 1740 370 1778; x_wconf 84' lang='lat' dir='ltr'>magnam:</span> <span class='ocrx_word' id='word_1_225' title='bbox 405 1727 474 1764; x_wconf 88' lang='lat' dir='ltr'>sed</span> <span class='ocrx_word' id='word_1_226' title='bbox 493 1726 648 1777; x_wconf 88' lang='lat' dir='ltr'>pocula,</span> <span class='ocrx_word' id='word_1_227' title='bbox 677 1734 744 1765; x_wconf 89' lang='lat' dir='ltr'>aut</span> <span class='ocrx_word' id='word_1_228' title='bbox 773 1740 937 1774; x_wconf 80' lang='lat' dir='ltr'>acerras,</span> <span class='ocrx_word' id='word_1_229' title='bbox 960 1727 1111 1778; x_wconf 86' lang='lat' dir='ltr'>aliaque</span> <span class='ocrx_word' id='word_1_230' title='bbox 1144 1727 1294 1777; x_wconf 84' lang='lat' dir='ltr'>generis</span> <span class='ocrx_word' id='word_1_231' title='bbox 1322 1728 1496 1777; x_wconf 85' lang='lat' dir='ltr'>ejusdem</span> <span class='ocrx_word' id='word_1_232' title='bbox 1517 1743 1621 1778; x_wconf 83' lang='lat' dir='ltr'>vasa,</span> 
     </span>
     <span class='ocr_line' id='line_1_27' title="bbox 165 1787 1621 1839; baseline 0.003 -14"><span class='ocrx_word' id='word_1_233' title='bbox 165 1789 197 1826; x_wconf 90' lang='lat' dir='ltr'>si</span> <span class='ocrx_word' id='word_1_234' title='bbox 216 1788 407 1839; x_wconf 86' lang='lat' dir='ltr'>permulta</span> <span class='ocrx_word' id='word_1_235' title='bbox 438 1787 592 1833; x_wconf 83' lang='lat' dir='ltr'>suerint,</span> <span class='ocrx_word' id='word_1_236' title='bbox 624 1788 842 1838; x_wconf 88' lang='lat' dir='ltr'>opinionem</span> <span class='ocrx_word' id='word_1_237' title='bbox 874 1789 1067 1839; x_wconf 85' lang='lat' dir='ltr'>quandam</span> <span class='ocrx_word' id='word_1_238' title='bbox 1099 1788 1305 1839; x_wconf 79' lang='lat' dir='ltr'>opulentiae</span> <span class='ocrx_word' id='word_1_239' title='bbox 1335 1791 1621 1839; x_wconf 88' lang='lat' dir='ltr'>possessoribus</span> 
     </span>
     <span class='ocr_line' id='line_1_28' title="bbox 163 1848 1623 1902; baseline 0.001 -14"><span class='ocrx_word' id='word_1_240' title='bbox 163 1849 382 1894; x_wconf 80' lang='lat' dir='ltr'>conciliare,</span> <span class='ocrx_word' id='word_1_241' title='bbox 403 1848 462 1885; x_wconf 86' lang='lat' dir='ltr'>sin</span> <span class='ocrx_word' id='word_1_242' title='bbox 481 1849 530 1885; x_wconf 92' lang='lat' dir='ltr'>ob</span> <span class='ocrx_word' id='word_1_243' title='bbox 551 1849 698 1886; x_wconf 85' lang='lat' dir='ltr'>minuta</span> <span class='ocrx_word' id='word_1_244' title='bbox 717 1849 960 1900; x_wconf 88' lang='lat' dir='ltr'>superbieris,</span> <span class='ocrx_word' id='word_1_245' title='bbox 990 1856 1139 1887; x_wconf 88' lang='lat' dir='ltr'>tantum</span> <span class='ocrx_word' id='word_1_246' title='bbox 1165 1850 1317 1897; x_wconf 86' lang='lat' dir='ltr'>abesse,</span> <span class='ocrx_word' id='word_1_247' title='bbox 1346 1856 1390 1886; x_wconf 91' lang='lat' dir='ltr'>ut</span> <span class='ocrx_word' id='word_1_248' title='bbox 1417 1858 1623 1902; x_wconf 84' lang='lat' dir='ltr'>propterea</span> 
     </span>
     <span class='ocr_line' id='line_1_29' title="bbox 165 1909 1621 1962; baseline 0.003 -14"><span class='ocrx_word' id='word_1_249' title='bbox 165 1911 370 1961; x_wconf 87' lang='lat' dir='ltr'>quicquam</span> <span class='ocrx_word' id='word_1_250' title='bbox 388 1909 660 1947; x_wconf 78' lang='lat' dir='ltr'>existimationi</span> <span class='ocrx_word' id='word_1_251' title='bbox 678 1917 755 1947; x_wconf 83' lang='lat' dir='ltr'>tuae</span> <span class='ocrx_word' id='word_1_252' title='bbox 775 1910 952 1956; x_wconf 87' lang='lat' dir='ltr'>accedat,</span> <span class='ocrx_word' id='word_1_253' title='bbox 974 1918 1018 1948; x_wconf 92' lang='lat' dir='ltr'>ut</span> <span class='ocrx_word' id='word_1_254' title='bbox 1037 1911 1151 1948; x_wconf 88' lang='lat' dir='ltr'>etiam</span> <span class='ocrx_word' id='word_1_255' title='bbox 1168 1911 1318 1962; x_wconf 88' lang='lat' dir='ltr'>ineptus</span> <span class='ocrx_word' id='word_1_256' title='bbox 1335 1924 1422 1950; x_wconf 91' lang='lat' dir='ltr'>esse</span> <span class='ocrx_word' id='word_1_257' title='bbox 1440 1911 1621 1953; x_wconf 83' lang='lat' dir='ltr'>videaris.</span> 
     </span>
     <span class='ocr_line' id='line_1_30' title="bbox 165 1970 1622 2023; baseline 0.002 -13"><span class='ocrx_word' id='word_1_258' title='bbox 165 1972 248 2017; x_wconf 72' lang='lat' dir='ltr'>lste</span> <span class='ocrx_word' id='word_1_259' title='bbox 267 1971 382 2021; x_wconf 84' lang='lat' dir='ltr'>igitur</span> <span class='ocrx_word' id='word_1_260' title='bbox 398 1970 529 2020; x_wconf 85' lang='lat' dir='ltr'>gloriae</span> <span class='ocrx_word' id='word_1_261' title='bbox 543 1970 811 2021; x_wconf 88' lang='lat' dir='ltr'>possessiones</span> <span class='ocrx_word' id='word_1_262' title='bbox 827 1971 996 2018; x_wconf 88' lang='lat' dir='ltr'>sustulit,</span> <span class='ocrx_word' id='word_1_263' title='bbox 1016 1971 1225 2022; x_wconf 86' lang='lat' dir='ltr'>opulentiae</span> <span class='ocrx_word' id='word_1_264' title='bbox 1240 1972 1424 2023; x_wconf 85' lang='lat' dir='ltr'>reposuit,</span> <span class='ocrx_word' id='word_1_265' title='bbox 1439 1973 1622 2022; x_wconf 88' lang='lat' dir='ltr'>minutas,</span> 
     </span>
     <span class='ocr_line' id='line_1_31' title="bbox 165 2031 1622 2083; baseline 0.001 -13"><span class='ocrx_word' id='word_1_266' title='bbox 165 2041 206 2070; x_wconf 89' lang='lat' dir='ltr'>et</span> <span class='ocrx_word' id='word_1_267' title='bbox 223 2033 333 2069; x_wconf 89' lang='lat' dir='ltr'>vobis</span> <span class='ocrx_word' id='word_1_268' title='bbox 353 2031 546 2081; x_wconf 83' lang='lat' dir='ltr'>indignas.</span> <span class='ocrx_word' id='word_1_269' title='bbox 591 2031 650 2068; x_wconf 90' lang='lat' dir='ltr'>Ac</span> <span class='ocrx_word' id='word_1_270' title='bbox 665 2044 714 2068; x_wconf 92' lang='lat' dir='ltr'>ne</span> <span class='ocrx_word' id='word_1_271' title='bbox 734 2031 828 2068; x_wconf 89' lang='lat' dir='ltr'>illud</span> <span class='ocrx_word' id='word_1_272' title='bbox 847 2032 1001 2082; x_wconf 89' lang='lat' dir='ltr'>quidem</span> <span class='ocrx_word' id='word_1_273' title='bbox 1021 2033 1304 2079; x_wconf 88' lang='lat' dir='ltr'>animadvertit,</span> <span class='ocrx_word' id='word_1_274' title='bbox 1323 2033 1509 2083; x_wconf 89' lang='lat' dir='ltr'>populum</span> <span class='ocrx_word' id='word_1_275' title='bbox 1523 2048 1622 2073; x_wconf 91' lang='lat' dir='ltr'>nun-</span> 
     </span>
     <span class='ocr_line' id='line_1_32' title="bbox 165 2091 1622 2144; baseline 0.003 -14"><span class='ocrx_word' id='word_1_276' title='bbox 165 2105 281 2144; x_wconf 86' lang='lat' dir='ltr'>quam</span> <span class='ocrx_word' id='word_1_277' title='bbox 295 2092 344 2129; x_wconf 89' lang='lat' dir='ltr'>de</span> <span class='ocrx_word' id='word_1_278' title='bbox 365 2091 529 2142; x_wconf 85' lang='lat' dir='ltr'>pecunia</span> <span class='ocrx_word' id='word_1_279' title='bbox 548 2091 781 2129; x_wconf 88' lang='lat' dir='ltr'>cumulanda</span> <span class='ocrx_word' id='word_1_280' title='bbox 802 2092 1044 2130; x_wconf 86' lang='lat' dir='ltr'>vehementer</span> <span class='ocrx_word' id='word_1_281' title='bbox 1063 2093 1283 2130; x_wconf 86' lang='lat' dir='ltr'>laborasse:</span> <span class='ocrx_word' id='word_1_282' title='bbox 1313 2093 1362 2131; x_wconf 84' lang='lat' dir='ltr'>de</span> <span class='ocrx_word' id='word_1_283' title='bbox 1382 2095 1622 2143; x_wconf 88' lang='lat' dir='ltr'>acquirenda</span> 
     </span>
     <span class='ocr_line' id='line_1_33' title="bbox 166 2151 1621 2206; baseline 0.002 -15"><span class='ocrx_word' id='word_1_284' title='bbox 166 2166 255 2191; x_wconf 88' lang='lat' dir='ltr'>vero</span> <span class='ocrx_word' id='word_1_285' title='bbox 278 2153 400 2203; x_wconf 84' lang='lat' dir='ltr'>gloria</span> <span class='ocrx_word' id='word_1_286' title='bbox 418 2152 487 2198; x_wconf 88' lang='lat' dir='ltr'>sic,</span> <span class='ocrx_word' id='word_1_287' title='bbox 508 2158 550 2189; x_wconf 88' lang='lat' dir='ltr'>ut</span> <span class='ocrx_word' id='word_1_288' title='bbox 576 2151 624 2193; x_wconf 76' lang='lat' dir='ltr'>de,</span> <span class='ocrx_word' id='word_1_289' title='bbox 646 2152 752 2189; x_wconf 90' lang='lat' dir='ltr'>nulla</span> <span class='ocrx_word' id='word_1_290' title='bbox 771 2165 812 2189; x_wconf 87' lang='lat' dir='ltr'>re</span> <span class='ocrx_word' id='word_1_291' title='bbox 838 2152 925 2190; x_wconf 68' lang='lat' dir='ltr'>alia„</span> <span class='ocrx_word' id='word_1_292' title='bbox 974 2153 1022 2190; x_wconf 91' lang='lat' dir='ltr'>Id</span> <span class='ocrx_word' id='word_1_293' title='bbox 1041 2153 1145 2204; x_wconf 91' lang='lat' dir='ltr'>quod</span> <span class='ocrx_word' id='word_1_294' title='bbox 1169 2166 1216 2191; x_wconf 88' lang='lat' dir='ltr'>ex</span> <span class='ocrx_word' id='word_1_295' title='bbox 1237 2166 1282 2191; x_wconf 88' lang='lat' dir='ltr'>eo</span> <span class='ocrx_word' id='word_1_296' title='bbox 1305 2154 1485 2202; x_wconf 88' lang='lat' dir='ltr'>cernitur,</span> <span class='ocrx_word' id='word_1_297' title='bbox 1514 2157 1621 2206; x_wconf 91' lang='lat' dir='ltr'>quod</span> 
     </span>
     <span class='ocr_line' id='line_1_34' title="bbox 166 2212 1620 2265; baseline 0.001 -13"><span class='ocrx_word' id='word_1_298' title='bbox 166 2227 253 2252; x_wconf 87' lang='lat' dir='ltr'>curn</span> <span class='ocrx_word' id='word_1_299' title='bbox 278 2212 487 2264; x_wconf 86' lang='lat' dir='ltr'>aliquando</span> <span class='ocrx_word' id='word_1_300' title='bbox 517 2212 720 2249; x_wconf 85' lang='lat' dir='ltr'>maximam</span> <span class='ocrx_word' id='word_1_301' title='bbox 746 2212 844 2250; x_wconf 89' lang='lat' dir='ltr'>inter</span> <span class='ocrx_word' id='word_1_302' title='bbox 872 2225 1004 2251; x_wconf 87' lang='lat' dir='ltr'>omnes</span> <span class='ocrx_word' id='word_1_303' title='bbox 1032 2213 1190 2251; x_wconf 85' lang='lat' dir='ltr'>Graecos</span> <span class='ocrx_word' id='word_1_304' title='bbox 1217 2214 1419 2264; x_wconf 86' lang='lat' dir='ltr'>pecuniam</span> <span class='ocrx_word' id='word_1_305' title='bbox 1447 2214 1620 2265; x_wconf 86' lang='lat' dir='ltr'>haberet,</span> 
     </span>
     <span class='ocr_line' id='line_1_35' title="bbox 165 2272 1622 2325; baseline 0.002 -12"><span class='ocrx_word' id='word_1_306' title='bbox 165 2288 252 2313; x_wconf 82' lang='lat' dir='ltr'>eam</span> <span class='ocrx_word' id='word_1_307' title='bbox 279 2286 432 2312; x_wconf 89' lang='lat' dir='ltr'>omnem</span> <span class='ocrx_word' id='word_1_308' title='bbox 465 2272 619 2310; x_wconf 87' lang='lat' dir='ltr'>honoris</span> <span class='ocrx_word' id='word_1_309' title='bbox 653 2273 822 2323; x_wconf 86' lang='lat' dir='ltr'>augendi</span> <span class='ocrx_word' id='word_1_310' title='bbox 851 2273 980 2311; x_wconf 89' lang='lat' dir='ltr'>studio</span> <span class='ocrx_word' id='word_1_311' title='bbox 1010 2273 1234 2324; x_wconf 88' lang='lat' dir='ltr'>insumpsit:</span> <span class='ocrx_word' id='word_1_312' title='bbox 1266 2286 1311 2311; x_wconf 85' lang='lat' dir='ltr'>ac</span> <span class='ocrx_word' id='word_1_313' title='bbox 1339 2274 1473 2325; x_wconf 84' lang='lat' dir='ltr'>gloriae</span> <span class='ocrx_word' id='word_1_314' title='bbox 1503 2290 1622 2317; x_wconf 87' lang='lat' dir='ltr'>causa</span> 
     </span>
     <span class='ocr_line' id='line_1_36' title="bbox 165 2334 1621 2388; baseline 0.003 -14"><span class='ocrx_word' id='word_1_315' title='bbox 165 2337 308 2375; x_wconf 86' lang='lat' dir='ltr'>tributa</span> <span class='ocrx_word' id='word_1_316' title='bbox 329 2335 502 2373; x_wconf 86' lang='lat' dir='ltr'>conferre</span> <span class='ocrx_word' id='word_1_317' title='bbox 529 2334 578 2371; x_wconf 88' lang='lat' dir='ltr'>de</span> <span class='ocrx_word' id='word_1_318' title='bbox 597 2347 667 2372; x_wconf 87' lang='lat' dir='ltr'>suo</span> <span class='ocrx_word' id='word_1_319' title='bbox 687 2334 817 2380; x_wconf 85' lang='lat' dir='ltr'>voluit,</span> <span class='ocrx_word' id='word_1_320' title='bbox 844 2348 970 2385; x_wconf 86' lang='lat' dir='ltr'>neque</span> <span class='ocrx_word' id='word_1_321' title='bbox 991 2336 1111 2373; x_wconf 83' lang='lat' dir='ltr'>ullum</span> <span class='ocrx_word' id='word_1_322' title='bbox 1131 2336 1343 2386; x_wconf 86' lang='lat' dir='ltr'>periculum</span> <span class='ocrx_word' id='word_1_323' title='bbox 1364 2350 1532 2388; x_wconf 88' lang='lat' dir='ltr'>unquam</span> <span class='ocrx_word' id='word_1_324' title='bbox 1553 2340 1621 2379; x_wconf 90' lang='lat' dir='ltr'>de-</span> 
     </span>
     <span class='ocr_line' id='line_1_37' title="bbox 164 2395 1620 2451; baseline 0.003 -17"><span class='ocrx_word' id='word_1_325' title='bbox 164 2397 356 2434; x_wconf 86' lang='lat' dir='ltr'>trectavit.</span> <span class='ocrx_word' id='word_1_326' title='bbox 405 2395 518 2432; x_wconf 93' lang='lat' dir='ltr'>Unde</span> <span class='ocrx_word' id='word_1_327' title='bbox 544 2395 816 2445; x_wconf 56' lang='lat' dir='ltr'>possessiones&gt;</span> <span class='ocrx_word' id='word_1_328' title='bbox 837 2396 1074 2434; x_wconf 89' lang='lat' dir='ltr'>immortales</span> <span class='ocrx_word' id='word_1_329' title='bbox 1100 2397 1171 2434; x_wconf 90' lang='lat' dir='ltr'>sibi</span> <span class='ocrx_word' id='word_1_330' title='bbox 1201 2398 1451 2447; x_wconf 84' lang='lat' dir='ltr'>comparavit,</span> <span class='ocrx_word' id='word_1_331' title='bbox 1483 2402 1620 2451; x_wconf 86' lang='lat' dir='ltr'>partim</span> 
     </span>
     <span class='ocr_line' id='line_1_38' title="bbox 165 2456 1620 2511; baseline 0.004 -16"><span class='ocrx_word' id='word_1_332' title='bbox 165 2470 292 2496; x_wconf 88' lang='lat' dir='ltr'>rerum</span> <span class='ocrx_word' id='word_1_333' title='bbox 323 2463 517 2507; x_wconf 84' lang='lat' dir='ltr'>gestarum</span> <span class='ocrx_word' id='word_1_334' title='bbox 538 2457 774 2502; x_wconf 86' lang='lat' dir='ltr'>memoriam,</span> <span class='ocrx_word' id='word_1_335' title='bbox 801 2456 938 2507; x_wconf 86' lang='lat' dir='ltr'>partim</span> <span class='ocrx_word' id='word_1_336' title='bbox 959 2457 1216 2503; x_wconf 86' lang='lat' dir='ltr'>donariorum,</span> <span class='ocrx_word' id='word_1_337' title='bbox 1247 2471 1335 2508; x_wconf 78' lang='lat' dir='ltr'>quae</span> <span class='ocrx_word' id='word_1_338' title='bbox 1362 2469 1516 2511; x_wconf 89' lang='lat' dir='ltr'>propter</span> <span class='ocrx_word' id='word_1_339' title='bbox 1535 2463 1620 2501; x_wconf 84' lang='lat' dir='ltr'>illas</span> 
     </span>
     <span class='ocr_line' id='line_1_39' title="bbox 165 2518 1618 2569; baseline 0.003 -13"><span class='ocrx_word' id='word_1_340' title='bbox 165 2519 346 2556; x_wconf 86' lang='lat' dir='ltr'>dedicata</span> <span class='ocrx_word' id='word_1_341' title='bbox 363 2524 464 2562; x_wconf 88' lang='lat' dir='ltr'>sunt,</span> <span class='ocrx_word' id='word_1_342' title='bbox 479 2518 751 2567; x_wconf 64' lang='lat' dir='ltr'>praestantiam,</span> <span class='ocrx_word' id='word_1_343' title='bbox 767 2518 965 2568; x_wconf 82' lang='lat' dir='ltr'>propylaea</span> <span class='ocrx_word' id='word_1_344' title='bbox 978 2519 1075 2562; x_wconf 85' lang='lat' dir='ltr'>haec,</span> <span class='ocrx_word' id='word_1_345' title='bbox 1091 2519 1214 2556; x_wconf 83' lang='lat' dir='ltr'>aedem</span> <span class='ocrx_word' id='word_1_346' title='bbox 1232 2519 1432 2567; x_wconf 83' lang='lat' dir='ltr'>Minervae,</span> <span class='ocrx_word' id='word_1_347' title='bbox 1455 2524 1618 2569; x_wconf 88' lang='lat' dir='ltr'>navalia,</span> 
     </span>
     <span class='ocr_line' id='line_1_40' title="bbox 165 2578 1616 2630; baseline 0.003 -14"><span class='ocrx_word' id='word_1_348' title='bbox 165 2578 335 2630; x_wconf 84' lang='lat' dir='ltr'>porticus</span> <span class='ocrx_word' id='word_1_349' title='bbox 351 2591 361 2616; x_wconf 70' lang='grc' dir='ltr'>ε</span> <span class='ocrx_word' id='word_1_350' title='bbox 391 2591 469 2615; x_wconf 92' lang='lat' dir='ltr'>non</span> <span class='ocrx_word' id='word_1_351' title='bbox 484 2578 660 2616; x_wconf 89' lang='lat' dir='ltr'>urceolos</span> <span class='ocrx_word' id='word_1_352' title='bbox 673 2578 785 2623; x_wconf 88' lang='lat' dir='ltr'>duos,</span> <span class='ocrx_word' id='word_1_353' title='bbox 807 2586 874 2616; x_wconf 88' lang='lat' dir='ltr'>aut</span> <span class='ocrx_word' id='word_1_354' title='bbox 892 2592 1030 2617; x_wconf 89' lang='lat' dir='ltr'>aureos</span> <span class='ocrx_word' id='word_1_355' title='bbox 1047 2579 1233 2618; x_wconf 89' lang='lat' dir='ltr'>caliculos</span> <span class='ocrx_word' id='word_1_356' title='bbox 1254 2589 1418 2630; x_wconf 85' lang='lat' dir='ltr'>quatuor</span> <span class='ocrx_word' id='word_1_357' title='bbox 1439 2590 1505 2620; x_wconf 87' lang='lat' dir='ltr'>aut</span> <span class='ocrx_word' id='word_1_358' title='bbox 1524 2591 1616 2630; x_wconf 87' lang='lat' dir='ltr'>tres,</span> 
     </span>
     <span class='ocr_line' id='line_1_41' title="bbox 165 2638 1618 2690; baseline 0.002 -12"><span class='ocrx_word' id='word_1_359' title='bbox 165 2642 273 2678; x_wconf 86' lang='lat' dir='ltr'>librae</span> <span class='ocrx_word' id='word_1_360' title='bbox 298 2638 469 2690; x_wconf 87' lang='lat' dir='ltr'>pondere</span> <span class='ocrx_word' id='word_1_361' title='bbox 497 2639 686 2689; x_wconf 83' lang='lat' dir='ltr'>singulos,</span> <span class='ocrx_word' id='word_1_362' title='bbox 717 2653 814 2690; x_wconf 88' lang='lat' dir='ltr'>quos</span> <span class='ocrx_word' id='word_1_363' title='bbox 842 2653 931 2678; x_wconf 88' lang='lat' dir='ltr'>cum</span> <span class='ocrx_word' id='word_1_364' title='bbox 961 2641 1027 2678; x_wconf 85' lang='lat' dir='ltr'>tibi</span> <span class='ocrx_word' id='word_1_365' title='bbox 1056 2641 1180 2678; x_wconf 82' lang='lat' dir='ltr'>visum</span> <span class='ocrx_word' id='word_1_366' title='bbox 1209 2641 1336 2686; x_wconf 85' lang='lat' dir='ltr'>fuerit,</span> <span class='ocrx_word' id='word_1_367' title='bbox 1366 2642 1493 2680; x_wconf 84' lang='lat' dir='ltr'>denuo</span> <span class='ocrx_word' id='word_1_368' title='bbox 1526 2657 1618 2681; x_wconf 88' lang='lat' dir='ltr'>con·</span> 
     </span>
     <span class='ocr_line' id='line_1_42' title="bbox 166 2699 1620 2755; baseline 0.002 -17"><span class='ocrx_word' id='word_1_369' title='bbox 166 2701 317 2738; x_wconf 87' lang='lat' dir='ltr'>flandos</span> <span class='ocrx_word' id='word_1_370' title='bbox 333 2712 420 2737; x_wconf 87' lang='lat' dir='ltr'>esse</span> <span class='ocrx_word' id='word_1_371' title='bbox 439 2699 639 2736; x_wconf 89' lang='lat' dir='ltr'>decernes.</span> <span class='ocrx_word' id='word_1_372' title='bbox 670 2700 754 2737; x_wconf 85' lang='lat' dir='ltr'>Nec</span> <span class='ocrx_word' id='word_1_373' title='bbox 771 2701 872 2738; x_wconf 89' lang='lat' dir='ltr'>enim</span> <span class='ocrx_word' id='word_1_374' title='bbox 893 2701 1059 2739; x_wconf 87' lang='lat' dir='ltr'>decimas</span> <span class='ocrx_word' id='word_1_375' title='bbox 1075 2715 1098 2739; x_wconf 89' lang='lat' dir='ltr'>a</span> <span class='ocrx_word' id='word_1_376' title='bbox 1113 2702 1258 2739; x_wconf 87' lang='lat' dir='ltr'>civibus</span> <span class='ocrx_word' id='word_1_377' title='bbox 1274 2702 1477 2751; x_wconf 78' lang='lat' dir='ltr'>exigendO,</span> <span class='ocrx_word' id='word_1_378' title='bbox 1494 2718 1620 2755; x_wconf 81' lang='lat' dir='ltr'>neque</span> 
     </span>
     <span class='ocr_line' id='line_1_43' title="bbox 166 2760 1619 2813; baseline 0.002 -13"><span class='ocrx_word' id='word_1_379' title='bbox 166 2776 215 2801; x_wconf 87' lang='lat' dir='ltr'>ea</span> <span class='ocrx_word' id='word_1_380' title='bbox 232 2775 320 2813; x_wconf 85' lang='lat' dir='ltr'>quae</span> <span class='ocrx_word' id='word_1_381' title='bbox 338 2760 471 2797; x_wconf 81' lang='lat' dir='ltr'>hostes</span> <span class='ocrx_word' id='word_1_382' title='bbox 490 2761 542 2797; x_wconf 89' lang='lat' dir='ltr'>eis</span> <span class='ocrx_word' id='word_1_383' title='bbox 562 2760 758 2810; x_wconf 84' lang='lat' dir='ltr'>imprecati</span> <span class='ocrx_word' id='word_1_384' title='bbox 777 2769 909 2800; x_wconf 83' lang='lat' dir='ltr'>essent</span> <span class='ocrx_word' id='word_1_385' title='bbox 928 2763 1155 2813; x_wconf 73' lang='lat' dir='ltr'>factitando,</span> <span class='ocrx_word' id='word_1_386' title='bbox 1178 2769 1244 2799; x_wconf 89' lang='lat' dir='ltr'>aut</span> <span class='ocrx_word' id='word_1_387' title='bbox 1259 2763 1381 2812; x_wconf 83' lang='lat' dir='ltr'>dupla</span> <span class='ocrx_word' id='word_1_388' title='bbox 1396 2763 1538 2802; x_wconf 88' lang='lat' dir='ltr'>tributa</span> <span class='ocrx_word' id='word_1_389' title='bbox 1552 2779 1619 2803; x_wconf 85' lang='lat' dir='ltr'>ex-</span> 
     </span>
     <span class='ocr_line' id='line_1_44' title="bbox 167 2820 1618 2873; baseline 0.002 -12"><span class='ocrx_word' id='word_1_390' title='bbox 167 2821 399 2873; x_wconf 87' lang='lat' dir='ltr'>torquendo,</span> <span class='ocrx_word' id='word_1_391' title='bbox 416 2820 500 2858; x_wconf 82' lang='lat' dir='ltr'>haec</span> <span class='ocrx_word' id='word_1_392' title='bbox 515 2829 803 2869; x_wconf 83' lang='lat' dir='ltr'>consecrarunt,</span> <span class='ocrx_word' id='word_1_393' title='bbox 824 2836 948 2873; x_wconf 80' lang='lat' dir='ltr'>neque</span> <span class='ocrx_word' id='word_1_394' title='bbox 968 2824 1022 2861; x_wconf 90' lang='lat' dir='ltr'>tui</span> <span class='ocrx_word' id='word_1_395' title='bbox 1037 2823 1220 2860; x_wconf 76' lang='lat' dir='ltr'>similibus</span> <span class='ocrx_word' id='word_1_396' title='bbox 1234 2823 1458 2860; x_wconf 86' lang='lat' dir='ltr'>consiliariis</span> <span class='ocrx_word' id='word_1_397' title='bbox 1473 2827 1618 2864; x_wconf 84' lang='lat' dir='ltr'>utendo</span> 
     </span>
     <span class='ocr_line' id='line_1_45' title="bbox 168 2883 1616 2939; baseline 0.003 -20"><span class='ocrx_word' id='word_1_398' title='bbox 168 2883 442 2939; x_wconf 54' lang='lat' dir='ltr'>rempublicam</span> <span class='ocrx_word' id='word_1_399' title='bbox 463 2890 687 2933; x_wconf 84' lang='lat' dir='ltr'>gesserunt:</span> <span class='ocrx_word' id='word_1_400' title='bbox 718 2883 787 2921; x_wconf 87' lang='lat' dir='ltr'>sed</span> <span class='ocrx_word' id='word_1_401' title='bbox 817 2883 994 2922; x_wconf 85' lang='lat' dir='ltr'>hostibus</span> <span class='ocrx_word' id='word_1_402' title='bbox 1026 2884 1265 2936; x_wconf 76' lang='lat' dir='ltr'>superandis,</span> <span class='ocrx_word' id='word_1_403' title='bbox 1286 2891 1325 2922; x_wconf 88' lang='lat' dir='ltr'>et</span> <span class='ocrx_word' id='word_1_404' title='bbox 1349 2883 1393 2923; x_wconf 87' lang='lat' dir='ltr'>iis</span> <span class='ocrx_word' id='word_1_405' title='bbox 1412 2886 1526 2924; x_wconf 79' lang='lat' dir='ltr'>rebus</span> <span class='ocrx_word' id='word_1_406' title='bbox 1547 2900 1616 2938; x_wconf 86' lang='lat' dir='ltr'>ge-</span> 
     </span>
    </p>
   </div>
  </div>
 </body>
</html>
