<?xml version="1.0" encoding="UTF-8"?>
<!DOCTYPE html PUBLIC "-//W3C//DTD XHTML 1.0 Transitional//EN"
    "http://www.w3.org/TR/xhtml1/DTD/xhtml1-transitional.dtd">
<html xmlns="http://www.w3.org/1999/xhtml" xml:lang="en" lang="en">
 <head>
  <title>
</title>
<meta http-equiv="Content-Type" content="text/html;charset=utf-8" />
  <meta name='ocr-system' content='tesseract 3.04.00' />
  <meta name='ocr-capabilities' content='ocr_page ocr_carea ocr_par ocr_line ocrx_word'/>
</head>
<body>
  <div class='ocr_page' id='page_1' title='image "./oratoresatticie15dobs_0089.png"; bbox 0 0 1923 3149; ppageno 0'>
   <div class='ocr_carea' id='block_1_1' title="bbox 547 151 1630 193">
    <p class='ocr_par' dir='ltr' id='par_1_1' title="bbox 547 151 1630 193">
     <span class='ocr_line' id='line_1_1' title="bbox 547 151 1630 193; baseline -0.005 -1"><span class='ocrx_word' id='word_1_1' title='bbox 547 154 762 193; x_wconf 84' lang='lat' dir='ltr'>ORATIO</span> <span class='ocrx_word' id='word_1_2' title='bbox 793 153 870 192; x_wconf 90' lang='lat' dir='ltr'>DE</span> <span class='ocrx_word' id='word_1_3' title='bbox 906 151 1295 191; x_wconf 84' lang='lat' dir='ltr'>CHERSONESO.</span> <span class='ocrx_word' id='word_1_4' title='bbox 1579 153 1630 188; x_wconf 82' lang='lat'>75</span> 
     </span>
    </p>
   </div>
   <div class='ocr_carea' id='block_1_2' title="bbox 155 253 1632 2962">
    <p class='ocr_par' dir='ltr' id='par_1_2' title="bbox 159 253 1632 1666">
     <span class='ocr_line' id='line_1_2' title="bbox 163 253 1632 310; baseline -0.003 -14"><span class='ocrx_word' id='word_1_5' title='bbox 163 271 279 310; x_wconf 85' lang='lat' dir='ltr'>quam</span> <span class='ocrx_word' id='word_1_6' title='bbox 307 257 430 305; x_wconf 89' lang='lat' dir='ltr'>vobis,</span> <span class='ocrx_word' id='word_1_7' title='bbox 460 270 526 297; x_wconf 85' lang='lat' dir='ltr'>eos</span> <span class='ocrx_word' id='word_1_8' title='bbox 548 271 700 309; x_wconf 85' lang='lat' dir='ltr'>quoque</span> <span class='ocrx_word' id='word_1_9' title='bbox 720 257 846 309; x_wconf 88' lang='lat' dir='ltr'>potius</span> <span class='ocrx_word' id='word_1_10' title='bbox 864 257 902 294; x_wconf 78' lang='lat' dir='ltr'>in</span> <span class='ocrx_word' id='word_1_11' title='bbox 927 257 1048 294; x_wconf 82' lang='lat' dir='ltr'>urbem</span> <span class='ocrx_word' id='word_1_12' title='bbox 1068 255 1268 306; x_wconf 81' lang='lat' dir='ltr'>recipient,</span> <span class='ocrx_word' id='word_1_13' title='bbox 1288 267 1404 305; x_wconf 89' lang='lat' dir='ltr'>quam</span> <span class='ocrx_word' id='word_1_14' title='bbox 1423 254 1555 292; x_wconf 88' lang='lat' dir='ltr'>urbem</span> <span class='ocrx_word' id='word_1_15' title='bbox 1575 253 1632 291; x_wconf 88' lang='lat' dir='ltr'>illi</span> 
     </span>
     <span class='ocr_line' id='line_1_3' title="bbox 162 315 1628 371; baseline -0.003 -13"><span class='ocrx_word' id='word_1_16' title='bbox 162 321 328 367; x_wconf 87' lang='lat' dir='ltr'>tradent,</span> <span class='ocrx_word' id='word_1_17' title='bbox 349 321 420 358; x_wconf 90' lang='lat' dir='ltr'>nisi</span> <span class='ocrx_word' id='word_1_18' title='bbox 439 321 475 358; x_wconf 91' lang='lat' dir='ltr'>vi</span> <span class='ocrx_word' id='word_1_19' title='bbox 501 320 606 371; x_wconf 90' lang='lat' dir='ltr'>prius</span> <span class='ocrx_word' id='word_1_20' title='bbox 626 333 714 358; x_wconf 89' lang='lat' dir='ltr'>eam</span> <span class='ocrx_word' id='word_1_21' title='bbox 735 319 946 370; x_wconf 86' lang='lat' dir='ltr'>occuparit.</span> <span class='ocrx_word' id='word_1_22' title='bbox 1003 317 1103 355; x_wconf 87' lang='lat' dir='ltr'>Cum</span> <span class='ocrx_word' id='word_1_23' title='bbox 1124 330 1194 354; x_wconf 86' lang='lat' dir='ltr'>nos</span> <span class='ocrx_word' id='word_1_24' title='bbox 1215 316 1331 366; x_wconf 81' lang='lat' dir='ltr'>igitur</span> <span class='ocrx_word' id='word_1_25' title='bbox 1351 323 1391 353; x_wconf 90' lang='lat' dir='ltr'>ct</span> <span class='ocrx_word' id='word_1_26' title='bbox 1411 316 1501 354; x_wconf 91' lang='lat' dir='ltr'>hinc</span> <span class='ocrx_word' id='word_1_27' title='bbox 1522 315 1628 353; x_wconf 87' lang='lat' dir='ltr'>navi-</span> 
     </span>
     <span class='ocr_line' id='line_1_4' title="bbox 162 377 1626 433; baseline -0.003 -14"><span class='ocrx_word' id='word_1_28' title='bbox 162 394 255 433; x_wconf 86' lang='lat' dir='ltr'>gare</span> <span class='ocrx_word' id='word_1_29' title='bbox 274 395 350 420; x_wconf 87' lang='lat' dir='ltr'>non</span> <span class='ocrx_word' id='word_1_30' title='bbox 371 383 595 432; x_wconf 83' lang='lat' dir='ltr'>poterimus,</span> <span class='ocrx_word' id='word_1_31' title='bbox 611 389 649 419; x_wconf 88' lang='lat' dir='ltr'>et</span> <span class='ocrx_word' id='word_1_32' title='bbox 668 380 746 419; x_wconf 90' lang='lat' dir='ltr'>illic</span> <span class='ocrx_word' id='word_1_33' title='bbox 766 379 872 417; x_wconf 88' lang='lat' dir='ltr'>nulla</span> <span class='ocrx_word' id='word_1_34' title='bbox 889 378 1068 430; x_wconf 80' lang='lat' dir='ltr'>praesidia</span> <span class='ocrx_word' id='word_1_35' title='bbox 1087 383 1221 428; x_wconf 79' lang='lat' dir='ltr'>parata</span> <span class='ocrx_word' id='word_1_36' title='bbox 1240 384 1364 422; x_wconf 87' lang='lat' dir='ltr'>erunt,</span> <span class='ocrx_word' id='word_1_37' title='bbox 1380 377 1473 414; x_wconf 91' lang='lat' dir='ltr'>nihil</span> <span class='ocrx_word' id='word_1_38' title='bbox 1495 378 1626 415; x_wconf 79' lang='lat' dir='ltr'>obsta-</span> 
     </span>
     <span class='ocr_line' id='line_1_5' title="bbox 162 438 1626 494; baseline -0.003 -13"><span class='ocrx_word' id='word_1_39' title='bbox 162 443 221 481; x_wconf 89' lang='lat' dir='ltr'>bit</span> <span class='ocrx_word' id='word_1_40' title='bbox 239 444 445 494; x_wconf 86' lang='lat' dir='ltr'>quominus</span> <span class='ocrx_word' id='word_1_41' title='bbox 474 456 631 494; x_wconf 85' lang='lat' dir='ltr'>pessum</span> <span class='ocrx_word' id='word_1_42' title='bbox 666 449 767 482; x_wconf 85' lang='lat' dir='ltr'>eant.</span> <span class='ocrx_word' id='word_1_43' title='bbox 827 441 942 488; x_wconf 88' lang='lat' dir='ltr'>Sane,</span> <span class='ocrx_word' id='word_1_44' title='bbox 966 442 1062 478; x_wconf 81' lang='lat' dir='ltr'>dicat</span> <span class='ocrx_word' id='word_1_45' title='bbox 1095 439 1239 489; x_wconf 74' lang='lat' dir='ltr'>aliquis,</span> <span class='ocrx_word' id='word_1_46' title='bbox 1261 438 1494 488; x_wconf 89' lang='lat' dir='ltr'>intemperiis</span> <span class='ocrx_word' id='word_1_47' title='bbox 1525 438 1626 476; x_wconf 90' lang='lat' dir='ltr'>enim</span> 
     </span>
     <span class='ocr_line' id='line_1_6' title="bbox 163 500 1626 556; baseline -0.003 -14"><span class='ocrx_word' id='word_1_48' title='bbox 163 504 358 556; x_wconf 83' lang='lat' dir='ltr'>agitantur</span> <span class='ocrx_word' id='word_1_49' title='bbox 384 505 559 543; x_wconf 91' lang='lat' dir='ltr'>homines</span> <span class='ocrx_word' id='word_1_50' title='bbox 580 505 657 552; x_wconf 90' lang='lat' dir='ltr'>isti,</span> <span class='ocrx_word' id='word_1_51' title='bbox 677 517 747 542; x_wconf 91' lang='lat' dir='ltr'>nec</span> <span class='ocrx_word' id='word_1_52' title='bbox 769 503 819 542; x_wconf 83' lang='lat' dir='ltr'>ad</span> <span class='ocrx_word' id='word_1_53' title='bbox 839 517 972 541; x_wconf 87' lang='lat' dir='ltr'>eorum</span> <span class='ocrx_word' id='word_1_54' title='bbox 993 501 1201 540; x_wconf 82' lang='lat' dir='ltr'>amentiam</span> <span class='ocrx_word' id='word_1_55' title='bbox 1221 500 1313 539; x_wconf 87' lang='lat' dir='ltr'>addi</span> <span class='ocrx_word' id='word_1_56' title='bbox 1332 501 1538 551; x_wconf 88' lang='lat' dir='ltr'>quicquam</span> <span class='ocrx_word' id='word_1_57' title='bbox 1558 515 1626 551; x_wconf 85' lang='lat' dir='ltr'>po-</span> 
     </span>
     <span class='ocr_line' id='line_1_7' title="bbox 161 561 1626 614; baseline -0.003 -10"><span class='ocrx_word' id='word_1_58' title='bbox 161 572 251 605; x_wconf 88' lang='lat' dir='ltr'>test.</span> <span class='ocrx_word' id='word_1_59' title='bbox 311 568 490 613; x_wconf 89' lang='lat' dir='ltr'>Omnino,</span> <span class='ocrx_word' id='word_1_60' title='bbox 512 567 581 605; x_wconf 91' lang='lat' dir='ltr'>sed</span> <span class='ocrx_word' id='word_1_61' title='bbox 600 567 813 605; x_wconf 81' lang='lat' dir='ltr'>incolumes</span> <span class='ocrx_word' id='word_1_62' title='bbox 832 573 961 603; x_wconf 88' lang='lat' dir='ltr'>tamen</span> <span class='ocrx_word' id='word_1_63' title='bbox 983 577 1049 602; x_wconf 90' lang='lat' dir='ltr'>eos</span> <span class='ocrx_word' id='word_1_64' title='bbox 1071 569 1248 614; x_wconf 82' lang='lat' dir='ltr'>oportet:</span> <span class='ocrx_word' id='word_1_65' title='bbox 1279 561 1317 599; x_wconf 92' lang='lat' dir='ltr'>id</span> <span class='ocrx_word' id='word_1_66' title='bbox 1331 561 1432 599; x_wconf 89' lang='lat' dir='ltr'>enirn</span> <span class='ocrx_word' id='word_1_67' title='bbox 1452 568 1513 600; x_wconf 90' lang='lat' dir='ltr'>est</span> <span class='ocrx_word' id='word_1_68' title='bbox 1531 576 1551 599; x_wconf 92' lang='lat' dir='ltr'>c</span> <span class='ocrx_word' id='word_1_69' title='bbox 1568 575 1626 600; x_wconf 88' lang='lat' dir='ltr'>re-</span> 
     </span>
     <span class='ocr_line' id='line_1_8' title="bbox 163 622 1629 678; baseline -0.003 -13"><span class='ocrx_word' id='word_1_70' title='bbox 163 628 329 678; x_wconf 85' lang='lat' dir='ltr'>publica.</span> <span class='ocrx_word' id='word_1_71' title='bbox 388 628 583 667; x_wconf 87' lang='lat' dir='ltr'>Praeterea</span> <span class='ocrx_word' id='word_1_72' title='bbox 616 641 664 666; x_wconf 90' lang='lat' dir='ltr'>ne</span> <span class='ocrx_word' id='word_1_73' title='bbox 695 627 790 665; x_wconf 87' lang='lat' dir='ltr'>illud</span> <span class='ocrx_word' id='word_1_74' title='bbox 821 627 975 678; x_wconf 87' lang='lat' dir='ltr'>quidem</span> <span class='ocrx_word' id='word_1_75' title='bbox 996 631 1234 676; x_wconf 89' lang='lat' dir='ltr'>compertum</span> <span class='ocrx_word' id='word_1_76' title='bbox 1261 623 1465 669; x_wconf 88' lang='lat' dir='ltr'>habemus,</span> <span class='ocrx_word' id='word_1_77' title='bbox 1484 622 1564 661; x_wconf 89' lang='lat' dir='ltr'>fore</span> <span class='ocrx_word' id='word_1_78' title='bbox 1585 630 1629 660; x_wconf 88' lang='lat' dir='ltr'>ut</span> 
     </span>
     <span class='ocr_line' id='line_1_9' title="bbox 164 684 1627 738; baseline -0.003 -13"><span class='ocrx_word' id='word_1_79' title='bbox 164 688 449 727; x_wconf 86' lang='lat' dir='ltr'>Chersonesum</span> <span class='ocrx_word' id='word_1_80' title='bbox 481 701 561 727; x_wconf 87' lang='lat' dir='ltr'>non</span> <span class='ocrx_word' id='word_1_81' title='bbox 580 688 760 727; x_wconf 87' lang='lat' dir='ltr'>invadat:</span> <span class='ocrx_word' id='word_1_82' title='bbox 793 687 864 725; x_wconf 93' lang='lat' dir='ltr'>sed</span> <span class='ocrx_word' id='word_1_83' title='bbox 884 687 915 726; x_wconf 89' lang='lat' dir='ltr'>si</span> <span class='ocrx_word' id='word_1_84' title='bbox 935 701 983 725; x_wconf 81' lang='lat' dir='ltr'>ex</span> <span class='ocrx_word' id='word_1_85' title='bbox 1013 687 1096 738; x_wconf 88' lang='lat' dir='ltr'>ejus</span> <span class='ocrx_word' id='word_1_86' title='bbox 1130 684 1306 736; x_wconf 89' lang='lat' dir='ltr'>epistola,</span> <span class='ocrx_word' id='word_1_87' title='bbox 1326 697 1443 735; x_wconf 85' lang='lat' dir='ltr'>quarn</span> <span class='ocrx_word' id='word_1_88' title='bbox 1477 684 1527 722; x_wconf 85' lang='lat' dir='ltr'>ad</span> <span class='ocrx_word' id='word_1_89' title='bbox 1560 697 1627 721; x_wconf 85' lang='lat' dir='ltr'>vos</span> 
     </span>
     <span class='ocr_line' id='line_1_10' title="bbox 161 745 1627 801; baseline -0.003 -14"><span class='ocrx_word' id='word_1_90' title='bbox 161 749 279 796; x_wconf 86' lang='lat' dir='ltr'>misit,</span> <span class='ocrx_word' id='word_1_91' title='bbox 289 750 544 801; x_wconf 88' lang='lat' dir='ltr'>judicandum</span> <span class='ocrx_word' id='word_1_92' title='bbox 566 757 639 796; x_wconf 89' lang='lat' dir='ltr'>est,</span> <span class='ocrx_word' id='word_1_93' title='bbox 661 750 832 788; x_wconf 86' lang='lat' dir='ltr'>ulturum</span> <span class='ocrx_word' id='word_1_94' title='bbox 855 762 896 787; x_wconf 91' lang='lat' dir='ltr'>se</span> <span class='ocrx_word' id='word_1_95' title='bbox 918 750 970 787; x_wconf 89' lang='lat' dir='ltr'>ait</span> <span class='ocrx_word' id='word_1_96' title='bbox 985 748 1124 786; x_wconf 86' lang='lat' dir='ltr'>milites</span> <span class='ocrx_word' id='word_1_97' title='bbox 1141 746 1502 786; x_wconf 85' lang='lat' dir='ltr'>Chersonesitanos.</span> <span class='ocrx_word' id='word_1_98' title='bbox 1532 745 1627 784; x_wconf 88' lang='lat' dir='ltr'>Pro-</span> 
     </span>
     <span class='ocr_line' id='line_1_11' title="bbox 161 807 1627 863; baseline -0.001 -16"><span class='ocrx_word' id='word_1_99' title='bbox 161 810 250 849; x_wconf 84' lang='lat' dir='ltr'>inde</span> <span class='ocrx_word' id='word_1_100' title='bbox 271 812 302 849; x_wconf 90' lang='lat' dir='ltr'>si</span> <span class='ocrx_word' id='word_1_101' title='bbox 316 813 505 850; x_wconf 87' lang='lat' dir='ltr'>exercitus</span> <span class='ocrx_word' id='word_1_102' title='bbox 525 812 586 850; x_wconf 85' lang='lat' dir='ltr'>hic</span> <span class='ocrx_word' id='word_1_103' title='bbox 593 812 675 863; x_wconf 87' lang='lat' dir='ltr'>jam</span> <span class='ocrx_word' id='word_1_104' title='bbox 694 811 929 850; x_wconf 87' lang='lat' dir='ltr'>constitutus</span> <span class='ocrx_word' id='word_1_105' title='bbox 947 808 1186 855; x_wconf 85' lang='lat' dir='ltr'>retinebitur,</span> <span class='ocrx_word' id='word_1_106' title='bbox 1201 808 1234 846; x_wconf 90' lang='lat' dir='ltr'>is</span> <span class='ocrx_word' id='word_1_107' title='bbox 1253 815 1292 846; x_wconf 89' lang='lat' dir='ltr'>et</span> <span class='ocrx_word' id='word_1_108' title='bbox 1310 807 1546 859; x_wconf 87' lang='lat' dir='ltr'>provinciam</span> <span class='ocrx_word' id='word_1_109' title='bbox 1565 814 1627 846; x_wconf 85' lang='lat' dir='ltr'>tu-</span> 
     </span>
     <span class='ocr_line' id='line_1_12' title="bbox 161 869 1627 926; baseline -0.002 -17"><span class='ocrx_word' id='word_1_110' title='bbox 161 872 215 910; x_wconf 88' lang='lat' dir='ltr'>eri</span> <span class='ocrx_word' id='word_1_111' title='bbox 241 880 413 912; x_wconf 87' lang='lat' dir='ltr'>nostram</span> <span class='ocrx_word' id='word_1_112' title='bbox 440 874 582 926; x_wconf 85' lang='lat' dir='ltr'>poterit</span> <span class='ocrx_word' id='word_1_113' title='bbox 601 882 640 912; x_wconf 91' lang='lat' dir='ltr'>et</span> <span class='ocrx_word' id='word_1_114' title='bbox 659 873 762 911; x_wconf 85' lang='lat' dir='ltr'>illius</span> <span class='ocrx_word' id='word_1_115' title='bbox 783 873 967 911; x_wconf 85' lang='lat' dir='ltr'>ditionem</span> <span class='ocrx_word' id='word_1_116' title='bbox 989 870 1160 909; x_wconf 87' lang='lat' dir='ltr'>nonnihil</span> <span class='ocrx_word' id='word_1_117' title='bbox 1183 870 1390 908; x_wconf 88' lang='lat' dir='ltr'>infestare:</span> <span class='ocrx_word' id='word_1_118' title='bbox 1421 870 1478 907; x_wconf 88' lang='lat' dir='ltr'>sin</span> <span class='ocrx_word' id='word_1_119' title='bbox 1508 869 1627 907; x_wconf 88' lang='lat' dir='ltr'>semel</span> 
     </span>
     <span class='ocr_line' id='line_1_13' title="bbox 161 931 1627 987; baseline -0.001 -17"><span class='ocrx_word' id='word_1_120' title='bbox 161 932 366 982; x_wconf 84' lang='lat' dir='ltr'>dilabetur,</span> <span class='ocrx_word' id='word_1_121' title='bbox 386 935 480 986; x_wconf 89' lang='lat' dir='ltr'>quid</span> <span class='ocrx_word' id='word_1_122' title='bbox 509 949 681 987; x_wconf 87' lang='lat' dir='ltr'>agemus,</span> <span class='ocrx_word' id='word_1_123' title='bbox 702 936 733 973; x_wconf 91' lang='lat' dir='ltr'>si</span> <span class='ocrx_word' id='word_1_124' title='bbox 762 934 965 986; x_wconf 89' lang='lat' dir='ltr'>Philippus</span> <span class='ocrx_word' id='word_1_125' title='bbox 986 933 1274 971; x_wconf 87' lang='lat' dir='ltr'>Chersonesum</span> <span class='ocrx_word' id='word_1_126' title='bbox 1294 931 1498 975; x_wconf 82' lang='lat' dir='ltr'>invaserit3</span> <span class='ocrx_word' id='word_1_127' title='bbox 1531 931 1627 969; x_wconf 90' lang='lat' dir='ltr'>Dio-</span> 
     </span>
     <span class='ocr_line' id='line_1_14' title="bbox 162 993 1629 1049; baseline -0.001 -17"><span class='ocrx_word' id='word_1_128' title='bbox 162 995 296 1045; x_wconf 88' lang='lat' dir='ltr'>pithen</span> <span class='ocrx_word' id='word_1_129' title='bbox 316 996 355 1034; x_wconf 90' lang='lat' dir='ltr'>in</span> <span class='ocrx_word' id='word_1_130' title='bbox 370 997 559 1049; x_wconf 88' lang='lat' dir='ltr'>judicium</span> <span class='ocrx_word' id='word_1_131' title='bbox 580 997 818 1036; x_wconf 84' lang='lat' dir='ltr'>adducemus</span> <span class='ocrx_word' id='word_1_132' title='bbox 835 996 996 1035; x_wconf 89' lang='lat' dir='ltr'>scilicet.</span> <span class='ocrx_word' id='word_1_133' title='bbox 1055 995 1134 1033; x_wconf 90' lang='lat' dir='ltr'>Sed</span> <span class='ocrx_word' id='word_1_134' title='bbox 1153 994 1248 1045; x_wconf 85' lang='lat' dir='ltr'>quid</span> <span class='ocrx_word' id='word_1_135' title='bbox 1268 1007 1308 1031; x_wconf 81' lang='lat' dir='ltr'>ca</span> <span class='ocrx_word' id='word_1_136' title='bbox 1326 1007 1366 1031; x_wconf 78' lang='lat' dir='ltr'>re</span> <span class='ocrx_word' id='word_1_137' title='bbox 1379 993 1629 1045; x_wconf 75' lang='lat' dir='ltr'>proficietur‘?</span> 
     </span>
     <span class='ocr_line' id='line_1_15' title="bbox 164 1056 1630 1108; baseline 0.001 -14"><span class='ocrx_word' id='word_1_138' title='bbox 164 1057 218 1095; x_wconf 92' lang='lat' dir='ltr'>At</span> <span class='ocrx_word' id='word_1_139' title='bbox 235 1057 310 1096; x_wconf 90' lang='lat' dir='ltr'>illis</span> <span class='ocrx_word' id='word_1_140' title='bbox 330 1058 419 1097; x_wconf 89' lang='lat' dir='ltr'>hinc</span> <span class='ocrx_word' id='word_1_141' title='bbox 438 1060 584 1098; x_wconf 85' lang='lat' dir='ltr'>auxilia</span> <span class='ocrx_word' id='word_1_142' title='bbox 611 1060 822 1098; x_wconf 84' lang='lat' dir='ltr'>mittemus.</span> <span class='ocrx_word' id='word_1_143' title='bbox 878 1058 984 1101; x_wconf 84' lang='lat' dir='ltr'>Quid</span> <span class='ocrx_word' id='word_1_144' title='bbox 1005 1058 1036 1096; x_wconf 91' lang='lat' dir='ltr'>si</span> <span class='ocrx_word' id='word_1_145' title='bbox 1055 1071 1122 1108; x_wconf 89' lang='lat' dir='ltr'>per</span> <span class='ocrx_word' id='word_1_146' title='bbox 1151 1063 1287 1095; x_wconf 87' lang='lat' dir='ltr'>ventos</span> <span class='ocrx_word' id='word_1_147' title='bbox 1308 1070 1386 1094; x_wconf 91' lang='lat' dir='ltr'>non</span> <span class='ocrx_word' id='word_1_148' title='bbox 1405 1056 1547 1095; x_wconf 75' lang='lat' dir='ltr'>liceat?</span> <span class='ocrx_word' id='word_1_149' title='bbox 1577 1057 1630 1095; x_wconf 86' lang='lat' dir='ltr'>At</span> 
     </span>
     <span class='ocr_line' id='line_1_16' title="bbox 163 1118 1628 1173; baseline -0.001 -16"><span class='ocrx_word' id='word_1_150' title='bbox 163 1132 241 1157; x_wconf 90' lang='lat' dir='ltr'>non</span> <span class='ocrx_word' id='word_1_151' title='bbox 261 1121 403 1167; x_wconf 88' lang='lat' dir='ltr'>veniet,</span> <span class='ocrx_word' id='word_1_152' title='bbox 423 1122 553 1160; x_wconf 83' lang='lat' dir='ltr'>credo.</span> <span class='ocrx_word' id='word_1_153' title='bbox 610 1121 664 1160; x_wconf 90' lang='lat' dir='ltr'>Et</span> <span class='ocrx_word' id='word_1_154' title='bbox 683 1122 770 1173; x_wconf 89' lang='lat' dir='ltr'>quis</span> <span class='ocrx_word' id='word_1_155' title='bbox 790 1121 904 1173; x_wconf 89' lang='lat' dir='ltr'>hujus</span> <span class='ocrx_word' id='word_1_156' title='bbox 935 1121 990 1158; x_wconf 90' lang='lat' dir='ltr'>rei</span> <span class='ocrx_word' id='word_1_157' title='bbox 1023 1132 1186 1171; x_wconf 89' lang='lat' dir='ltr'>sponsor</span> <span class='ocrx_word' id='word_1_158' title='bbox 1211 1118 1308 1157; x_wconf 75' lang='lat' dir='ltr'>erit?</span> <span class='ocrx_word' id='word_1_159' title='bbox 1338 1118 1523 1169; x_wconf 88' lang='lat' dir='ltr'>Nunquid</span> <span class='ocrx_word' id='word_1_160' title='bbox 1545 1131 1628 1156; x_wconf 89' lang='lat' dir='ltr'>cer-</span> 
     </span>
     <span class='ocr_line' id='line_1_17' title="bbox 163 1179 1628 1231; baseline -0.001 -13"><span class='ocrx_word' id='word_1_161' title='bbox 163 1181 251 1219; x_wconf 87' lang='lat' dir='ltr'>nitis</span> <span class='ocrx_word' id='word_1_162' title='bbox 271 1188 310 1220; x_wconf 88' lang='lat' dir='ltr'>et</span> <span class='ocrx_word' id='word_1_163' title='bbox 329 1182 596 1231; x_wconf 83' lang='lat' dir='ltr'>consideratis,</span> <span class='ocrx_word' id='word_1_164' title='bbox 619 1183 893 1229; x_wconf 73' lang='lat' dir='ltr'>Athenienses,</span> <span class='ocrx_word' id='word_1_165' title='bbox 914 1181 1116 1219; x_wconf 89' lang='lat' dir='ltr'>imminens</span> <span class='ocrx_word' id='word_1_166' title='bbox 1137 1181 1227 1218; x_wconf 87' lang='lat' dir='ltr'>anni</span> <span class='ocrx_word' id='word_1_167' title='bbox 1247 1187 1413 1231; x_wconf 89' lang='lat' dir='ltr'>tempus,</span> <span class='ocrx_word' id='word_1_168' title='bbox 1434 1181 1505 1217; x_wconf 89' lang='lat' dir='ltr'>sub</span> <span class='ocrx_word' id='word_1_169' title='bbox 1525 1179 1628 1231; x_wconf 90' lang='lat' dir='ltr'>quod</span> 
     </span>
     <span class='ocr_line' id='line_1_18' title="bbox 161 1241 1629 1295; baseline -0.001 -15"><span class='ocrx_word' id='word_1_170' title='bbox 161 1243 338 1281; x_wconf 89' lang='lat' dir='ltr'>nonnulli</span> <span class='ocrx_word' id='word_1_171' title='bbox 358 1244 584 1282; x_wconf 87' lang='lat' dir='ltr'>existimant</span> <span class='ocrx_word' id='word_1_172' title='bbox 603 1244 904 1295; x_wconf 90' lang='lat' dir='ltr'>Hellespontum</span> <span class='ocrx_word' id='word_1_173' title='bbox 922 1242 1057 1282; x_wconf 87' lang='lat' dir='ltr'>vestris</span> <span class='ocrx_word' id='word_1_174' title='bbox 1077 1241 1267 1293; x_wconf 77' lang='lat' dir='ltr'>praesidiis</span> <span class='ocrx_word' id='word_1_175' title='bbox 1288 1241 1517 1279; x_wconf 84' lang='lat' dir='ltr'>destitutum</span> <span class='ocrx_word' id='word_1_176' title='bbox 1529 1241 1629 1279; x_wconf 90' lang='lat' dir='ltr'>tradi</span> 
     </span>
     <span class='ocr_line' id='line_1_19' title="bbox 161 1303 1629 1357; baseline -0.001 -14"><span class='ocrx_word' id='word_1_177' title='bbox 161 1310 336 1356; x_wconf 86' lang='lat' dir='ltr'>oportere</span> <span class='ocrx_word' id='word_1_178' title='bbox 357 1304 559 1357; x_wconf 79' lang='lat' dir='ltr'>Philippo?</span> <span class='ocrx_word' id='word_1_179' title='bbox 589 1305 694 1349; x_wconf 83' lang='lat' dir='ltr'>Quid</span> <span class='ocrx_word' id='word_1_180' title='bbox 713 1318 818 1351; x_wconf 90' lang='lat' dir='ltr'>vero,</span> <span class='ocrx_word' id='word_1_181' title='bbox 840 1306 872 1343; x_wconf 87' lang='lat' dir='ltr'>si</span> <span class='ocrx_word' id='word_1_182' title='bbox 887 1304 1053 1343; x_wconf 91' lang='lat' dir='ltr'>Thracia</span> <span class='ocrx_word' id='word_1_183' title='bbox 1067 1303 1200 1342; x_wconf 81' lang='lat' dir='ltr'>relleta</span> <span class='ocrx_word' id='word_1_184' title='bbox 1214 1316 1263 1341; x_wconf 87' lang='lat' dir='ltr'>ne</span> <span class='ocrx_word' id='word_1_185' title='bbox 1275 1303 1430 1354; x_wconf 91' lang='lat' dir='ltr'>quidem</span> <span class='ocrx_word' id='word_1_186' title='bbox 1444 1303 1494 1341; x_wconf 86' lang='lat' dir='ltr'>ad</span> <span class='ocrx_word' id='word_1_187' title='bbox 1507 1303 1629 1341; x_wconf 89' lang='lat' dir='ltr'>Cher-</span> 
     </span>
     <span class='ocr_line' id='line_1_20' title="bbox 160 1364 1630 1418; baseline -0.001 -13"><span class='ocrx_word' id='word_1_188' title='bbox 160 1379 344 1405; x_wconf 89' lang='lat' dir='ltr'>sonesum</span> <span class='ocrx_word' id='word_1_189' title='bbox 371 1368 578 1406; x_wconf 85' lang='lat' dir='ltr'>accesserit</span> <span class='ocrx_word' id='word_1_190' title='bbox 609 1374 676 1406; x_wconf 86' lang='lat' dir='ltr'>aut</span> <span class='ocrx_word' id='word_1_191' title='bbox 706 1367 1080 1418; x_wconf 87' lang='lat' dir='ltr'>Byzantium—nam</span> <span class='ocrx_word' id='word_1_192' title='bbox 1111 1372 1152 1403; x_wconf 90' lang='lat' dir='ltr'>et</span> <span class='ocrx_word' id='word_1_193' title='bbox 1181 1364 1266 1402; x_wconf 86' lang='lat' dir='ltr'>haec</span> <span class='ocrx_word' id='word_1_194' title='bbox 1294 1364 1540 1403; x_wconf 88' lang='lat' dir='ltr'>considerare</span> <span class='ocrx_word' id='word_1_195' title='bbox 1561 1365 1630 1404; x_wconf 88' lang='lat' dir='ltr'>de-</span> 
     </span>
     <span class='ocr_line' id='line_1_21' title="bbox 159 1426 1628 1480; baseline -0.001 -14"><span class='ocrx_word' id='word_1_196' title='bbox 159 1429 380 1467; x_wconf 88' lang='lat' dir='ltr'>betis—sed</span> <span class='ocrx_word' id='word_1_197' title='bbox 400 1429 625 1468; x_wconf 88' lang='lat' dir='ltr'>Chalcidem</span> <span class='ocrx_word' id='word_1_198' title='bbox 639 1435 707 1468; x_wconf 85' lang='lat' dir='ltr'>aut</span> <span class='ocrx_word' id='word_1_199' title='bbox 719 1430 902 1480; x_wconf 84' lang='lat' dir='ltr'>Megaras</span> <span class='ocrx_word' id='word_1_200' title='bbox 916 1427 1108 1473; x_wconf 86' lang='lat' dir='ltr'>invaserit,</span> <span class='ocrx_word' id='word_1_201' title='bbox 1122 1426 1319 1478; x_wconf 91' lang='lat' dir='ltr'>quomodo</span> <span class='ocrx_word' id='word_1_202' title='bbox 1332 1439 1454 1478; x_wconf 88' lang='lat' dir='ltr'>nuper</span> <span class='ocrx_word' id='word_1_203' title='bbox 1468 1426 1628 1474; x_wconf 89' lang='lat' dir='ltr'>Oreum,</span> 
     </span>
     <span class='ocr_line' id='line_1_22' title="bbox 160 1487 1630 1544; baseline -0.002 -16"><span class='ocrx_word' id='word_1_204' title='bbox 160 1497 338 1528; x_wconf 89' lang='lat' dir='ltr'>utrumne</span> <span class='ocrx_word' id='word_1_205' title='bbox 361 1492 563 1544; x_wconf 79' lang='lat' dir='ltr'>praestabit</span> <span class='ocrx_word' id='word_1_206' title='bbox 580 1491 642 1529; x_wconf 90' lang='lat' dir='ltr'>hic</span> <span class='ocrx_word' id='word_1_207' title='bbox 662 1491 717 1529; x_wconf 92' lang='lat' dir='ltr'>illi</span> <span class='ocrx_word' id='word_1_208' title='bbox 737 1503 940 1529; x_wconf 87' lang='lat' dir='ltr'>occurrere</span> <span class='ocrx_word' id='word_1_209' title='bbox 960 1502 1006 1528; x_wconf 88' lang='lat' dir='ltr'>ac</span> <span class='ocrx_word' id='word_1_210' title='bbox 1025 1489 1243 1541; x_wconf 85' lang='lat' dir='ltr'>permittere</span> <span class='ocrx_word' id='word_1_211' title='bbox 1264 1495 1307 1526; x_wconf 84' lang='lat' dir='ltr'>ut</span> <span class='ocrx_word' id='word_1_212' title='bbox 1324 1488 1470 1526; x_wconf 88' lang='lat' dir='ltr'>bellurn</span> <span class='ocrx_word' id='word_1_213' title='bbox 1489 1487 1540 1526; x_wconf 89' lang='lat' dir='ltr'>ad</span> <span class='ocrx_word' id='word_1_214' title='bbox 1558 1488 1630 1526; x_wconf 83' lang='lat' dir='ltr'>At-</span> 
     </span>
     <span class='ocr_line' id='line_1_23' title="bbox 161 1549 1630 1604; baseline 0 -15"><span class='ocrx_word' id='word_1_215' title='bbox 161 1552 248 1589; x_wconf 86' lang='lat' dir='ltr'>ticae</span> <span class='ocrx_word' id='word_1_216' title='bbox 261 1551 357 1590; x_wconf 87' lang='lat' dir='ltr'>fines</span> <span class='ocrx_word' id='word_1_217' title='bbox 373 1553 547 1598; x_wconf 85' lang='lat' dir='ltr'>accedat,</span> <span class='ocrx_word' id='word_1_218' title='bbox 565 1566 614 1591; x_wconf 87' lang='lat' dir='ltr'>an</span> <span class='ocrx_word' id='word_1_219' title='bbox 634 1552 710 1590; x_wconf 91' lang='lat' dir='ltr'>illic</span> <span class='ocrx_word' id='word_1_220' title='bbox 730 1552 894 1604; x_wconf 84' lang='lat' dir='ltr'>negotiis</span> <span class='ocrx_word' id='word_1_221' title='bbox 913 1551 1146 1604; x_wconf 83' lang='lat' dir='ltr'>quibusdam</span> <span class='ocrx_word' id='word_1_222' title='bbox 1166 1550 1274 1588; x_wconf 92' lang='lat' dir='ltr'>illum</span> <span class='ocrx_word' id='word_1_223' title='bbox 1289 1549 1515 1602; x_wconf 73' lang='lat' dir='ltr'>implicare?</span> <span class='ocrx_word' id='word_1_224' title='bbox 1544 1551 1630 1602; x_wconf 85' lang='lat' dir='ltr'>Ego</span> 
     </span>
     <span class='ocr_line' id='line_1_24' title="bbox 164 1612 871 1666; baseline 0 -16"><span class='ocrx_word' id='word_1_225' title='bbox 164 1612 318 1664; x_wconf 86' lang='lat' dir='ltr'>quidem</span> <span class='ocrx_word' id='word_1_226' title='bbox 340 1613 415 1652; x_wconf 92' lang='lat' dir='ltr'>hoc</span> <span class='ocrx_word' id='word_1_227' title='bbox 430 1614 695 1666; x_wconf 64' lang='lat' dir='ltr'>praeferendum</span> <span class='ocrx_word' id='word_1_228' title='bbox 714 1627 871 1652; x_wconf 86' lang='lat' dir='ltr'>censeo.</span> 
     </span>
    </p>

    <p class='ocr_par' dir='ltr' id='par_1_3' title="bbox 155 1674 1631 2407">
     <span class='ocr_line' id='line_1_25' title="bbox 217 1674 1631 1727; baseline -0.001 -14"><span class='ocrx_word' id='word_1_229' title='bbox 217 1677 255 1713; x_wconf 92' lang='lat'>5.</span> <span class='ocrx_word' id='word_1_230' title='bbox 287 1675 434 1714; x_wconf 91' lang='lat' dir='ltr'>Omnes</span> <span class='ocrx_word' id='word_1_231' title='bbox 458 1675 587 1727; x_wconf 86' lang='lat' dir='ltr'>igitur,</span> <span class='ocrx_word' id='word_1_232' title='bbox 619 1676 678 1713; x_wconf 88' lang='lat' dir='ltr'>his</span> <span class='ocrx_word' id='word_1_233' title='bbox 711 1675 892 1727; x_wconf 80' lang='lat' dir='ltr'>cognitis,</span> <span class='ocrx_word' id='word_1_234' title='bbox 912 1681 952 1713; x_wconf 91' lang='lat' dir='ltr'>et</span> <span class='ocrx_word' id='word_1_235' title='bbox 982 1674 1250 1721; x_wconf 80' lang='lat' dir='ltr'>consideratis,</span> <span class='ocrx_word' id='word_1_236' title='bbox 1272 1674 1495 1721; x_wconf 85' lang='lat' dir='ltr'>exercitum,</span> <span class='ocrx_word' id='word_1_237' title='bbox 1515 1687 1631 1725; x_wconf 88' lang='lat' dir='ltr'>quem</span> 
     </span>
     <span class='ocr_line' id='line_1_26' title="bbox 162 1736 1630 1789; baseline 0 -15"><span class='ocrx_word' id='word_1_238' title='bbox 162 1736 364 1787; x_wconf 89' lang='lat' dir='ltr'>Diopithes</span> <span class='ocrx_word' id='word_1_239' title='bbox 383 1737 422 1775; x_wconf 88' lang='lat' dir='ltr'>in</span> <span class='ocrx_word' id='word_1_240' title='bbox 444 1738 666 1789; x_wconf 89' lang='lat' dir='ltr'>reipublicae</span> <span class='ocrx_word' id='word_1_241' title='bbox 683 1737 909 1788; x_wconf 80' lang='lat' dir='ltr'>praesidium</span> <span class='ocrx_word' id='word_1_242' title='bbox 929 1749 1064 1788; x_wconf 86' lang='lat' dir='ltr'>parare</span> <span class='ocrx_word' id='word_1_243' title='bbox 1083 1743 1258 1783; x_wconf 82' lang='lat' dir='ltr'>conatur,</span> <span class='ocrx_word' id='word_1_244' title='bbox 1279 1749 1356 1774; x_wconf 89' lang='lat' dir='ltr'>non</span> <span class='ocrx_word' id='word_1_245' title='bbox 1376 1736 1571 1774; x_wconf 87' lang='lat' dir='ltr'>adducere</span> <span class='ocrx_word' id='word_1_246' title='bbox 1591 1738 1630 1775; x_wconf 86' lang='lat' dir='ltr'>in</span> 
     </span>
     <span class='ocr_line' id='line_1_27' title="bbox 159 1790 1629 1850; baseline 0.001 -15"><span class='ocrx_word' id='word_1_247' title='bbox 159 1797 342 1836; x_wconf 84' lang='lat' dir='ltr'>invidiam</span> <span class='ocrx_word' id='word_1_248' title='bbox 363 1804 515 1849; x_wconf 89' lang='lat' dir='ltr'>oportet</span> <span class='ocrx_word' id='word_1_249' title='bbox 534 1812 660 1850; x_wconf 90' lang='lat' dir='ltr'>neque</span> <span class='ocrx_word' id='word_1_250' title='bbox 679 1790 718 1836; x_wconf 87' lang='lat' dir='ltr'>id</span> <span class='ocrx_word' id='word_1_251' title='bbox 739 1811 855 1850; x_wconf 86' lang='lat' dir='ltr'>agere</span> <span class='ocrx_word' id='word_1_252' title='bbox 874 1805 919 1837; x_wconf 90' lang='lat' dir='ltr'>ut</span> <span class='ocrx_word' id='word_1_253' title='bbox 938 1798 1160 1850; x_wconf 90' lang='lat' dir='ltr'>dissipetur,</span> <span class='ocrx_word' id='word_1_254' title='bbox 1178 1796 1248 1835; x_wconf 90' lang='lat' dir='ltr'>sed</span> <span class='ocrx_word' id='word_1_255' title='bbox 1262 1797 1366 1848; x_wconf 91' lang='lat' dir='ltr'>ipsos</span> <span class='ocrx_word' id='word_1_256' title='bbox 1383 1797 1497 1835; x_wconf 88' lang='lat' dir='ltr'>etiam</span> <span class='ocrx_word' id='word_1_257' title='bbox 1512 1798 1629 1836; x_wconf 92' lang='lat' dir='ltr'>alium</span> 
     </span>
     <span class='ocr_line' id='line_1_28' title="bbox 162 1859 1630 1913; baseline 0.001 -16"><span class='ocrx_word' id='word_1_258' title='bbox 162 1859 344 1911; x_wconf 89' lang='lat' dir='ltr'>adjicere,</span> <span class='ocrx_word' id='word_1_259' title='bbox 363 1866 446 1897; x_wconf 90' lang='lat' dir='ltr'>tum</span> <span class='ocrx_word' id='word_1_260' title='bbox 475 1860 764 1913; x_wconf 88' lang='lat' dir='ltr'>suppeditanda</span> <span class='ocrx_word' id='word_1_261' title='bbox 782 1861 837 1899; x_wconf 89' lang='lat' dir='ltr'>illi</span> <span class='ocrx_word' id='word_1_262' title='bbox 857 1861 1035 1912; x_wconf 91' lang='lat' dir='ltr'>pecunia,</span> <span class='ocrx_word' id='word_1_263' title='bbox 1054 1867 1137 1899; x_wconf 86' lang='lat' dir='ltr'>tum</span> <span class='ocrx_word' id='word_1_264' title='bbox 1165 1859 1315 1898; x_wconf 84' lang='lat' dir='ltr'>caeteris</span> <span class='ocrx_word' id='word_1_265' title='bbox 1336 1861 1450 1898; x_wconf 87' lang='lat' dir='ltr'>rebus</span> <span class='ocrx_word' id='word_1_266' title='bbox 1470 1861 1540 1898; x_wconf 88' lang='lat' dir='ltr'>rite</span> <span class='ocrx_word' id='word_1_267' title='bbox 1561 1861 1630 1898; x_wconf 87' lang='lat' dir='ltr'>ad-</span> 
     </span>
     <span class='ocr_line' id='line_1_29' title="bbox 155 1920 1630 1974; baseline 0.001 -15"><span class='ocrx_word' id='word_1_268' title='bbox 155 1920 342 1972; x_wconf 86' lang='lat' dir='ltr'>juvando.</span> <span class='ocrx_word' id='word_1_269' title='bbox 400 1921 503 1960; x_wconf 89' lang='lat' dir='ltr'>Nam</span> <span class='ocrx_word' id='word_1_270' title='bbox 521 1922 553 1960; x_wconf 90' lang='lat' dir='ltr'>si</span> <span class='ocrx_word' id='word_1_271' title='bbox 575 1922 659 1974; x_wconf 90' lang='lat' dir='ltr'>quis</span> <span class='ocrx_word' id='word_1_272' title='bbox 680 1922 901 1974; x_wconf 88' lang='lat' dir='ltr'>Philippum</span> <span class='ocrx_word' id='word_1_273' title='bbox 922 1928 1184 1974; x_wconf 84' lang='lat' dir='ltr'>percontetur,</span> <span class='ocrx_word' id='word_1_274' title='bbox 1197 1921 1283 1972; x_wconf 86' lang='lat' dir='ltr'>Age</span> <span class='ocrx_word' id='word_1_275' title='bbox 1297 1920 1374 1968; x_wconf 86' lang='lat' dir='ltr'>dic,</span> <span class='ocrx_word' id='word_1_276' title='bbox 1390 1928 1518 1959; x_wconf 89' lang='lat' dir='ltr'>utrum</span> <span class='ocrx_word' id='word_1_277' title='bbox 1533 1923 1630 1961; x_wconf 87' lang='lat' dir='ltr'>mal-</span> 
     </span>
     <span class='ocr_line' id='line_1_30' title="bbox 161 1982 1631 2036; baseline 0.001 -15"><span class='ocrx_word' id='word_1_278' title='bbox 161 1983 219 2021; x_wconf 88' lang='lat' dir='ltr'>les</span> <span class='ocrx_word' id='word_1_279' title='bbox 240 1982 336 2022; x_wconf 86' lang='lat' dir='ltr'>istos</span> <span class='ocrx_word' id='word_1_280' title='bbox 361 1983 515 2031; x_wconf 88' lang='lat' dir='ltr'>milites,</span> <span class='ocrx_word' id='word_1_281' title='bbox 534 1997 631 2035; x_wconf 90' lang='lat' dir='ltr'>quos</span> <span class='ocrx_word' id='word_1_282' title='bbox 646 1998 749 2023; x_wconf 91' lang='lat' dir='ltr'>nunc</span> <span class='ocrx_word' id='word_1_283' title='bbox 769 1984 978 2036; x_wconf 86' lang='lat' dir='ltr'>Diopithes</span> <span class='ocrx_word' id='word_1_284' title='bbox 991 1984 1124 2030; x_wconf 87' lang='lat' dir='ltr'>habet,</span> <span class='ocrx_word' id='word_1_285' title='bbox 1138 1984 1274 2035; x_wconf 88' lang='lat' dir='ltr'>quales</span> <span class='ocrx_word' id='word_1_286' title='bbox 1293 1983 1426 2035; x_wconf 89' lang='lat' dir='ltr'>quales</span> <span class='ocrx_word' id='word_1_287' title='bbox 1441 1983 1631 2023; x_wconf 87' lang='lat' dir='ltr'>sint—ni-</span> 
     </span>
     <span class='ocr_line' id='line_1_31' title="bbox 160 2043 1630 2098; baseline 0.003 -17"><span class='ocrx_word' id='word_1_288' title='bbox 160 2043 215 2081; x_wconf 90' lang='lat' dir='ltr'>hil</span> <span class='ocrx_word' id='word_1_289' title='bbox 235 2044 334 2081; x_wconf 90' lang='lat' dir='ltr'>enim</span> <span class='ocrx_word' id='word_1_290' title='bbox 349 2045 776 2098; x_wconf 79' lang='lat' dir='ltr'>contradico—pollere</span> <span class='ocrx_word' id='word_1_291' title='bbox 797 2052 836 2085; x_wconf 90' lang='lat' dir='ltr'>et</span> <span class='ocrx_word' id='word_1_292' title='bbox 854 2046 893 2084; x_wconf 92' lang='lat' dir='ltr'>in</span> <span class='ocrx_word' id='word_1_293' title='bbox 914 2045 1036 2097; x_wconf 87' lang='lat' dir='ltr'>gloria</span> <span class='ocrx_word' id='word_1_294' title='bbox 1056 2059 1140 2084; x_wconf 91' lang='lat' dir='ltr'>esse</span> <span class='ocrx_word' id='word_1_295' title='bbox 1161 2045 1266 2096; x_wconf 83' lang='lat' dir='ltr'>apud</span> <span class='ocrx_word' id='word_1_296' title='bbox 1288 2046 1551 2086; x_wconf 84' lang='lat' dir='ltr'>Athenienses</span> <span class='ocrx_word' id='word_1_297' title='bbox 1571 2054 1630 2086; x_wconf 87' lang='lat' dir='ltr'>at-</span> 
     </span>
     <span class='ocr_line' id='line_1_32' title="bbox 159 2107 1629 2160; baseline 0.003 -17"><span class='ocrx_word' id='word_1_298' title='bbox 159 2118 236 2156; x_wconf 89' lang='lat' dir='ltr'>que</span> <span class='ocrx_word' id='word_1_299' title='bbox 255 2118 387 2144; x_wconf 88' lang='lat' dir='ltr'>eorum</span> <span class='ocrx_word' id='word_1_300' title='bbox 407 2119 620 2154; x_wconf 90' lang='lat' dir='ltr'>numerum,</span> <span class='ocrx_word' id='word_1_301' title='bbox 636 2108 734 2146; x_wconf 89' lang='lat' dir='ltr'>vires</span> <span class='ocrx_word' id='word_1_302' title='bbox 754 2121 844 2147; x_wconf 86' lang='lat' dir='ltr'>suas</span> <span class='ocrx_word' id='word_1_303' title='bbox 864 2107 1064 2160; x_wconf 88' lang='lat' dir='ltr'>republica</span> <span class='ocrx_word' id='word_1_304' title='bbox 1081 2107 1318 2154; x_wconf 89' lang='lat' dir='ltr'>conferente,</span> <span class='ocrx_word' id='word_1_305' title='bbox 1335 2109 1481 2159; x_wconf 83' lang='lat' dir='ltr'>augeri,</span> <span class='ocrx_word' id='word_1_306' title='bbox 1503 2122 1551 2146; x_wconf 87' lang='lat' dir='ltr'>an</span> <span class='ocrx_word' id='word_1_307' title='bbox 1563 2123 1629 2148; x_wconf 91' lang='lat' dir='ltr'>ve-</span> 
     </span>
     <span class='ocr_line' id='line_1_33' title="bbox 160 2168 1631 2219; baseline 0.002 -15"><span class='ocrx_word' id='word_1_308' title='bbox 160 2179 203 2204; x_wconf 92' lang='lat' dir='ltr'>ro</span> <span class='ocrx_word' id='word_1_309' title='bbox 222 2174 380 2219; x_wconf 90' lang='lat' dir='ltr'>propter</span> <span class='ocrx_word' id='word_1_310' title='bbox 399 2169 644 2218; x_wconf 86' lang='lat' dir='ltr'>quorundam</span> <span class='ocrx_word' id='word_1_311' title='bbox 658 2169 873 2208; x_wconf 86' lang='lat' dir='ltr'>calumnias</span> <span class='ocrx_word' id='word_1_312' title='bbox 892 2175 931 2207; x_wconf 89' lang='lat' dir='ltr'>et</span> <span class='ocrx_word' id='word_1_313' title='bbox 948 2169 1219 2207; x_wconf 87' lang='lat' dir='ltr'>accusationes</span> <span class='ocrx_word' id='word_1_314' title='bbox 1240 2168 1369 2207; x_wconf 88' lang='lat' dir='ltr'>divelli</span> <span class='ocrx_word' id='word_1_315' title='bbox 1389 2181 1434 2207; x_wconf 88' lang='lat' dir='ltr'>ac</span> <span class='ocrx_word' id='word_1_316' title='bbox 1446 2169 1631 2207; x_wconf 74' lang='lat' dir='ltr'>interire?</span> 
     </span>
     <span class='ocr_line' id='line_1_34' title="bbox 162 2229 1628 2283; baseline 0.003 -17"><span class='ocrx_word' id='word_1_317' title='bbox 162 2229 374 2268; x_wconf 78' lang='lat' dir='ltr'>Posteriora</span> <span class='ocrx_word' id='word_1_318' title='bbox 392 2230 494 2276; x_wconf 86' lang='lat' dir='ltr'>haec,</span> <span class='ocrx_word' id='word_1_319' title='bbox 512 2232 660 2283; x_wconf 90' lang='lat' dir='ltr'>opinor,</span> <span class='ocrx_word' id='word_1_320' title='bbox 680 2244 722 2270; x_wconf 91' lang='lat' dir='ltr'>se</span> <span class='ocrx_word' id='word_1_321' title='bbox 742 2232 839 2270; x_wconf 90' lang='lat' dir='ltr'>velle</span> <span class='ocrx_word' id='word_1_322' title='bbox 856 2231 1122 2283; x_wconf 89' lang='lat' dir='ltr'>responderet.</span> <span class='ocrx_word' id='word_1_323' title='bbox 1179 2232 1279 2273; x_wconf 83' lang='lat' dir='ltr'>Quae</span> <span class='ocrx_word' id='word_1_324' title='bbox 1294 2230 1411 2281; x_wconf 80' lang='lat' dir='ltr'>igitur</span> <span class='ocrx_word' id='word_1_325' title='bbox 1426 2230 1628 2282; x_wconf 86' lang='lat' dir='ltr'>Philippus</span> 
     </span>
     <span class='ocr_line' id='line_1_35' title="bbox 161 2292 1630 2346; baseline 0.002 -16"><span class='ocrx_word' id='word_1_326' title='bbox 161 2305 185 2331; x_wconf 91' lang='lat' dir='ltr'>a</span> <span class='ocrx_word' id='word_1_327' title='bbox 203 2292 276 2331; x_wconf 88' lang='lat' dir='ltr'>diis</span> <span class='ocrx_word' id='word_1_328' title='bbox 307 2293 586 2333; x_wconf 88' lang='lat' dir='ltr'>immortalibus</span> <span class='ocrx_word' id='word_1_329' title='bbox 606 2302 841 2346; x_wconf 87' lang='lat' dir='ltr'>precaretur,</span> <span class='ocrx_word' id='word_1_330' title='bbox 862 2307 909 2333; x_wconf 92' lang='lat' dir='ltr'>ea</span> <span class='ocrx_word' id='word_1_331' title='bbox 940 2300 1116 2332; x_wconf 88' lang='lat' dir='ltr'>nostrum</span> <span class='ocrx_word' id='word_1_332' title='bbox 1136 2294 1294 2345; x_wconf 89' lang='lat' dir='ltr'>quidam</span> <span class='ocrx_word' id='word_1_333' title='bbox 1314 2293 1376 2332; x_wconf 90' lang='lat' dir='ltr'>hic</span> <span class='ocrx_word' id='word_1_334' title='bbox 1395 2293 1630 2334; x_wconf 78' lang='lat' dir='ltr'>moliuntur?</span> 
     </span>
     <span class='ocr_line' id='line_1_36' title="bbox 165 2354 1389 2407; baseline 0.001 -16"><span class='ocrx_word' id='word_1_335' title='bbox 165 2354 215 2391; x_wconf 92' lang='lat' dir='ltr'>Et</span> <span class='ocrx_word' id='word_1_336' title='bbox 230 2355 400 2404; x_wconf 80' lang='lat' dir='ltr'>quaeritis</span> <span class='ocrx_word' id='word_1_337' title='bbox 422 2355 563 2403; x_wconf 88' lang='lat' dir='ltr'>adhuc,</span> <span class='ocrx_word' id='word_1_338' title='bbox 582 2357 687 2394; x_wconf 87' lang='lat' dir='ltr'>unde</span> <span class='ocrx_word' id='word_1_339' title='bbox 707 2363 850 2395; x_wconf 86' lang='lat' dir='ltr'>nostrae</span> <span class='ocrx_word' id='word_1_340' title='bbox 870 2356 1015 2394; x_wconf 85' lang='lat' dir='ltr'>civitati</span> <span class='ocrx_word' id='word_1_341' title='bbox 1034 2356 1162 2394; x_wconf 87' lang='lat' dir='ltr'>omnia</span> <span class='ocrx_word' id='word_1_342' title='bbox 1179 2355 1389 2407; x_wconf 71' lang='lat' dir='ltr'>perierint?</span> 
     </span>
    </p>

    <p class='ocr_par' dir='ltr' id='par_1_4' title="bbox 162 2415 1631 2962">
     <span class='ocr_line' id='line_1_37' title="bbox 217 2415 1631 2470; baseline 0.004 -18"><span class='ocrx_word' id='word_1_343' title='bbox 217 2415 255 2452; x_wconf 92' lang='lat'>6.</span> <span class='ocrx_word' id='word_1_344' title='bbox 285 2415 410 2454; x_wconf 88' lang='lat' dir='ltr'>Velim</span> <span class='ocrx_word' id='word_1_345' title='bbox 426 2424 554 2456; x_wconf 86' lang='lat' dir='ltr'>autem</span> <span class='ocrx_word' id='word_1_346' title='bbox 574 2418 693 2456; x_wconf 87' lang='lat' dir='ltr'>libere</span> <span class='ocrx_word' id='word_1_347' title='bbox 714 2431 782 2457; x_wconf 90' lang='lat' dir='ltr'>vos</span> <span class='ocrx_word' id='word_1_348' title='bbox 800 2424 1032 2470; x_wconf 80' lang='lat' dir='ltr'>praesentem</span> <span class='ocrx_word' id='word_1_349' title='bbox 1049 2424 1191 2456; x_wconf 87' lang='lat' dir='ltr'>statum</span> <span class='ocrx_word' id='word_1_350' title='bbox 1210 2416 1313 2455; x_wconf 88' lang='lat' dir='ltr'>urbis</span> <span class='ocrx_word' id='word_1_351' title='bbox 1335 2416 1571 2465; x_wconf 87' lang='lat' dir='ltr'>examinare,</span> <span class='ocrx_word' id='word_1_352' title='bbox 1591 2425 1631 2457; x_wconf 92' lang='lat' dir='ltr'>et</span> 
     </span>
     <span class='ocr_line' id='line_1_38' title="bbox 162 2476 1628 2530; baseline 0.003 -18"><span class='ocrx_word' id='word_1_353' title='bbox 162 2476 405 2516; x_wconf 77' lang='lat' dir='ltr'>considerare</span> <span class='ocrx_word' id='word_1_354' title='bbox 424 2478 517 2529; x_wconf 92' lang='lat' dir='ltr'>quid</span> <span class='ocrx_word' id='word_1_355' title='bbox 537 2479 606 2530; x_wconf 91' lang='lat' dir='ltr'>ipsi</span> <span class='ocrx_word' id='word_1_356' title='bbox 626 2479 812 2518; x_wconf 87' lang='lat' dir='ltr'>faciamus</span> <span class='ocrx_word' id='word_1_357' title='bbox 828 2492 934 2518; x_wconf 87' lang='lat' dir='ltr'>nunc</span> <span class='ocrx_word' id='word_1_358' title='bbox 954 2486 993 2517; x_wconf 91' lang='lat' dir='ltr'>et</span> <span class='ocrx_word' id='word_1_359' title='bbox 1020 2477 1215 2530; x_wconf 90' lang='lat' dir='ltr'>quomodo</span> <span class='ocrx_word' id='word_1_360' title='bbox 1234 2478 1522 2530; x_wconf 88' lang='lat' dir='ltr'>nobismetipsis</span> <span class='ocrx_word' id='word_1_361' title='bbox 1543 2486 1628 2517; x_wconf 82' lang='lat' dir='ltr'>uta-</span> 
     </span>
     <span class='ocr_line' id='line_1_39' title="bbox 165 2538 1629 2591; baseline 0.003 -17"><span class='ocrx_word' id='word_1_362' title='bbox 165 2550 262 2575; x_wconf 87' lang='lat' dir='ltr'>mur.</span> <span class='ocrx_word' id='word_1_363' title='bbox 319 2538 400 2577; x_wconf 91' lang='lat' dir='ltr'>Nos</span> <span class='ocrx_word' id='word_1_364' title='bbox 413 2553 538 2591; x_wconf 86' lang='lat' dir='ltr'>neque</span> <span class='ocrx_word' id='word_1_365' title='bbox 551 2541 738 2579; x_wconf 90' lang='lat' dir='ltr'>tributum</span> <span class='ocrx_word' id='word_1_366' title='bbox 752 2541 927 2580; x_wconf 80' lang='lat' dir='ltr'>conferre</span> <span class='ocrx_word' id='word_1_367' title='bbox 946 2541 1139 2588; x_wconf 89' lang='lat' dir='ltr'>volumus,</span> <span class='ocrx_word' id='word_1_368' title='bbox 1154 2553 1225 2578; x_wconf 89' lang='lat' dir='ltr'>nec</span> <span class='ocrx_word' id='word_1_369' title='bbox 1240 2539 1313 2591; x_wconf 90' lang='lat' dir='ltr'>ipsi</span> <span class='ocrx_word' id='word_1_370' title='bbox 1327 2539 1490 2578; x_wconf 87' lang='lat' dir='ltr'>militare</span> <span class='ocrx_word' id='word_1_371' title='bbox 1510 2541 1629 2578; x_wconf 89' lang='lat' dir='ltr'>aude-</span> 
     </span>
     <span class='ocr_line' id='line_1_40' title="bbox 163 2602 1627 2654; baseline 0.002 -18"><span class='ocrx_word' id='word_1_372' title='bbox 163 2612 262 2645; x_wconf 89' lang='lat' dir='ltr'>mus,</span> <span class='ocrx_word' id='word_1_373' title='bbox 278 2612 404 2650; x_wconf 88' lang='lat' dir='ltr'>neque</span> <span class='ocrx_word' id='word_1_374' title='bbox 423 2602 578 2652; x_wconf 90' lang='lat' dir='ltr'>publica</span> <span class='ocrx_word' id='word_1_375' title='bbox 596 2603 761 2654; x_wconf 88' lang='lat' dir='ltr'>pecunia</span> <span class='ocrx_word' id='word_1_376' title='bbox 780 2602 973 2641; x_wconf 88' lang='lat' dir='ltr'>abstinere</span> <span class='ocrx_word' id='word_1_377' title='bbox 991 2614 1211 2653; x_wconf 89' lang='lat' dir='ltr'>possumus,</span> <span class='ocrx_word' id='word_1_378' title='bbox 1237 2615 1363 2653; x_wconf 89' lang='lat' dir='ltr'>neque</span> <span class='ocrx_word' id='word_1_379' title='bbox 1392 2602 1627 2652; x_wconf 83' lang='lat' dir='ltr'>assignatam</span> 
     </span>
     <span class='ocr_line' id='line_1_41' title="bbox 163 2660 1630 2715; baseline 0.001 -15"><span class='ocrx_word' id='word_1_380' title='bbox 163 2660 339 2712; x_wconf 87' lang='lat' dir='ltr'>Diopithi</span> <span class='ocrx_word' id='word_1_381' title='bbox 358 2663 558 2713; x_wconf 86' lang='lat' dir='ltr'>pecuniam</span> <span class='ocrx_word' id='word_1_382' title='bbox 577 2664 797 2715; x_wconf 88' lang='lat' dir='ltr'>pendimus,</span> <span class='ocrx_word' id='word_1_383' title='bbox 811 2677 882 2702; x_wconf 88' lang='lat' dir='ltr'>nec</span> <span class='ocrx_word' id='word_1_384' title='bbox 897 2677 984 2715; x_wconf 88' lang='lat' dir='ltr'>quae</span> <span class='ocrx_word' id='word_1_385' title='bbox 996 2663 1079 2715; x_wconf 86' lang='lat' dir='ltr'>ipse</span> <span class='ocrx_word' id='word_1_386' title='bbox 1096 2676 1167 2701; x_wconf 89' lang='lat' dir='ltr'>sua</span> <span class='ocrx_word' id='word_1_387' title='bbox 1185 2663 1377 2701; x_wconf 83' lang='lat' dir='ltr'>industria</span> <span class='ocrx_word' id='word_1_388' title='bbox 1396 2664 1630 2714; x_wconf 88' lang='lat' dir='ltr'>compararit</span> 
     </span>
     <span class='ocr_line' id='line_1_42' title="bbox 163 2721 1627 2777; baseline 0.003 -18"><span class='ocrx_word' id='word_1_389' title='bbox 163 2721 385 2770; x_wconf 89' lang='lat' dir='ltr'>laudamus,</span> <span class='ocrx_word' id='word_1_390' title='bbox 398 2724 469 2762; x_wconf 91' lang='lat' dir='ltr'>sed</span> <span class='ocrx_word' id='word_1_391' title='bbox 481 2725 744 2765; x_wconf 88' lang='lat' dir='ltr'>obtrectamus</span> <span class='ocrx_word' id='word_1_392' title='bbox 764 2732 803 2764; x_wconf 88' lang='lat' dir='ltr'>et</span> <span class='ocrx_word' id='word_1_393' title='bbox 829 2725 1077 2777; x_wconf 86' lang='lat' dir='ltr'>speculamur</span> <span class='ocrx_word' id='word_1_394' title='bbox 1095 2725 1200 2763; x_wconf 90' lang='lat' dir='ltr'>unde</span> <span class='ocrx_word' id='word_1_395' title='bbox 1220 2731 1260 2762; x_wconf 91' lang='lat' dir='ltr'>et</span> <span class='ocrx_word' id='word_1_396' title='bbox 1280 2725 1374 2776; x_wconf 81' lang='lat' dir='ltr'>quid</span> <span class='ocrx_word' id='word_1_397' title='bbox 1395 2725 1444 2762; x_wconf 88' lang='lat' dir='ltr'>sit</span> <span class='ocrx_word' id='word_1_398' title='bbox 1458 2725 1627 2764; x_wconf 86' lang='lat' dir='ltr'>facturus</span> 
     </span>
     <span class='ocr_line' id='line_1_43' title="bbox 163 2784 1628 2836; baseline 0.002 -14"><span class='ocrx_word' id='word_1_399' title='bbox 163 2797 209 2822; x_wconf 85' lang='lat' dir='ltr'>ac</span> <span class='ocrx_word' id='word_1_400' title='bbox 228 2784 268 2822; x_wconf 91' lang='lat' dir='ltr'>id</span> <span class='ocrx_word' id='word_1_401' title='bbox 295 2798 418 2835; x_wconf 83' lang='lat' dir='ltr'>genus</span> <span class='ocrx_word' id='word_1_402' title='bbox 438 2786 580 2834; x_wconf 87' lang='lat' dir='ltr'>omnia,</span> <span class='ocrx_word' id='word_1_403' title='bbox 597 2800 682 2834; x_wconf 90' lang='lat' dir='ltr'>nec,</span> <span class='ocrx_word' id='word_1_404' title='bbox 699 2800 788 2826; x_wconf 90' lang='lat' dir='ltr'>cum</span> <span class='ocrx_word' id='word_1_405' title='bbox 812 2787 873 2826; x_wconf 90' lang='lat' dir='ltr'>his</span> <span class='ocrx_word' id='word_1_406' title='bbox 893 2787 1029 2826; x_wconf 85' lang='lat' dir='ltr'>animis</span> <span class='ocrx_word' id='word_1_407' title='bbox 1058 2787 1193 2834; x_wconf 90' lang='lat' dir='ltr'>simus,</span> <span class='ocrx_word' id='word_1_408' title='bbox 1223 2792 1398 2824; x_wconf 86' lang='lat' dir='ltr'>nostrum</span> <span class='ocrx_word' id='word_1_409' title='bbox 1430 2786 1628 2836; x_wconf 84' lang='lat' dir='ltr'>negotium</span> 
     </span>
     <span class='ocr_line' id='line_1_44' title="bbox 166 2846 1629 2900; baseline 0.001 -16"><span class='ocrx_word' id='word_1_410' title='bbox 166 2858 279 2897; x_wconf 88' lang='lat' dir='ltr'>agere</span> <span class='ocrx_word' id='word_1_411' title='bbox 292 2847 483 2895; x_wconf 91' lang='lat' dir='ltr'>volumus,</span> <span class='ocrx_word' id='word_1_412' title='bbox 499 2847 568 2886; x_wconf 90' lang='lat' dir='ltr'>sed</span> <span class='ocrx_word' id='word_1_413' title='bbox 582 2848 707 2887; x_wconf 87' lang='lat' dir='ltr'>verbis</span> <span class='ocrx_word' id='word_1_414' title='bbox 722 2849 875 2900; x_wconf 86' lang='lat' dir='ltr'>quidem</span> <span class='ocrx_word' id='word_1_415' title='bbox 892 2862 956 2888; x_wconf 87' lang='lat' dir='ltr'>eos</span> <span class='ocrx_word' id='word_1_416' title='bbox 967 2848 1172 2887; x_wconf 87' lang='lat' dir='ltr'>laudamus</span> <span class='ocrx_word' id='word_1_417' title='bbox 1191 2847 1256 2898; x_wconf 88' lang='lat' dir='ltr'>qui</span> <span class='ocrx_word' id='word_1_418' title='bbox 1271 2859 1341 2897; x_wconf 90' lang='lat' dir='ltr'>pro</span> <span class='ocrx_word' id='word_1_419' title='bbox 1354 2846 1541 2897; x_wconf 84' lang='lat' dir='ltr'>dignitate</span> <span class='ocrx_word' id='word_1_420' title='bbox 1556 2849 1629 2886; x_wconf 90' lang='lat' dir='ltr'>rei-</span> 
     </span>
     <span class='ocr_line' id='line_1_45' title="bbox 163 2907 1628 2962; baseline 0.001 -16"><span class='ocrx_word' id='word_1_421' title='bbox 163 2907 331 2960; x_wconf 85' lang='lat' dir='ltr'>publicae</span> <span class='ocrx_word' id='word_1_422' title='bbox 344 2909 491 2959; x_wconf 87' lang='lat' dir='ltr'>dicunt‚</span> <span class='ocrx_word' id='word_1_423' title='bbox 505 2910 632 2962; x_wconf 80' lang='lat' dir='ltr'>reipsa</span> <span class='ocrx_word' id='word_1_424' title='bbox 642 2924 733 2952; x_wconf 86' lang='lat' dir='ltr'>vero</span> <span class='ocrx_word' id='word_1_425' title='bbox 747 2911 883 2950; x_wconf 90' lang='lat' dir='ltr'>horum</span> <span class='ocrx_word' id='word_1_426' title='bbox 899 2909 1123 2950; x_wconf 83' lang='lat' dir='ltr'>adversariis</span> <span class='ocrx_word' id='word_1_427' title='bbox 1136 2922 1205 2948; x_wconf 88' lang='lat' dir='ltr'>nos</span> <span class='ocrx_word' id='word_1_428' title='bbox 1219 2908 1502 2959; x_wconf 81' lang='lat' dir='ltr'>conjungimus.</span> <span class='ocrx_word' id='word_1_429' title='bbox 1534 2909 1628 2948; x_wconf 90' lang='lat' dir='ltr'>Pro-</span> 
     </span>
    </p>
   </div>
  </div>
 </body>
</html>
