1923 3149
706 173 764 211 IN
799 173 1066 212 APHOBUM
1101 175 1130 212 Ι.
1555 176 1632 212 477

182 282 281 313 trum
301 276 435 314 horum
456 276 557 321 fecit,
576 276 642 326 qui
673 276 751 314 fieri
778 282 906 327 potest
926 281 969 312 ut
990 275 1151 312 duorum
1181 289 1367 314 annorum
1397 291 1444 315 ex
1476 276 1633 315 officina

182 336 342 383 reditus,
363 337 520 387 triginta
533 338 669 382 minas,
690 349 767 373 non
786 336 939 380 habeat,
959 347 1079 384 quum
1098 349 1183 373 esse
1203 337 1348 374 factum
1367 338 1522 375 omnino
1538 351 1631 376 con-

179 397 286 435 stet?
316 398 431 441 Quod
452 397 483 434 si
503 397 639 434 horum
660 403 866 446 utrumque
879 394 1048 445 negabit,
1065 400 1104 432 et
1124 395 1286 446 Milyam
1305 397 1390 435 haec
1405 399 1534 436 omnia
1552 399 1632 436 dis-

177 471 360 510 pensasse
383 465 544 504 asseret,
564 464 623 495 est
652 470 741 495 vero
762 457 815 494 illi
835 454 1017 494 habenda
1031 454 1143 501 fideS,
1163 456 1369 495 affirmanti
1401 472 1442 496 se
1466 460 1631 510 amplius

178 519 398 570 quingentis
418 518 612 557 drachmis
633 518 879 569 expendisse,
900 517 1007 554 illum
1038 517 1069 553 si
1095 516 1187 567 quid
1217 517 1313 555 lucri
1344 519 1392 555 sit
1416 520 1557 557 factum
1591 521 1631 558 id

179 580 347 618 habere?
379 580 476 617 Mihi
497 580 652 630 quidem
673 579 903 617 contrarium
918 578 1117 628 probabile
1136 578 1300 625 videtur,
1323 579 1474 617 etiamsi
1486 581 1633 632 Milyas

177 642 242 679 illa
257 649 517 693 procurasset,
537 642 640 679 hunc
659 641 815 691 quidem
834 641 1028 692 impensas
1049 640 1252 687 facturum,
1267 641 1382 679 istum
1402 655 1492 679 vero
1513 642 1630 680 fuisse

177 709 367 752 quaestum
384 709 620 747 exacturum,
642 702 672 740 si
689 714 767 752 qua
785 701 901 739 modo
921 702 1143 753 conjectura
1159 702 1350 753 capienda
1362 710 1422 741 est
1441 716 1461 741 e
1481 703 1631 741 caeteris

176 766 259 815 ejus
279 765 394 803 factis
410 771 449 802 et
463 764 714 816 impudentia.
773 765 881 815 Cape
901 764 987 804 haec
1007 764 1241 812 testimonia,
1254 771 1293 803 et
1309 765 1443 804 recita.

717 907 1077 946 TESTIMONIA.

176 1001 260 1039 Has
286 1001 402 1053 igitur
432 1002 588 1054 triginta
611 1002 735 1041 minas
755 1016 803 1041 ex
831 1003 1001 1050 officina,
1022 1015 1233 1054 earumque
1254 1016 1410 1042 usuram
1430 1012 1520 1043 octo
1546 1006 1629 1057 jam

175 1075 311 1110 annos,
330 1063 461 1109 habet,
481 1077 583 1114 quae,
604 1064 636 1101 si
666 1065 858 1103 duntaxat
886 1064 924 1102 in
955 1064 1128 1116 singulas
1150 1065 1351 1103 drachmas
1371 1075 1629 1117 computetur,

173 1123 258 1162 aliae
280 1132 410 1163 tamen
427 1125 586 1176 triginta
602 1127 714 1163 minae
729 1126 986 1164 invenientur.
1044 1126 1095 1163 Et
1111 1126 1197 1164 haec
1218 1127 1375 1164 seorsim
1394 1127 1499 1166 solus
1517 1141 1629 1168 acce-

173 1186 243 1235 pit,
255 1199 343 1236 quae
364 1187 573 1238 conjuncta
593 1201 681 1225 cum
702 1188 793 1226 dote
813 1195 851 1226 et
872 1195 974 1226 sorte
989 1194 1152 1238 quatuor
1169 1189 1324 1226 omnino
1345 1190 1490 1227 talenta
1508 1193 1631 1229 confi-

171 1247 304 1286 ciunt:
334 1261 439 1285 nunc
472 1261 519 1286 ea
548 1248 655 1286 vobis
690 1248 887 1298 sigillatim
919 1262 1125 1299 exponam,
1148 1262 1235 1299 quae
1264 1251 1519 1290 communiter
1540 1266 1628 1291 cum

169 1308 325 1359 reliquis
356 1309 546 1346 tutoribus
581 1309 736 1359 diripuit
761 1316 801 1347 et
827 1322 991 1360 quorum
1022 1309 1201 1360 quaedam
1232 1324 1388 1361 prorsus
1418 1325 1466 1349 ne
1497 1314 1631 1352 relicta

169 1369 329 1420 quidem
349 1369 470 1407 fuisse
493 1369 707 1407 contendit.

222 1431 262 1471 7.
283 1430 342 1467 Ac
361 1431 525 1481 primum
539 1431 644 1481 quod
656 1430 706 1468 ad
718 1430 907 1469 lectorum
916 1431 1048 1470 fabros
1063 1430 1213 1478 attinet,
1226 1445 1323 1482 quos
1336 1433 1492 1484 reliquit
1505 1442 1629 1485 pater,

169 1490 231 1529 isti
252 1491 449 1529 occultare
475 1491 647 1538 student,
666 1492 716 1530 ob
736 1492 997 1542 quadraginta
1016 1494 1140 1531 minas
1164 1493 1317 1544 pignori
1335 1496 1549 1545 oppositos,
1565 1497 1628 1547 qui

170 1565 331 1591 numero
350 1552 485 1603 viginti
505 1559 609 1599 sunt,
629 1553 737 1591 vobis
756 1554 916 1604 planum
937 1554 1075 1592 faciam
1092 1567 1152 1591 me
1180 1554 1239 1592 his
1259 1567 1327 1605 per
1345 1567 1536 1594 summam
1556 1558 1627 1594 im-

169 1614 396 1666 pudentiam
414 1621 452 1652 et
468 1615 672 1653 manifeste
683 1614 862 1657 ‚fraudari
876 1616 924 1653 ab
938 1616 1007 1654 eis.
1052 1615 1152 1654 Nam
1167 1616 1239 1654 hos
1255 1616 1357 1654 domi
1378 1630 1466 1655 esse
1484 1626 1628 1657 nostrae

170 1676 326 1715 relictos
346 1689 480 1715 omnes
505 1677 754 1724 confitentur,
772 1684 811 1715 et
841 1677 1041 1715 duodenas
1066 1678 1164 1728 patri
1189 1677 1313 1716 minas
1335 1680 1539 1730 quotannis
1562 1695 1626 1720 ac-

169 1738 333 1776 cessisse
352 1738 458 1776 haud
477 1746 650 1789 negant:
679 1739 749 1790 ipsi
769 1752 859 1777 vero
888 1752 949 1778 me
973 1739 1084 1777 annis
1097 1739 1180 1790 jam
1200 1741 1379 1779 undecim
1398 1742 1491 1779 nihil
1506 1757 1554 1781 ex
1569 1744 1630 1781 eis

170 1799 318 1836 fructus
336 1798 518 1837 habuisse
538 1800 687 1851 dicunt,
709 1800 769 1838 vel
798 1800 956 1846 minimi,
983 1809 1204 1851 sumptuum
1223 1815 1313 1840 vero
1335 1815 1539 1851 summam,
1561 1806 1626 1856 qui

169 1860 206 1898 in
234 1873 299 1899 eos
324 1860 419 1899 facti
447 1861 537 1905 sint,
564 1862 638 1899 iste
671 1862 951 1913 propemodum
975 1862 1077 1900 mille
1109 1862 1313 1901 drachmas
1337 1871 1556 1915 computat3
1579 1879 1626 1903 eo

167 1921 420 1972 impudentiae
452 1921 566 1970 venit.
623 1923 734 1973 Ipsos
769 1929 897 1961 autem
928 1922 1122 1968 homines,
1147 1936 1245 1974 quos
1273 1925 1371 1962 tanti
1405 1926 1625 1964 constitisse

169 1983 318 2029 dicunt,
336 1996 530 2033 nusquam
553 1983 646 2021 mihi
664 1984 923 2030 tradiderunt,
949 1984 1020 2023 sed
1034 1992 1294 2024 commentum
1315 1986 1486 2024 omnium
1507 1988 1623 2025 auda-

169 2044 366 2083 cissimum
388 2043 568 2092 afferunt,
588 2059 676 2084 eum
696 2046 763 2096 qui
785 2059 870 2083 meo
890 2046 990 2096 patri
1005 2047 1163 2085 servitia
1178 2047 1331 2098 pignori
1351 2047 1502 2086 dederit
1523 2062 1625 2086 mor*

170 2105 305 2144 talium
325 2104 603 2155 nequissimum
621 2107 829 2152 exstitisse,
849 2114 890 2144 et
904 2119 993 2144 cum
1008 2120 1112 2157 saepe
1130 2108 1295 2146 solvisse
1308 2108 1439 2154 fidem,
1455 2115 1538 2146 tum
1548 2123 1624 2147 aere

169 2168 295 2206 alieno
313 2167 433 2205 fuisse
459 2180 704 2219 oppressum,
723 2181 849 2217 neque
877 2180 1023 2216 paucos
1059 2181 1107 2205 ex
1129 2169 1214 2218 ejus
1233 2169 1486 2208 creditoribus
1504 2177 1624 2209 testes

167 2229 336 2268 citarunt
347 2234 483 2266 contra
495 2241 600 2266 eum:
614 2228 684 2267 sed
698 2228 783 2279 quis
799 2227 865 2266 ille
879 2228 930 2266 sit
943 2227 1009 2276 qui
1022 2227 1214 2278 mancipia
1226 2230 1437 2280 acceperit,
1451 2238 1518 2269 aut
1526 2245 1622 2282 quo-

167 2290 284 2329 modo
303 2301 351 2327 ex
370 2288 519 2327 aedibus
540 2288 716 2335 abierint,
738 2294 806 2327 aut
824 2289 872 2326 ab
891 2287 1021 2340 aliquo
1042 2288 1213 2327 abducta
1231 2289 1324 2335 sint,
1345 2297 1384 2329 et
1402 2305 1424 2330 a
1439 2305 1516 2343 quo
1534 2293 1625 2331 victi

160 2350 310 2399 judicio
328 2362 378 2390 ea
400 2349 612 2401 amiserint,
628 2350 755 2388 dicere
775 2357 986 2401 nequeunt.
1029 2349 1252 2396 Enimvero,
1282 2352 1314 2390 si
1343 2366 1462 2403 quam
1486 2354 1626 2405 proba-

166 2411 283 2452 bilem
296 2424 452 2451 causam
469 2411 670 2458 haberent,
701 2425 779 2450 non
800 2417 938 2450 contra
962 2411 1064 2450 illius
1091 2411 1373 2463 improbitatem
1394 2421 1510 2453 testes
1529 2415 1625 2454 cita-

166 2479 265 2518 rent,
284 2486 373 2523 quae
391 2466 491 2511 nihil'
504 2474 554 2512 ad
578 2486 649 2512 nos
665 2473 827 2512 attinet:
857 2473 926 2512 sed
944 2473 1005 2512 his
1017 2473 1147 2525 potius
1163 2475 1391 2523 niterentur,
1409 2477 1475 2527 qui
1491 2490 1625 2515 servos

168 2533 456 2572 abalienassent
470 2547 615 2585 eosque
635 2535 907 2586 producerent,
923 2547 1134 2586 eorumque
1147 2536 1338 2575 neminem
1352 2538 1622 2589 praetermitte-

167 2600 266 2633 rent.
324 2594 442 2633 Nunc
461 2607 532 2646 per
552 2609 742 2635 summam
762 2595 1017 2647 iniquitatem,
1037 2598 1213 2648 quamvis
1236 2598 1431 2649 mancipia
1459 2611 1542 2636 esse
1562 2611 1624 2636 re-

165 2655 271 2701 licta,
287 2669 408 2706 eaque
429 2669 470 2694 se
487 2657 680 2707 recepisse
700 2658 969 2704 confiteantur,
991 2664 1030 2696 et
1052 2671 1164 2697 usum
1193 2659 1362 2698 fructum
1382 2659 1531 2697 illorum
1551 2659 1623 2697 ho-

167 2716 313 2754 minum
344 2730 414 2767 per
451 2717 682 2756 decennium
703 2718 962 2769 perceperint,
993 2719 1170 2758 funditus
1203 2726 1323 2758 totam
1354 2719 1542 2758 officinam
1575 2733 1623 2758 ex

168 2777 290 2815 oculis
310 2777 464 2817 tollunt.
520 2778 624 2818 Haec
648 2785 692 2817 ut
711 2792 735 2818 a
753 2793 814 2819 me
832 2793 922 2820 vere
942 2781 1018 2820 dici
1037 2788 1204 2828 constet,
1223 2794 1317 2832 cape
1338 2781 1559 2820 testimonia
1577 2794 1622 2820 ac

170 2845 301 2878 recita.
