1923 3149
503 174 721 213 CONTRA
750 171 1210 211 ARISTOGITONEM
1244 172 1274 208 Ι.
1544 171 1623 207 459

171 277 307 314 mirum
330 276 419 314 olim
439 284 704 315 consueverat.
737 276 797 314 Ea
820 275 950 326 primis
975 288 1061 312 eum
1082 275 1232 320 diebus,
1255 274 1393 324 quibus
1423 273 1470 309 ab
1498 271 1621 309 unde-

171 337 336 375 cimviris
351 339 593 388 quaerebatur
609 345 647 376 et
661 337 981 388 proclamabatur,
997 336 1218 373 occultavit.
1265 335 1407 371 Postea
1422 333 1520 370 datis
1535 339 1623 370 octo

173 397 366 436 drachmis
387 399 424 436 in
446 399 638 444 viaticum,
659 405 699 435 et
717 398 859 443 tunica,
880 404 920 434 et
938 396 1068 447 pallio,
1086 395 1252 445 Megara
1270 395 1383 432 misit.
1415 395 1511 431 Eam
1537 406 1626 430 mu-

172 459 302 496 lierem
320 466 398 497 tam
417 461 515 497 benc
536 459 583 497 de
600 472 642 497 se
661 459 850 504 meritam,
872 464 914 495 ut
932 468 1113 508 prospero
1135 456 1298 493 fortunae
1315 462 1415 493 statu
1430 456 1623 501 utebatur,

174 526 214 557 et
242 520 470 570 dignitatem
490 520 593 570 apud
613 532 679 557 vos
700 519 913 564 obtinebat,
933 517 1077 566 aliquid
1098 517 1146 554 de
1173 529 1218 554 eo
1246 523 1559 566 conquerentem,
1587 520 1626 552 et

172 580 256 631 ejus
277 581 452 619 beneficii
475 581 694 618 memoriam
722 580 974 624 refricantem,
995 585 1033 616 et
1060 577 1222 628 gratiam
1243 577 1314 615 sibi
1334 576 1463 614 referri
1492 582 1625 626 postu·

173 640 331 687 lantem,
362 642 522 692 primum
549 641 663 691 alapa
683 640 785 683 data,
807 646 845 677 et
864 638 973 676 minis
993 638 1134 677 additis
1163 638 1378 676 ab'aedibus
1406 636 1626 687 ablegavit:

171 708 217 738 ut
235 709 361 739 autem
381 702 606 739 muliercula
634 714 713 738 non
735 700 958 746 desistebat,
988 700 1058 738 sed
1090 713 1309 751 progressa,
1332 706 1375 737 ut
1401 699 1484 750 ejus
1514 711 1627 736 sexus

174 768 233 799 est
252 763 461 812 ingenium,
483 761 583 813 apud
602 762 806 800 familiares
827 762 875 800 de
895 774 940 799 eo
967 762 1212 812 querebatur,
1231 762 1313 812 ipse
1337 773 1422 798 eam
1443 760 1521 798 suis
1546 772 1628 796 ma-

174 823 286 860 nibus
307 824 536 873 prehensam
557 823 605 861 ad
629 823 754 860 forum
773 823 1045 873 inquilinorum
1065 823 1237 861 abduxit.
1271 822 1329 860 Ac
1350 821 1424 859 nisi
1443 821 1629 858 tributum

174 883 447 933 inquilinorum
470 884 658 931 solvisset,
678 884 835 923 vendita
853 891 956 922 esset
972 897 1041 936 per
1055 896 1156 928 eum,
1177 883 1239 922 cui
1253 883 1418 921 salutem
1434 883 1519 933 ipsa
1538 894 1630 919 con-

175 944 339 982 tulisset.
375 946 473 983 Haec
493 959 581 983 vere
603 959 625 983 a
644 959 706 984 me
722 946 797 984 dici
817 952 860 984 ut
878 951 1042 990 constet,
1060 957 1214 983 accerse
1235 943 1326 981 mihi
1345 957 1434 981 eum
1452 943 1517 993 qui
1532 956 1630 980 mer-

176 1006 313 1044 cedem
333 1007 471 1057 sepulti
491 1008 609 1058 patris
629 1007 712 1058 ejus
733 1020 810 1045 non
836 1007 994 1057 recepit,
1029 1013 1066 1044 et
1085 1008 1167 1058 ejus
1188 1006 1264 1044 litis
1289 1005 1486 1050 arbitrum,
1515 1016 1631 1054 quam

176 1066 211 1104 ei
241 1074 396 1118 propter
431 1081 600 1106 sororem
628 1069 888 1106 venundatam
922 1068 1087 1106 intendit
1106 1068 1192 1105 iste.
1240 1067 1374 1104 Profer
1401 1075 1439 1104 et
1469 1077 1633 1103 accusa-

176 1127 334 1173 tionem,
361 1129 430 1166 sed
450 1135 540 1166 ante
561 1129 692 1167 omnia
709 1142 808 1166 voca
838 1130 964 1166 Zobiae
984 1136 1203 1178 patronum,
1223 1141 1310 1178 quae
1339 1140 1426 1165 eum
1446 1126 1631 1177 suscepit,

177 1195 223 1226 et·
242 1189 475 1235 venditores,
496 1189 545 1226 ad
567 1203 664 1239 quos
685 1202 769 1227 eam
800 1189 973 1226 adduxit.
1012 1189 1092 1226 Vos
1121 1195 1250 1226 autem
1272 1188 1389 1225 modo
1409 1201 1512 1238 aegre
1535 1187 1633 1225 fere-

176 1249 290 1294 batis,
311 1249 342 1286 si
362 1262 427 1287 eos
446 1250 511 1299 qui
530 1250 563 1287 ei
582 1249 784 1287 collectam
802 1250 851 1286 ad
871 1249 1035 1287 salutem
1051 1249 1283 1294 conferrent,
1300 1254 1513 1286 accusaret.
1554 1248 1634 1285 Ne-

176 1309 285 1357 faria,
300 1310 447 1348 nefaria
457 1310 587 1348 bellua
601 1317 674 1356 est,
684 1310 958 1357 Athenienses,
972 1316 1012 1348 et
1025 1310 1216 1348 immanis.
1248 1310 1386 1348 Recita
1399 1309 1632 1348 testimonia.

733 1448 1089 1487 TESTIMONIA.

239 1535 300 1572 13.
331 1534 449 1578 Quod
478 1535 592 1586 igitur
619 1536 712 1574 satis
733 1549 914 1586 magnum
942 1535 979 1572 in
999 1548 1100 1581 eum,
1121 1535 1186 1585 qui
1212 1542 1270 1573 tot
1294 1541 1333 1573 et
1362 1540 1471 1572 tanta
1492 1533 1639 1571 scelera

181 1595 429 1647 perpetravit,
446 1596 674 1647 supplicium
691 1597 905 1634 statuetur?
935 1597 1036 1640 Quae
1051 1596 1168 1647 digna
1181 1609 1298 1646 poena
1311 1597 1358 1633 ab
1373 1608 1420 1634 eo
1437 1594 1639 1645 exigetur?

184 1657 294 1693 Mors
314 1656 469 1706 quidem
489 1670 608 1708 parva
625 1657 717 1694 mihi
736 1657 898 1695 videtur.
942 1657 1059 1699 Quod
1080 1657 1111 1694 si
1132 1669 1250 1694 unum
1271 1656 1395 1694 adhuc
1414 1668 1464 1693 ex
1482 1655 1641 1707 privatis

183 1717 267 1768 ejus
288 1717 474 1756 scelerate
493 1718 606 1756 factis
628 1732 872 1766 recensuero,
902 1726 1031 1757 cetera
1049 1719 1237 1757 omittam.
1268 1719 1497 1769 Priusquam
1517 1730 1537 1755 e
1557 1730 1640 1755 car-

185 1791 272 1816 cere
294 1779 552 1828 egrederetur,
587 1793 632 1817 eo
655 1780 832 1831 conjecto
862 1780 1030 1830 quodam
1057 1780 1211 1817 homine
1240 1780 1468 1830 Tanagraeo,
1498 1779 1562 1829 qui
1591 1778 1642 1816 ad

185 1839 480 1877 satisdationem
507 1841 656 1878 tabulas
676 1842 855 1887 habebat,
876 1855 964 1879 cum
984 1855 1030 1879 eo
1049 1854 1294 1893 congressus,
1324 1837 1361 1879 et
1386 1841 1517 1879 nescio
1548 1840 1643 1891 quid

183 1901 426 1952 colloquens,
451 1903 605 1953 surripit
627 1904 793 1941 tabulas.
825 1905 925 1940 Cum
945 1910 1073 1942 autem
1093 1904 1208 1941 horno
1229 1910 1468 1955 quereretur,
1497 1909 1535 1940 et
1554 1915 1641 1952 gra-

138 1980 141 1982 ·
185 1962 281 1999 viter
301 1962 427 2000 ferens
448 1963 605 2010 diceret,
626 1964 820 2002 neminem
848 1964 966 2001 alium
997 1966 1238 2015 surripuisse,
1260 1977 1305 2002 eo
1328 1964 1533 2002 dementiae
1553 1976 1643 2014 per-

187 2024 290 2061 venit
310 2024 396 2070 iste,
415 2031 460 2061 ut
481 2039 567 2062 eum
590 2028 790 2064 verberare
811 2027 1098 2076 aggrederetur.
1148 2027 1184 2063 Is
1202 2040 1292 2064 vero
1314 2033 1354 2063 ut
1375 2040 1509 2064 recens
1529 2034 1644 2076 atque

189 2083 348 2134 integer,
370 2093 526 2134 superat
540 2085 736 2136 illumjam
753 2086 968 2132 rancidum,
985 2094 1022 2124 et
1038 2087 1102 2123 diu
1119 2094 1369 2124 maceratum.
1401 2087 1501 2125 Cum
1518 2094 1646 2124 autem

189 2158 235 2184 eo
256 2152 411 2183 ventum
441 2153 558 2192 esset,
585 2146 820 2196 praemordet
846 2160 983 2184 nasum
1012 2147 1203 2190 hominis;
1235 2160 1279 2185 ac
1308 2154 1390 2184 tum
1414 2147 1569 2197 quidem
1598 2159 1646 2184 ea

189 2207 408 2246 calamitate
424 2221 577 2258 pressus
591 2208 668 2254 ille,
686 2209 733 2246 ab
746 2209 1025 2260 investigandis
1042 2216 1081 2247 et
1095 2210 1314 2260 quaerendis
1329 2210 1470 2247 tabulis
1487 2209 1646 2256 destitit,

190 2276 280 2320 post
304 2269 505 2307 inveniunt
522 2282 588 2307 eas
618 2270 658 2306 in
679 2271 810 2308 arcula
836 2271 1016 2322 quadam,
1046 2272 1157 2323 cujus
1186 2272 1259 2309 iste
1288 2272 1436 2310 clavem
1463 2271 1646 2309 habebat.

192 2330 344 2367 Deinde
365 2331 430 2381 qui
454 2331 492 2367 in
513 2343 665 2369 carcere
691 2338 813 2379 erant,
834 2332 1057 2384 hujusmodi
1077 2333 1272 2371 decretum
1292 2334 1461 2371 faciunt:
1491 2346 1570 2370 non
1588 2333 1647 2383 ig-

190 2406 291 2438 nem,
312 2406 388 2431 non
409 2393 618 2444 lucernam,
635 2407 713 2432 non
727 2402 874 2445 potum,
892 2409 972 2437 nori
984 2396 1110 2434 cibum
1130 2396 1253 2434 ullum
1272 2409 1360 2433 cum
1376 2409 1421 2434 eo
1441 2408 1526 2433 esse
1541 2407 1646 2433 com-

192 2452 479 2501 municandum,
500 2468 573 2493 nec
598 2456 868 2507 accipiendum
894 2459 943 2495 ob
972 2471 1032 2503 eo,
1063 2457 1099 2495 ei
1128 2471 1199 2495 nec
1229 2457 1400 2495 dandum
1429 2457 1648 2508 quicquam.

193 2515 290 2553 Haec
318 2522 362 2552 ut
381 2528 404 2553 a
423 2529 483 2554 me
505 2518 590 2555 vere
619 2517 695 2555 dici
721 2524 886 2564 constet,
907 2518 1034 2569 ipsum
1060 2518 1151 2555 mihi
1174 2518 1368 2556 hominem
1397 2531 1507 2566 voca,
1536 2518 1646 2567 cujus

193 2588 330 2614 nasum
350 2576 516 2615 nefarius
535 2577 604 2616 iste
620 2591 870 2630 praemorsum
887 2578 1099 2618 devoravit.

716 2697 1121 2738 TESTIMONIUM.

196 2787 446 2839 Egregiorum
466 2788 611 2827 scilicet
624 2803 782 2841 operum
800 2791 908 2829 vobis
926 2798 1052 2830 orator
1070 2792 1142 2830 iste
1164 2791 1301 2829 artifex
1321 2789 1478 2827 exstitit.
1508 2789 1649 2839 Operae

195 2849 359 2898 pretium
377 2862 468 2887 vero
494 2856 564 2895 est,
585 2863 631 2888 ex
651 2851 718 2888 tali
737 2865 801 2889 ore
822 2852 990 2903 aliquam
1023 2853 1232 2891 orationem
1257 2850 1402 2895 audire,
1431 2857 1498 2887 aut
1522 2850 1649 2889 consi-

196 2908 302 2948 lium.
333 2910 469 2949 Recita
488 2911 602 2949 etiam
628 2911 862 2964 ‘praeclarum
880 2913 977 2952 illud
998 2913 1197 2952 decretum
1217 2912 1265 2951 de
1285 2923 1330 2950 eo
1349 2911 1507 2950 factum.
