1923 3149
334 217 406 252 140
660 216 735 253 DE
764 214 1106 254 RHODIORUM
1135 215 1453 254 LIBERTATE.

330 314 418 352 ditis
438 315 691 363 considerate,
712 324 861 356 rectene
894 331 965 368 ego
994 317 1042 355 de
1060 318 1118 354 his
1139 323 1305 355 statuam
1333 330 1381 354 an
1401 329 1524 354 secus.
1581 314 1770 365 Equidem

330 375 522 421 existimo,
544 378 575 415 si
606 377 705 429 Regi
737 379 864 417 onmia
882 392 967 429 quae
986 378 1145 416 instituit
1163 378 1201 416 in
1221 379 1388 430 AEgypto
1407 377 1566 415 feliciter
1589 374 1773 414 succede-

330 444 427 484 rent,
449 438 686 478 Artemisiam
707 441 818 478 valde
833 441 1009 479 daturam
1028 441 1143 478 fuisse
1164 453 1318 491 operam
1334 447 1376 477 ut
1395 439 1577 476 Rhodum
1596 438 1629 474 ei
1646 437 1773 475 trade-

331 504 399 543 ret,
417 512 492 536 non
511 506 590 538 tam
611 514 657 539 ex
674 502 940 539 benevolentia
959 515 1049 552 erga
1070 502 1233 552 Regem,
1252 514 1366 551 quam
1386 508 1440 547 ut,
1456 500 1486 537 si
1509 499 1571 536 ille
1585 511 1702 549 prope
1718 498 1772 548 ip-

331 571 413 596 sam
433 569 659 607 versaretur,
680 575 820 612 magno
840 563 1025 601 beneficio
1047 563 1117 601 sibi
1137 576 1223 600 eum
1245 562 1445 613 obligaret,
1466 572 1690 609 summaque
1706 561 1772 596 be-

329 621 544 660 nevolentia
558 623 785 661 devinciret:
801 632 1003 675 postquam
1016 637 1103 662 vero
1117 624 1169 662 ita
1180 637 1267 662 cum
1284 637 1328 662 eo
1342 624 1466 674 agitur
1477 629 1520 658 ut
1532 620 1669 658 dicitur
1678 620 1776 656 suis-

328 694 402 731 que
422 684 621 721 conatibus
641 685 703 723 ille
719 686 920 724 frustratus
934 693 1006 731 est,
1027 686 1253 732 existimare,
1274 685 1313 723 id
1332 684 1435 735 quod
1448 697 1508 721 res
1525 690 1597 728 est,
1611 681 1775 719 insulam

329 742 430 781 hanc
449 745 488 781 in
507 746 713 795 praesentia
732 746 831 797 Regi
851 747 899 785 ad
920 747 1013 785 nihil
1030 747 1134 784 aliud
1149 760 1233 784 esse
1261 747 1413 789 utilem;
1443 745 1510 783 sed
1529 742 1633 781 velut
1651 755 1777 780 arcem

327 816 411 841 esse
432 806 539 855 regni
559 806 629 852 sui,
648 819 734 857 quae
754 808 883 846 obstet
903 822 949 846 ne
969 808 1060 858 quid
1078 808 1164 859 ipsa
1179 808 1266 845 novi
1291 807 1479 845 moliatur.
1536 806 1667 847 Quare
1686 803 1778 841 mihi

327 864 482 913 quidem
506 866 667 913 videtur,
689 868 802 906 malle
821 881 845 907 a
857 869 965 907 vobis
977 882 1062 906 eam
1078 868 1212 915 teneri,
1232 882 1255 906 a
1275 882 1315 906 se
1330 868 1457 919 palam
1485 879 1562 904 non
1580 865 1774 911 traditam,

324 938 439 975 quam
459 927 606 978 Regem
622 941 666 965 ea
679 929 804 979 potiri.
837 930 918 967 Imo
938 942 985 966 ne
1007 929 1220 979 adjuturam
1240 929 1394 979 quidem
1407 935 1525 980 puto:
1546 934 1612 966 aut
1625 926 1777 964 tametsi

327 986 401 1025 hoc
425 988 571 1035 fecerit,
591 989 758 1039 segniter
778 995 817 1026 et
834 990 1001 1027 tenuiter
1022 990 1223 1027 facturam.
1281 990 1381 1028 Nam
1401 990 1449 1026 de
1468 1002 1572 1039 rege,
1595 989 1692 1025 scire
1715 999 1776 1024 me

325 1049 419 1098 quid
437 1049 468 1087 is
490 1050 660 1087 facturus
681 1051 744 1095 sit,
758 1050 864 1087 haud
883 1050 1060 1100 equidem
1081 1049 1294 1087 affirmarim
1308 1064 1318 1093 ;
1349 1050 1416 1088 sed
1432 1062 1452 1086 e
1468 1049 1664 1100 republica
1676 1060 1777 1094 esse,

328 1116 372 1146 ut
384 1109 465 1160 jam
486 1116 753 1160 cognoscatur,
774 1117 898 1147 utrum
924 1110 987 1147 ille
1003 1109 1240 1147 Rhodiorum
1259 1111 1394 1148 urbem
1414 1109 1484 1147 sibi
1504 1108 1775 1147 vendicaturus

328 1169 376 1206 sit
395 1183 442 1207 an
463 1184 554 1217 non,
582 1170 622 1207 id
649 1184 722 1221 ego
742 1170 980 1209 affirmarim:
1011 1184 1099 1208 nam
1122 1171 1153 1207 si
1180 1183 1265 1208 eam
1296 1171 1365 1208 sibi
1385 1170 1608 1216 vendicarit,
1628 1183 1706 1208 non
1730 1169 1777 1207 de

330 1230 492 1269 Rhodiis
509 1232 649 1277 solum,
672 1233 740 1270 sed
765 1231 813 1270 de
840 1232 947 1271 vobis
970 1231 1062 1283 ipsis
1082 1238 1198 1282 atque
1219 1231 1316 1269 adeo
1349 1231 1397 1270 de
1418 1231 1565 1269 Graecis
1585 1231 1776 1276 omnibus,

327 1293 397 1330 erit
409 1293 712 1331 deliberandum.

383 1355 420 1391 7.
446 1354 582 1405 Neque
603 1369 705 1402 vero,
718 1357 749 1394 si
767 1368 834 1407 per
849 1355 1074 1406 semetipsos
1092 1362 1267 1393 tenerent
1287 1355 1415 1393 urbem
1445 1356 1510 1406 qui
1535 1368 1637 1393 nunc
1663 1356 1701 1392 in
1732 1368 1779 1393 ea

325 1421 414 1453 sunt
434 1415 588 1463 Rhodii,
607 1430 803 1454 censerem
818 1429 948 1454 eorum
963 1416 1221 1454 defensionem
1234 1417 1531 1468 suscipiendam,
1546 1416 1695 1454 tametsi
1711 1429 1776 1454 vo-

322 1477 382 1515 bis
402 1479 530 1516 omnia
543 1492 584 1516 se
602 1478 770 1516 facturos
788 1478 1056 1529 pollicerentur
1072 1491 1080 1515 :
1110 1478 1252 1528 quippe
1268 1491 1364 1528 quos
1384 1477 1546 1522 videam,
1560 1477 1721 1528 primum
1734 1484 1777 1515 ut

325 1540 547 1590 popularem
569 1547 711 1577 statum
732 1545 957 1585 everterent,
973 1539 1161 1589 quosdam
1182 1539 1253 1576 sibi
1273 1539 1374 1577 cives
1395 1539 1617 1587 adjunxisse
1630 1551 1640 1581 ;
1671 1551 1716 1576 ac
1736 1552 1776 1576 re

321 1601 403 1652 jam
433 1602 623 1648 confecta,
643 1601 800 1639 eosdem
820 1600 1003 1652 ejecisse:
1034 1613 1120 1638 cum
1149 1600 1264 1650 igitur
1283 1600 1425 1637 neutris
1445 1600 1560 1637 fidem
1580 1600 1777 1645 servarint,

329 1674 400 1699 nec
415 1662 521 1700 vobis
541 1675 607 1700 eos
620 1663 745 1700 firmos
759 1662 838 1698 fore
853 1662 977 1699 socios
992 1668 1181 1711 putarem.
1239 1661 1372 1710 Atque
1396 1661 1479 1697 haec
1502 1673 1698 1710 nunquam
1719 1660 1777 1698 di-

324 1723 477 1769 xissem,
499 1724 530 1761 si
549 1737 594 1761 ea
614 1723 685 1761 soli
705 1722 944 1760 Rhodiorum
956 1722 1095 1773 populo
1108 1721 1289 1773 prodesse
1302 1728 1489 1772 putarem.
1520 1721 1657 1772 Neque
1674 1722 1776 1759 enim

325 1784 386 1822 vel
405 1784 602 1835 publicum
617 1784 677 1821 vel
691 1784 879 1835 privatum
898 1796 986 1821 curn
1002 1783 1082 1821 ullo
1101 1795 1233 1820 eorum
1252 1782 1457 1832 hospitium
1483 1782 1573 1819 mihi
1591 1790 1662 1820 est.
1719 1783 1777 1821 Ac

327 1845 477 1884 tametsi
501 1845 638 1883 horum
669 1852 868 1895 utrumque
899 1851 1014 1888 esset,
1037 1856 1115 1880 non
1144 1850 1273 1880 tamen
1296 1842 1380 1880 haec
1401 1842 1580 1888 dicerem,
1601 1843 1672 1881 nisi
1693 1856 1714 1881 e
1734 1857 1774 1881 re

324 1913 454 1945 vestra
471 1919 552 1944 esse
567 1905 762 1944 crederem
779 1918 788 1943 ι
807 1918 896 1942 nam
912 1903 1163 1942 Rhodiis—si
1178 1910 1307 1941 tamen
1321 1903 1407 1941 haec
1419 1916 1443 1940 a
1461 1903 1659 1942 defensore
1676 1905 1776 1942 salu-

324 1968 373 2006 tis
388 1980 518 2005 eorum
532 1967 606 2005 dici
624 1967 681 2005 fas
701 1967 886 2003 est—ista
904 1965 1088 2003 accidisse
1109 1964 1273 2016 gaudeo,
1286 1965 1363 2015 qui,
1378 1964 1470 2002 dum
1483 1966 1547 2017 jus
1566 1972 1734 2004 vestrum
1753 1979 1777 2004 a

325 2027 434 2067 vobis
448 2028 662 2079 recuperari
674 2027 858 2074 invident,
874 2040 983 2065 suam
997 2027 1211 2065 libertatem
1223 2026 1485 2077 perdiderunt.
1543 2028 1718 2078 Cumque
1733 2028 1777 2065 li-

324 2089 468 2128 cuisset
480 2089 534 2127 eis
550 2089 770 2127 societatem
783 2102 894 2139 aequo
902 2088 988 2140 jure
1004 2101 1092 2126 cum
1111 2087 1258 2125 Graecis
1274 2094 1312 2125 et
1325 2088 1525 2126 vobiscum
1540 2089 1606 2140 qui
1617 2089 1691 2127 illis
1707 2102 1775 2127 an-

324 2150 500 2190 tecellitis
521 2150 659 2195 colere,
681 2150 858 2188 Bai-baris
878 2157 918 2188 et
937 2150 1068 2196 servis,
1087 2162 1183 2201 quos
1203 2149 1242 2186 in
1263 2161 1368 2187 arces
1384 2163 1572 2201 recepere,
1594 2151 1774 2190 serviunt.

324 2212 382 2250 Ac
401 2226 532 2264 parum
547 2215 656 2251 abest
673 2215 765 2265 quin
785 2214 922 2261 dicam,
943 2215 974 2252 si
994 2227 1061 2252 vos
1079 2226 1145 2251 eos
1157 2212 1354 2261 Juvabitis,
1371 2213 1444 2251 hoc
1463 2214 1536 2251 illis
1557 2215 1670 2251 etiam
1688 2228 1774 2265 pro-

326 2273 467 2312 fuisse:
498 2288 586 2312 nam
607 2274 696 2312 dum
717 2289 776 2313 res
795 2276 894 2313 bene
915 2281 1102 2326 gererent,
1123 2274 1254 2312 nescio
1275 2287 1321 2311 an
1339 2287 1505 2324 unquam
1528 2275 1637 2312 bonae
1658 2276 1774 2313 menti

326 2335 514 2382 litassent,
530 2350 616 2374 cum
636 2337 711 2375 sint
726 2337 890 2380 Rhodii;
922 2337 991 2375 sed
1008 2350 1046 2374 re
1066 2337 1151 2388 ipsa
1169 2336 1316 2387 experti
1335 2343 1449 2387 atque
1470 2336 1610 2382 edocti,
1630 2337 1769 2375 multo-

326 2409 406 2434 rum
421 2397 606 2434 malorum
626 2398 830 2436 amentiam
850 2399 978 2435 multis
995 2411 1151 2436 causam
1165 2397 1360 2443 exsistere,
1374 2397 1453 2434 fieri
1469 2397 1631 2436 fortasse
1646 2405 1772 2449 potest

327 2464 370 2495 ut
394 2458 488 2495 fiant
515 2458 552 2495 in
572 2467 767 2509 posterum
787 2459 1052 2510 prudentiores
1073 2466 1111 2496 et
1137 2458 1400 2495 modestiores.
1457 2458 1581 2501 Quam
1602 2472 1674 2510 ego
1694 2474 1773 2498 rem

325 2520 380 2557 eis
400 2532 475 2556 non
495 2533 626 2570 parum
647 2521 884 2570 profuturam
905 2533 989 2558 esse
1009 2520 1196 2557 existimo.
1255 2518 1437 2556 Dandam
1464 2526 1590 2557 autem
1617 2533 1772 2572 operam

325 2594 478 2626 censeo,
507 2588 550 2618 ut
568 2580 606 2618 hi
627 2581 693 2617 viri
712 2588 996 2628 conserventur,
1016 2581 1214 2618 obliterata
1244 2580 1425 2617 memoria
1454 2580 1685 2629 injuriarum,
1704 2583 1770 2621 de-

326 2642 423 2680 betis
458 2642 557 2680 enim
589 2642 771 2693 cogitare,
794 2656 858 2680 vos
887 2643 999 2680 etiam
1018 2655 1121 2692 soepe
1146 2641 1273 2678 multis
1293 2641 1330 2677 in
1359 2641 1471 2679 rebus
1502 2643 1549 2679 ab
1574 2643 1769 2681 insidiato·

326 2704 430 2741 ribus
451 2717 536 2741 csse
552 2703 749 2754 deceptos,
770 2716 929 2754 quarum
948 2703 1062 2740 ullius
1082 2716 1105 2740 a
1122 2702 1227 2740 vobis
1247 2715 1380 2753 poenas
1395 2703 1495 2753 exigi
1508 2716 1659 2754 aequum
1687 2717 1768 2742 esse

328 2764 533 2815 negabitis.

338 2837 344 2842 ·
378 2828 413 2862 8.
443 2825 541 2869 Quin
571 2823 665 2863 illud
693 2827 806 2864 etiam
835 2826 974 2870 videte,
997 2825 1268 2872 Athenienses,
1288 2826 1393 2877 quod
1424 2826 1544 2863 multa
1570 2839 1637 2864 vos
1665 2827 1768 2866 bella

325 2886 516 2936 gesseritis
536 2893 669 2924 contra
683 2894 722 2925 et
738 2887 1002 2925 Democratias
1017 2894 1054 2924 et
1066 2886 1317 2937 Oligarchias,
1335 2887 1450 2938 idque
1469 2893 1507 2924 et
1520 2886 1591 2937 ipsi
1618 2887 1737 2925 nostis
1755 2902 1764 2925 :

324 2947 389 2984 sed
409 2948 545 2996 quibus
562 2948 610 2986 de
628 2949 754 2987 causis
775 2949 956 2987 adversus
977 2955 1151 3000 utrasque
1172 2949 1314 2987 bellum
1336 2957 1486 3000 gestum
1506 2956 1577 2995 est,
1594 2948 1630 2986 id
1652 2962 1764 2988 nemo
