1923 3149
290 117 362 154 172
848 119 920 156 DE
950 118 1190 156 CORONA.

284 208 376 245 nihil
397 216 498 247 esset
517 210 707 261 proditore
726 212 889 250 beatius.
920 213 1061 250 Verum
1080 225 1157 250 non
1184 213 1237 249 ita
1255 218 1328 258 est,
1347 224 1436 249 non.
1474 212 1548 255 Qui
1569 208 1722 261 potest?

283 269 446 307 multum
466 278 568 310 certe
587 273 706 310 abest.
737 273 812 310 Sed
834 275 1064 324 simulatque
1080 275 1110 311 is
1126 273 1190 324 qui
1210 272 1407 323 imperium
1429 271 1585 310 affectat
1599 283 1724 308 rerum

283 330 326 367 fit
345 330 534 379 dominus,
547 333 659 371 etiam
672 347 803 371 eorum
819 334 994 373 dominus
1014 335 1056 372 fit
1075 334 1138 384 qui
1159 334 1230 372 ista
1247 333 1512 379 vendiderunt,
1525 337 1726 383 perspecta

284 399 411 430 autem
429 393 580 432 illorum
600 396 840 446 improbitate
867 405 947 434 tum
971 410 1070 441 vero,
1092 403 1171 433 tum
1192 396 1277 433 illos
1305 402 1344 432 et
1368 395 1450 432 odit
1468 401 1505 432 et
1524 400 1725 445 suspectos

283 451 399 490 habet
413 461 451 492 et
471 457 701 494 contumelia
716 465 841 495 vexat.
883 458 982 496 Rem
1001 459 1198 496 vobiscum
1224 463 1423 507 reputate:
1454 455 1593 493 etenim
1614 455 1644 492 si
1672 455 1727 505 ip-

284 527 412 553 sarum
432 530 556 555 rerum
576 526 726 570 tempus
747 519 983 570 praeterierit,
1014 527 1054 557 at
1077 533 1141 557 eas
1162 517 1424 569 cognoscendi
1452 524 1602 566 tempus
1631 529 1726 552 nun--

282 587 397 623 quam
414 590 490 614 non
511 579 623 615 adest
642 579 824 617 cordatis.
855 580 1059 632 Tantisper
1081 580 1289 618 Lasthenes
1308 578 1451 616 amicus
1480 576 1643 627 Philippi
1659 589 1727 612 no-

281 637 510 684 minabatur,
536 640 627 677 dum
661 640 874 693 Olynthum
898 642 1149 693 prodidisset:
1187 641 1373 692 tantisper
1395 638 1610 684 Timolaus,
1637 637 1727 674 dum

283 697 432 737 Thebas
466 702 719 751 pessundedit
737 715 745 739 :
778 704 962 754 tantisper
991 703 1163 741 Eudicus
1196 710 1233 740 et
1262 703 1388 739 Simus
1419 699 1605 744 Larissaei‚
1637 699 1729 736 dum

283 758 524 799 Thessaliam
544 761 720 813 Philippo
742 764 997 815 subjecerunt.
1049 764 1207 810 Deinde,
1226 777 1313 801 cum
1334 762 1562 814 ejicerentur
1580 768 1618 797 et
1637 773 1728 798 con-

281 822 446 860 tumeliis
467 825 649 875 exagitati
669 833 800 864 essent
819 833 858 864 et
876 827 969 864 nihil
989 840 1065 864 non
1084 827 1253 864 subirent
1273 825 1375 870 mali,
1394 824 1591 861 universus
1611 829 1729 860 terra-

281 895 364 919 rum
391 884 492 921 orbis
513 886 726 936 completus
746 894 805 925 est
823 887 1090 937 proditoribus.
1128 887 1229 930 Quid
1253 887 1465 923 Aristratus
1487 884 1664 934 Sicyone,
1693 891 1732 920 et

280 943 372 992 quid
389 944 558 995 Megaris
569 946 770 984 Perilaus?
790 961 865 984 non
880 949 974 985 viles
988 955 1102 997 atque
1117 946 1282 996 abjecti?
1305 946 1366 982 Ex
1380 944 1516 995 quibus
1530 943 1731 982 evidentis-

281 1004 375 1042 sime
395 1006 514 1044 cuivis
533 1007 662 1045 videre
685 1007 788 1054 licet,
814 1008 879 1058 qui
898 1007 1056 1058 patriam
1084 1020 1190 1045 suam
1219 1007 1393 1044 defendit
1411 1005 1572 1043 maxime
1592 1004 1732 1055 quique

281 1065 361 1103 istis
380 1067 584 1116 plurimum
600 1069 835 1116 adversatur,
852 1083 938 1107 eum
952 1070 1071 1115 vobis,
1090 1068 1283 1113 AEschine,
1299 1067 1553 1119 proditoribus
1570 1080 1614 1105 ac
1634 1080 1732 1105 mer-

281 1128 442 1165 cenariis
454 1129 557 1167 unde
572 1131 735 1180 pretium
750 1130 946 1181 accipiatis
960 1130 1222 1181 suppeditare,
1244 1136 1295 1176 et,
1309 1129 1413 1178 quod
1427 1129 1468 1166 id
1488 1141 1609 1179 genus
1623 1127 1731 1165 multi

281 1187 357 1226 sint
376 1195 415 1226 et
429 1191 563 1227 vestris
597 1190 763 1229 consiliis
782 1192 1033 1242 refragentur,
1052 1204 1119 1228 vos
1140 1191 1265 1228 salvos
1287 1203 1370 1228 esse
1402 1203 1446 1228 ac
1466 1189 1642 1228 mercede
1664 1203 1730 1227 au-

281 1256 378 1295 ctos,
406 1263 495 1288 nam
515 1259 701 1302 quantum
722 1254 759 1290 in
779 1254 885 1291 vobis
900 1253 1051 1304 quidem
1070 1253 1159 1304 ipsis
1180 1252 1252 1289 fuit
1263 1251 1490 1303 jamdudum
1512 1250 1731 1302 periissetis.

338 1312 398 1348 16.
428 1312 484 1349 Ac
513 1313 559 1350 de
580 1313 623 1351 iis
643 1314 816 1365 profecto
835 1328 922 1365 quae
950 1321 1031 1352 tum
1050 1321 1158 1365 gesta
1178 1322 1268 1351 sunt
1297 1313 1451 1350 tametsi
1476 1312 1596 1349 multo
1624 1311 1733 1362 plura

280 1371 441 1409 habeam
462 1373 602 1420 dicere,
622 1374 706 1413 haec
727 1382 855 1413 tamen
874 1376 983 1413 nimis
1004 1376 1126 1413 multa
1151 1375 1253 1412 dicta
1274 1387 1359 1412 esse
1374 1380 1483 1424 puto.
1528 1372 1650 1423 Cujus
1678 1373 1731 1410 rei

279 1433 352 1471 iste
366 1434 518 1485 culpam
538 1437 715 1482 sustinet,
727 1437 791 1487 qui
805 1450 885 1474 suae
900 1437 1150 1489 improbitatis
1168 1448 1400 1485 suorumque
1419 1434 1649 1485 flagitiorum
1667 1447 1731 1471 ve-

277 1493 346 1532 luti
377 1495 596 1534 hesternam
616 1498 813 1548 crapulam
832 1498 869 1535 in
903 1512 963 1536 me
991 1498 1170 1544 evomuit,
1191 1510 1306 1548 quam
1336 1509 1494 1534 necesse
1525 1495 1598 1532 fuit
1629 1494 1732 1546 apud

279 1567 346 1592 vos
368 1558 432 1606 qui
448 1558 559 1595 rebus
579 1558 651 1595 illis
665 1559 835 1609 juniores
856 1560 946 1596 estis
967 1559 1106 1597 eluere.
1139 1559 1217 1597 Vos
1238 1565 1365 1596 autem
1385 1558 1547 1596 fortasse
1567 1557 1658 1594 estis
1674 1556 1732 1593 in·-

279 1618 493 1664 terturbati,
513 1619 577 1668 qui
596 1619 699 1669 prius
720 1620 833 1658 etiam
847 1634 962 1672 quam
975 1623 1132 1659 verbum
1149 1634 1221 1672 ego
1237 1621 1355 1657 ullum
1375 1620 1542 1657 facerem
1556 1618 1732 1656 venalem

279 1679 386 1716 istius
407 1692 563 1730 operam
582 1681 784 1718 noveratis.
829 1683 955 1725 Quam
976 1690 1103 1719 tamen
1123 1683 1204 1733 ipse
1233 1681 1439 1719 amicitiam
1465 1686 1504 1718 et
1521 1679 1731 1730 hospitium

280 1741 463 1784 nominat,
484 1746 598 1790 atque
614 1754 717 1778 nunc
737 1742 875 1779 alicubi
891 1742 986 1779 dixit
1006 1743 1046 1779 is
1077 1742 1160 1791 qui
1192 1742 1308 1778 mihi
1337 1741 1462 1778 Alex
1477 1739 1624 1777 andri
1655 1739 1731 1777 ho-

281 1814 297 1837 s
311 1800 354 1850 pi
368 1801 405 1837 ti
422 1814 444 1837 u
458 1813 495 1837 m
547 1814 566 1837 e
580 1814 603 1837 x
616 1814 673 1851 pr
689 1814 710 1838 o
724 1802 749 1838 b
764 1814 781 1837 r
793 1815 815 1839 a
829 1809 857 1837 t.
909 1802 993 1851 Ego
1025 1802 1092 1838 tibi
1121 1802 1327 1852 hospitium
1362 1799 1600 1838 Alexandri?
1625 1800 1730 1837 unde

279 1869 489 1900 consecuto
504 1868 571 1899 aut
589 1863 744 1912 quinam
761 1863 919 1900 merito?
949 1862 1034 1900 Nec
1052 1862 1217 1913 Philippi
1232 1862 1394 1900 amicum
1413 1874 1536 1911 neque
1558 1860 1731 1898 Alexan-

277 1923 335 1960 dri
364 1923 553 1974 hospitem
573 1936 645 1973 ego
664 1930 701 1960 te
721 1922 960 1974 appellarim,
982 1937 1059 1961 non
1078 1923 1130 1961 ita
1149 1923 1310 1969 insanio,
1329 1922 1402 1959 nisi
1423 1922 1518 1959 forte
1541 1934 1729 1959 messores

278 1984 417 2035 aliique
435 1985 498 2034 qui
512 1997 600 2021 suas
616 1996 751 2035 operas
771 1984 946 2022 mercede
966 1985 1097 2022 locant
1116 1984 1226 2022 amici
1246 1990 1360 2033 atque
1372 1982 1542 2033 hospites
1556 1989 1647 2020 sunt
1662 1995 1730 2033 ap-

280 2046 448 2096 pellandi
482 2058 609 2083 eorum
629 2058 652 2082 a
676 2046 813 2095 quibus
834 2045 1014 2083 conducti
1035 2053 1138 2083 sunt.
1189 2045 1333 2083 Verum
1362 2057 1436 2081 non
1466 2043 1520 2081 ita
1547 2048 1620 2089 est,
1638 2055 1729 2081 non.

280 2107 355 2149 Qui
375 2106 504 2144 enim?
533 2106 813 2154 multum-certe
833 2107 954 2144 abest.
986 2106 1040 2143 At
1060 2105 1332 2144 mercenarium
1353 2118 1425 2155 ego
1441 2112 1477 2142 te
1498 2104 1599 2142 sicut
1616 2110 1731 2141 antea

281 2168 459 2219 Philippi,
482 2169 536 2205 ita
561 2181 664 2206 nunc
684 2168 895 2206 Alexandri
915 2167 1013 2214 dico,
1044 2175 1082 2206 et
1100 2167 1138 2204 hi
1166 2167 1277 2205 etiam
1306 2178 1449 2204 omnes.
1500 2166 1540 2203 Si
1561 2165 1729 2212 dubitas,

278 2230 508 2279 interrogato
528 2242 607 2267 eos.
631 2229 734 2272 Quin
747 2235 899 2279 egomet
915 2241 984 2280 pro
996 2235 1034 2266 te
1056 2229 1131 2266 hoc
1147 2228 1296 2265 faciam.
1321 2227 1455 2263 Utrum
1471 2225 1591 2270 vobis,
1608 2225 1728 2262 Athe-

279 2291 444 2334 nienses,
473 2290 731 2327 mercenarius
751 2290 951 2328 AEschines
971 2303 1018 2327 an
1045 2290 1185 2340 hospes
1207 2302 1290 2326 esse
1319 2286 1528 2324 Alexandri
1553 2286 1729 2323 videtur?

279 2352 519 2401 Audis,quid
540 2352 685 2389 dicunt.
726 2352 838 2388 Nunc
855 2352 968 2402 igitur
982 2352 1043 2389 isti
1059 2352 1106 2389 de
1126 2350 1370 2389 accusatione
1386 2348 1619 2399 respondere
1638 2349 1726 2387 volo

279 2413 467 2462 simulque
483 2425 542 2449 res
557 2425 660 2450 meas
673 2420 801 2462 gestas
815 2425 1021 2462 exponere,
1037 2419 1080 2449 ut
1093 2424 1309 2462 quanquam
1325 2410 1494 2461 pernorit
1510 2409 1725 2456 AEschines,

279 2466 411 2512 audiat
428 2481 568 2518 tamen,
585 2487 681 2523 quas
700 2474 749 2511 ob
770 2487 906 2511 causas
925 2487 996 2524 ego
1018 2486 1077 2510 mc
1098 2486 1174 2510 non
1203 2473 1245 2510 iis
1266 2479 1413 2510 tantum
1433 2484 1518 2521 quae
1547 2484 1570 2508 a
1589 2477 1726 2509 senatu

280 2536 433 2574 decreta
449 2542 551 2584 sunt,
563 2548 692 2573 verum
706 2535 819 2572 etiam
832 2535 946 2586 longe
958 2535 1162 2585 majoribus
1175 2534 1337 2585 praemiis
1357 2533 1516 2583 dignum
1529 2545 1615 2571 esse
1633 2545 1724 2571 con-

277 2597 446 2635 tendam.
478 2596 593 2633 Sume
614 2597 726 2645 igitur
747 2597 865 2647 ipsius
890 2596 1142 2634 accusationis
1163 2596 1349 2641 libellum,
1368 2602 1407 2633 et
1423 2594 1552 2632 recita.

833 2731 1161 2769 ACCUSATIO.

324 2820 373 2847 17.
396 2818 548 2847 Archonie
564 2817 742 2851 Chaeronda,
760 2822 847 2846 sexto
871 2818 920 2846 dio
941 2817 1053 2847 niensis
1078 2817 1340 2856 Elaphebolionis,
1362 2815 1522 2845 AEschines
1539 2815 1685 2844 Atrometi
1702 2815 1724 2845 f.

280 2867 463 2897 cossum-,ides
477 2867 625 2906 judicium
643 2867 682 2897 de
699 2868 830 2897 decretis
845 2868 965 2906 legibus
978 2868 1116 2898 adversis
1128 2869 1166 2897 ad
1180 2867 1362 2898 Archontem
1376 2865 1487 2897 detulit
1497 2865 1527 2895 in
1540 2865 1722 2904 Ctesiphon-

283 2924 341 2949 tem
358 2919 534 2948 Leosihcnis
551 2920 570 2949 s.
588 2919 830 2958 Anaphlystiuin,
847 2919 926 2958 «quud
945 2919 1098 2949 decretum
1116 2923 1219 2949 eontra
1234 2919 1317 2956 loges
1333 2917 1411 2952 tulit,
1438 2927 1534 2956 nempe
1558 2921 1591 2946 ut
1609 2916 1721 2948 Demo·
