1923 3149
344 224 413 260 146
673 219 744 256 DE
775 219 1082 258 REPUBLICA
1113 218 1455 256 ORDINANDA.
1491 228 1494 231 ’

339 335 462 359 moras
477 321 492 357 ’.θ
547 320 648 363 Quia
661 333 798 358 censeo
813 334 880 359 vos
895 329 1079 372 oportere,
1090 323 1269 372 quoniam
1290 322 1460 359 nonnulli
1479 322 1674 360 ferendum
1695 334 1773 359 non

341 389 475 433 putant
489 388 533 419 ut
549 394 680 419 omnes
699 382 888 432 stipendia
907 389 1088 426 mereant,
1111 382 1388 419 ordinationem
1407 394 1497 420 vero
1517 389 1556 420 et
1582 382 1772 420 instructi-

339 457 447 481 onem
476 456 559 481 esse
586 443 716 481 utilem
746 443 991 481 consentiunt
1013 456 1158 488 omnes,
1184 443 1272 481 hinc
1297 444 1489 494 negotium
1519 443 1707 494 auspicari
1736 450 1775 480 et

338 506 541 555 unicuique
562 504 651 542 dare
671 510 898 554 potestatem
919 503 1092 541 dicendae
1105 503 1162 540 his
1182 503 1229 541 de
1251 504 1364 541 rebus
1384 503 1592 548 sententiae,
1606 503 1661 540 sic
1673 503 1775 540 enim

339 580 380 605 se
392 580 450 604 res
463 566 593 603 habet.
624 566 662 601 Si
679 565 784 602 vobis
804 577 905 601 nune
925 564 1142 614 persuaderi
1159 564 1289 601 sinetis
1309 570 1353 601 ut
1374 564 1619 601 occasionem
1640 563 1775 601 adesse

340 628 396 665 his
415 628 528 666 rebus
549 625 795 664 conficiendis
815 632 1066 675 opportunam
1087 625 1331 669 arbitremini,
1354 638 1471 675 quum
1497 637 1543 661 ea
1565 625 1779 662 necessaria

339 689 445 726 vobis
464 688 617 731 fuerint,
640 687 676 723 in
693 692 870 736 promptu
884 685 1081 723 habebitis.
1130 685 1197 722 Sin
1216 692 1259 722 ut
1277 684 1542 736 intempestiva
1560 684 1776 734 negligetis,

342 763 458 801 quum
479 750 522 787 iis
542 749 595 786 uti
614 754 800 798 oporteat,
819 754 900 785 tum
921 747 1073 784 demum
1088 760 1135 784 ea
1149 760 1369 798 comparare
1391 747 1594 797 cogemini.

395 814 431 848 5.
462 811 549 848 Jam
566 822 653 847 vero
670 809 822 846 locutus
852 815 912 845 est
936 808 1105 858 quidam,
1132 821 1208 845 non
1238 807 1411 859 plebeius
1443 807 1572 853 homo,
1594 807 1661 844 sed
1690 804 1778 843 talis

342 872 407 923 qui
426 872 722 921 disrumperetur
743 870 773 907 si
803 869 887 907 haec
907 869 1053 913 fierent,
1075 868 1134 906 his
1154 869 1230 906 fere
1250 868 1387 914 verbis,
1420 882 1444 918 q
1458 883 1481 905 u
1495 868 1504 905 i
1518 869 1540 906 d
1570 875 1658 905 tan
1671 867 1727 904 de
1740 879 1777 903 rn

344 934 552 971 fructus
580 945 600 970 e
630 930 998 968 Demosthenis
1038 930 1375 967 orationibus
1406 928 1663 980 cepimus?
1692 928 1779 978 qui

344 1006 677 1046 progressus,
707 1006 856 1043 quum
897 992 998 1042 ipsi
1037 992 1203 1028 visum
1242 998 1334 1036 est,
1375 1003 1531 1028 aures
1572 997 1778 1027 vestras

345 1054 640 1093 obtundere
681 1053 824 1091 solet
864 1059 915 1089 et
956 1051 1210 1089 cavillari
1239 1057 1553 1102 praesentem
1582 1056 1780 1087 statum

344 1123 403 1162 et,
445 1115 530 1152 ubi
572 1116 795 1164 primum
822 1119 1028 1150 vestros
1056 1112 1283 1163 majores
1323 1111 1568 1149 laudavit
1608 1118 1658 1149 et
1696 1123 1780 1148 vos

345 1175 632 1214 concitavit
659 1172 982 1223 inflavitque,
1003 1173 1342 1211 descendere.
1397 1172 1481 1223 Ego
1496 1185 1596 1216 vero,
1618 1173 1650 1210 si
1672 1171 1781 1209 vobis

344 1250 474 1275 eorum
489 1249 574 1286 quae
591 1235 677 1273 dico
689 1234 920 1286 persuadere
940 1234 1083 1284 aliquid
1102 1247 1268 1285 possem,
1287 1241 1344 1271 tot
1363 1246 1424 1271 me
1445 1233 1627 1271 utilitates
1644 1233 1781 1271 allatu-

342 1313 424 1337 rum
439 1311 523 1337 esse
538 1297 755 1348 reipublicae
770 1304 957 1347 putarem,
972 1302 1149 1346 quantas,
1170 1296 1200 1333 si
1216 1308 1317 1333 nunc
1332 1296 1456 1333 dicere
1472 1295 1686 1345 aggrediar,
1697 1290 1781 1345 ple-

344 1361 449 1411 rique
461 1360 575 1397 fidem
591 1360 644 1396 eis
660 1358 877 1409 abrogaturi
897 1364 1037 1404 essent,
1050 1365 1233 1408 tanquam
1248 1358 1452 1406 majoribus
1471 1370 1587 1407 quam
1600 1370 1686 1407 quae
1702 1357 1782 1394 fieri

345 1423 503 1473 possint.
562 1420 766 1457 Enimvero
785 1433 845 1457 me
863 1432 940 1457 non
959 1432 1092 1469 parum
1108 1419 1292 1470 prodesse
1311 1419 1458 1470 reipub.
1477 1431 1630 1464 censeo,
1650 1418 1682 1456 si
1715 1432 1781 1456 vos

347 1483 395 1520 ad
417 1483 561 1533 optima
578 1495 739 1532 quaeque
758 1480 949 1519 audienda
969 1481 1248 1518 consuefaciam
1265 1494 1275 1524 ;
1306 1487 1458 1531 oportet
1490 1480 1604 1524 enim,
1620 1479 1783 1517 Atheni-

346 1557 474 1589 enses,
490 1550 531 1581 ut
550 1544 580 1580 is
595 1542 659 1592 qui
680 1542 727 1579 de
744 1542 895 1579 civitate
914 1548 1042 1579 nostra
1055 1543 1152 1579 bene
1169 1542 1300 1580 mereri
1321 1541 1440 1593 cupit,
1457 1542 1609 1579 auribus
1621 1541 1782 1592 primum

345 1605 477 1644 vestris
496 1604 692 1642 medeatur
707 1616 716 1640 ε
746 1611 934 1653 corruptae
948 1603 1048 1640 enim
1064 1610 1156 1641 sunt
1171 1617 1180 1646 ;
1211 1603 1308 1641 adeo
1321 1603 1442 1640 multa
1453 1609 1492 1640 et
1505 1601 1605 1640 falsa
1618 1608 1657 1639 et
1676 1614 1783 1653 quae-

347 1667 402 1704 vis
421 1666 546 1717 potius
566 1664 696 1702 audire
716 1677 830 1714 quam
851 1664 1031 1701 salutaria
1049 1663 1285 1702 consuefacti
1302 1663 1393 1702 estis
1412 1676 1421 1701 :
1450 1663 1668 1700 veluti—ne
1696 1675 1785 1700 vero

347 1728 437 1765 mihi
452 1726 652 1777 quisquam
669 1726 845 1763 obturbet
856 1725 1079 1776 priusquam
1094 1725 1221 1763 omnia
1234 1724 1651 1762 dixero—recluserunt
1664 1736 1785 1774 nuper

347 1789 501 1840 quidam
520 1787 719 1829 aerarium3
750 1793 917 1823 oratores
949 1786 1062 1837 igitur
1094 1799 1226 1824 omnes
1252 1798 1320 1836 pro
1339 1786 1524 1823 concione
1544 1784 1784 1830 dictitabant,

347 1853 569 1900 abrogatum
599 1861 686 1885 esse
719 1853 857 1885 statum
876 1847 1112 1897 popularem,
1131 1848 1316 1885 interiisse
1336 1848 1455 1897 legeS‚
1479 1854 1519 1884 et
1535 1846 1648 1896 hujus
1667 1858 1784 1896 geue-

346 1911 398 1949 ris
417 1910 503 1947 alia.
559 1909 694 1958 Atqui,
718 1907 1282 1952 Athenienses,—-considerate
1309 1920 1402 1944 num
1420 1916 1507 1944 vera
1526 1907 1718 1952 dicam-,
1739 1919 1786 1944 ea

349 1972 414 2022 qui
433 1971 618 2015 fecerunt,
638 1968 743 2018 digni
765 1974 854 2004 sunt
876 1967 940 2017 qui
960 1968 1083 2018 capite
1102 1968 1337 2017 plectantur;
1368 1980 1491 2017 neque
1511 1975 1639 2005 tamen
1660 1980 1782 2018 popu—

349 2032 438 2071 laris
460 2037 582 2068 status
601 2029 659 2067 his
679 2030 790 2066 rebus
809 2030 1025 2078 abrogatur.
1084 2029 1249 2074 Rursus,
1267 2041 1390 2065 remos
1420 2028 1557 2078 aliquis
1578 2028 1785 2080 surripuit:

348 2092 630 2145 flagellandum,
659 2089 931 2141 torquendum,
961 2090 1263 2128 vociferabantur
1283 2102 1429 2136 omnes,
1450 2090 1625 2141 abrogari
1644 2096 1786 2128 statum

348 2154 568 2206 popularem
588 2152 819 2190 dictitantes.
876 2151 960 2202 Ego
976 2164 1065 2189 vero
1079 2151 1169 2202 qnid
1190 2151 1303 2189 dico?
1334 2152 1392 2189 Ea
1412 2152 1475 2202 qui
1495 2151 1624 2196 faciat,
1646 2151 1786 2203 dignus

350 2223 409 2254 est
438 2217 502 2266 qui
529 2215 654 2265 capite
682 2214 883 2263 plectatur,
904 2226 1012 2263 aeque
1032 2220 1075 2250 ut
1104 2213 1169 2258 illi,
1198 2214 1266 2251 sed
1297 2221 1438 2251 statum
1469 2213 1694 2264 popularem
1724 2213 1783 2251 his

350 2279 463 2316 rebus
483 2275 656 2326 abrogari
678 2287 788 2325 nego.
845 2275 923 2312 Sed
953 2275 983 2311 is
1012 2275 1202 2325 quomodo
1221 2275 1438 2325 abrogetur,
1463 2287 1573 2312 nemo
1601 2274 1695 2312 dicit
1719 2281 1787 2313 aut

349 2338 475 2389 palam
495 2335 658 2387 profiteri
678 2335 805 2372 audet.
863 2335 947 2385 Ego
962 2348 1051 2373 vero
1070 2335 1195 2374 dicam
1211 2349 1220 2373 :
1249 2336 1279 2373 si
1298 2348 1379 2381 vos,
1396 2335 1671 2380 Athenienses,
1686 2335 1786 2373 male

352 2398 503 2436 educati
522 2396 630 2433 multi
657 2404 694 2434 et
722 2396 855 2447 inopes
885 2404 923 2433 et
950 2396 1113 2433 inermes
1145 2404 1184 2433 et
1212 2396 1450 2446 incompositi
1484 2403 1524 2433 et
1555 2409 1630 2434 non
1650 2397 1787 2434 eodem

352 2458 466 2496 modo
486 2458 638 2495 animati
658 2457 752 2502 sitis,
772 2465 810 2494 et
828 2469 951 2507 neque
972 2458 1173 2507 imperator
1205 2469 1328 2506 neque
1356 2457 1559 2506 quisquam
1589 2456 1684 2494 alius
1718 2456 1785 2494 de-

353 2526 457 2558 creta
475 2526 602 2557 vestra
621 2525 751 2561 curet;
773 2518 804 2555 si
824 2518 907 2555 haec
927 2530 1038 2555 nemo
1058 2518 1225 2555 indicare
1245 2517 1335 2555 velit
1354 2526 1420 2555 aut
1440 2518 1639 2567 corrigere,
1660 2531 1786 2568 neque

353 2582 400 2619 de
419 2581 477 2618 his
498 2579 607 2617 malis
633 2579 867 2629 corrigendis
895 2580 1038 2629 cogitet
1068 2584 1134 2616 aut
1158 2578 1335 2615 moliatur
1366 2579 1586 2629 quicquam,
1612 2578 1652 2615 id
1683 2579 1785 2629 quod

355 2654 456 2679 nunc
476 2640 626 2678 accidit.

407 2703 445 2740 6.
476 2702 525 2738 Et
538 2700 686 2738 medius
704 2700 828 2744 fidius,
851 2700 1113 2743 Athenienses,
1133 2699 1217 2737 aliae
1236 2699 1425 2737 orationes
1441 2699 1546 2737 falsae
1566 2699 1613 2736 ad
1634 2711 1703 2736 nos
1729 2698 1786 2736 in-

355 2770 475 2802 vectae
485 2768 575 2799 sunt
589 2769 627 2800 et
640 2761 805 2799 exitiosae
822 2761 1056 2811 reipublicae,
1067 2768 1107 2797 ut·
1133 2761 1141 2797 i
1156 2774 1180 2797 n
1196 2761 1210 2810 j
1226 2773 1250 2797 u
1263 2760 1336 2798 dic
1350 2761 1359 2796 i
1373 2760 1412 2798 is
1438 2774 1459 2796 v
1473 2774 1493 2797 e
1508 2773 1524 2797 s
1539 2767 1555 2797 t
1568 2772 1615 2797 ra
1643 2771 1661 2795 s
1672 2758 1752 2796 alu
1768 2773 1786 2797 s

357 2826 457 2862 sita
497 2829 586 2868 est,
626 2829 676 2867 et,
719 2836 735 2858 s
753 2821 970 2872 uffragio
1017 2822 1396 2871 rempublicam
1443 2820 1784 2859 conservetis

357 2898 379 2922 0
392 2899 416 2935 p
429 2899 451 2923 o
464 2899 480 2922 r
491 2891 507 2921 t
519 2898 537 2922 e
547 2891 573 2921 t.
620 2884 703 2934 Ego
716 2896 802 2920 vero
816 2884 908 2928 scio,
922 2882 995 2920 ista
1006 2882 1150 2933 judicia
1167 2882 1318 2933 privatis
1333 2881 1595 2921 controversiis
1610 2881 1706 2918 inter
1718 2893 1785 2918 vos

357 2945 607 2994 dijudicandis
627 2951 666 2982 et
682 2943 901 2982 dirimendis
920 2956 1003 2982 esse
1024 2950 1243 2995 comparata
1260 2950 1297 2981 et
1315 2957 1361 2981 ex
1381 2955 1490 2993 aequo
1509 2941 1647 2981 servire
1665 2942 1786 2979 omni-
