1923 3149
539 173 763 212 CONTRA
796 174 1254 216 ARISTOGITONEM
1284 179 1335 218 11.
1588 184 1664 221 467

208 279 380 324 repetere
401 274 611 323 volueritis,
637 291 714 315 uno
734 278 850 316 modo
880 291 1015 316 omnes
1034 280 1199 319 cessisse
1227 282 1364 320 vestris
1389 282 1572 323 institutis
1596 298 1664 336 ap-

208 336 371 383 parebit.
407 337 507 375 Nam
523 345 562 376 et
582 338 792 377 Aristidem
813 339 932 385 aiunt,
955 353 978 378 a
992 340 1198 391 majoribus
1218 344 1446 393 relegatum,
1473 358 1519 384 eo
1544 359 1665 396 usque

205 393 244 432 in
266 397 407 447 AEgina
434 412 520 438 esse
552 409 759 447 versatum,
787 401 910 439 donec
940 414 1027 438 eum
1055 403 1220 452 populus
1252 414 1487 452 revocasset,
1513 414 1552 444 et
1572 408 1663 446 Mil-

208 457 351 496 tiadem
378 467 493 512 atque
511 462 701 500 Periclem
721 463 1015 508 condemnatos,
1036 463 1140 501 hunc
1161 464 1330 515 triginta,
1351 467 1458 504 illum
1478 469 1663 519 quinqua-

207 518 318 568 ginta
338 522 492 560 talentis
514 523 665 570 solutis,
693 523 746 562 ita
767 524 923 562 demum
943 525 1154 562 conciones
1177 525 1371 565 habuisse.
1412 528 1516 571 Quid
1548 530 1663 581 igitur

206 580 289 618 fieri
305 591 437 632 posset
450 585 630 635 ianuius,
651 599 766 636 quam
788 587 819 623 si
837 586 884 632 is,
901 586 966 636 qui
984 592 1027 624 ut
1044 586 1136 624 boni
1155 587 1247 624 fecit
1265 587 1372 634 nihil,
1393 589 1446 627 ita
1464 591 1664 630 innumera

206 642 355 681 scelera
374 645 604 697 designavit,
633 653 712 684 tam
731 647 924 698 expedite,
943 654 1083 698 praeter
1105 656 1144 686 et
1172 618 1376 687 utilitatem
1402 658 1440 688 et
1461 652 1664 702 justitiam,

205 702 398 743 licentiam
429 708 577 746 avobis
596 708 864 746 violandarum
891 709 1021 760 legum
1047 716 1154 747 esset
1184 717 1444 749 consecutus:
1474 725 1592 763 quum
1621 715 1665 752 iis

205 765 271 815 qui
291 767 414 806 multa
427 775 468 806 et
494 782 639 821 magna
656 771 695 808 in
716 783 784 808 vos
810 771 1001 809 beneficia
1019 771 1281 818 contulerunt,
1307 785 1352 810 ea
1370 779 1543 823 potestas
1574 775 1666 813 data

203 839 282 864 non
303 829 431 877 fuerit,
450 838 494 869 ut
513 832 567 870 eis
587 832 736 884 aliquid
756 839 892 871 contra
909 833 1016 884 leges
1036 833 1138 884 apud
1155 846 1222 872 vos
1243 841 1420 885 receptas
1440 848 1554 887 agere
1570 849 1662 876 con-

203 888 436 929 cederetur?

258 952 296 988 3.
326 951 377 990 Et
405 953 498 1004 quid
524 954 573 992 de
596 954 765 1006 antiquis
794 955 923 993 dicere
955 956 1120 995 attinet?
1150 956 1306 995 Nostrae
1335 958 1459 995 aetatis
1486 957 1663 998 homines

202 1012 462 1062 considerate,
483 1028 532 1054 an
553 1016 691 1067 aliquis
710 1030 880 1068 unquam
900 1017 952 1056 ita
970 1018 1161 1056 exstiterit
1179 1018 1400 1069 impudens.
1458 1019 1663 1060 Neminem

201 1075 416 1124 reperietis,
437 1077 468 1115 si
498 1085 678 1117 accurate
708 1079 975 1130 quaesiveritis.
1013 1080 1102 1118 Huc
1129 1079 1227 1118 illud
1255 1080 1421 1128 accedit,
1440 1082 1471 1119 si
1490 1083 1575 1133 quis
1596 1084 1663 1121 de-

200 1142 349 1174 cretum
370 1144 437 1176 aut
455 1139 582 1190 legem
603 1140 706 1191 apud
727 1142 896 1179 sexviros
916 1146 1088 1187 accusat,
1109 1154 1196 1180 cum
1217 1141 1281 1180 lex
1303 1149 1370 1180 aut
1397 1143 1594 1182 decretum
1615 1146 1664 1184 ir-

201 1196 316 1235 ritum
336 1206 410 1246 est,
440 1208 522 1239 tum
552 1202 753 1252 legislator
781 1203 975 1241 decretive
1004 1209 1137 1241 auctor
1165 1204 1258 1241 nihil
1279 1204 1523 1255 impudenter
1550 1219 1663 1257 agere

197 1267 373 1306 conatur,
388 1262 481 1300 nihil
496 1263 682 1302 violenter
699 1277 708 1301 ε
739 1264 808 1302 sed
824 1264 1006 1315 quicquid
1025 1277 1095 1303 vos
1111 1264 1370 1312 decreveritis,
1385 1273 1510 1304 ratum
1530 1267 1661 1315 habet,

197 1321 271 1359 etsi
289 1321 349 1359 vel
364 1323 596 1374 eloquentiae
610 1325 811 1368 facultate,
827 1325 888 1363 vel
901 1338 1029 1363 rerum
1044 1326 1302 1376 gerendarum
1318 1327 1548 1366 dexteritate
1565 1329 1664 1368 inter

196 1394 266 1420 vos
298 1384 477 1423 excellat.
528 1385 591 1422 An
609 1399 700 1424 vero
722 1386 933 1424 absurdum
954 1399 1034 1424 non
1053 1393 1126 1434 est,
1146 1400 1234 1425 cum
1255 1400 1301 1425 ea
1324 1401 1413 1438 quae
1438 1401 1506 1427 vos
1528 1402 1661 1428 omnes

197 1443 235 1480 in
255 1451 451 1483 conventu
471 1447 628 1496 publico
648 1460 696 1485 ex
715 1447 866 1498 legibus
887 1448 1127 1494 decrevistis,
1152 1449 1230 1486 sint
1249 1449 1366 1496 irrita,
1386 1450 1661 1501 Aristogitonis

197 1505 387 1543 voluntati
407 1506 447 1544 in
461 1507 645 1545 violando
654 1508 741 1559 jure
762 1508 969 1558 plusquam
987 1508 1079 1558 ipsis
1100 1509 1247 1559 legibus
1262 1510 1377 1547 tribui
1394 1511 1663 1550 auctoritatis?

198 1566 361 1615 Rursus,
383 1568 414 1606 si
432 1568 517 1619 quis
538 1569 728 1606 actionem
747 1575 990 1620 persecutuS,
1021 1569 1195 1619 quintam
1222 1570 1490 1621 suffragiorum
1510 1580 1661 1623 partem

197 1641 275 1666 non
295 1629 437 1676 tulerit,
458 1630 520 1668 cui
541 1630 595 1668 rei
611 1630 762 1680 legibus
782 1642 828 1667 ea
847 1643 961 1681 poena
981 1630 1140 1668 definita
1157 1637 1230 1677 est,
1248 1644 1297 1669 ne
1324 1632 1356 1669 is
1378 1632 1426 1669 de
1445 1640 1575 1672 cetero
1596 1648 1661 1674 ac-

196 1697 320 1739 cuset,
347 1705 396 1730 ne
415 1691 454 1729 in
483 1704 680 1730 carcerem
710 1691 894 1738 abducat,
924 1704 973 1728 ne
999 1691 1160 1729 deferat.
1207 1692 1355 1730 Eodem
1383 1694 1499 1732 modo
1525 1703 1661 1736 contra

195 1750 282 1790 haec
298 1765 413 1791 nemo
435 1753 630 1804 agendum
651 1766 738 1791 esse
756 1759 869 1804 putat
889 1765 1022 1791 eorum
1040 1752 1106 1803 qui
1126 1753 1175 1791 ad
1190 1753 1294 1792 hunc
1310 1754 1468 1793 modum
1484 1758 1660 1797 mulctati

196 1818 314 1851 sunt:
339 1814 442 1865 apud
461 1815 586 1852 solum
609 1822 739 1853 autem
757 1814 1058 1865 Aristogitonem
1076 1827 1125 1851 ex
1146 1815 1340 1861 omnibus,
1363 1816 1512 1855 nullum
1531 1831 1658 1870 neque

186 1872 391 1924 judicium,
402 1888 528 1926 neque
540 1876 601 1914 lex
614 1876 702 1926 plus
713 1875 832 1913 habet
843 1874 1081 1913 auctoritatis
1097 1875 1252 1914 libidine
1267 1876 1396 1927 ipsius.
1421 1877 1518 1921 Quae
1529 1881 1659 1920 omnia

193 1935 250 1974 sic
266 1937 506 1984 observasse,
528 1950 655 1988 neque
678 1950 758 1983 vos,
778 1950 903 1987 neque
921 1940 1085 1986 majores
1105 1945 1255 1976 vestros
1275 1952 1446 1989 unquam
1464 1943 1655 1991 poenituit.

195 1995 267 2035 Est
290 1998 393 2035 enim
414 1998 488 2036 hoc
508 2005 632 2036 status
651 1999 849 2050 popularis
869 1999 1164 2046 munimentum,
1181 1998 1314 2037 hostes
1335 2000 1394 2038 vel
1415 2002 1655 2043 consulendo

191 2058 254 2096 vel
285 2059 500 2110 pugnando
520 2072 724 2110 superare:
755 2059 922 2110 legibus,
955 2060 1036 2098 sive
1065 2060 1255 2107 volentes,
1282 2061 1361 2099 sive
1387 2071 1543 2102 coactos
1567 2078 1655 2104 suc-

193 2120 389 2159 cumbere.

246 2183 286 2220 4.
315 2182 446 2233 Atque
460 2183 547 2221 haec
565 2182 604 2220 in
623 2182 727 2219 hunc
750 2181 829 2233 geri
847 2182 1007 2220 modum
1027 2189 1220 2233 oportere,
1241 2182 1314 2220 iste
1334 2184 1417 2234 ipse
1437 2184 1552 2222 etiam
1571 2198 1651 2224 ma-

191 2243 334 2283 nifeste
353 2252 411 2282 est
425 2244 637 2283 confessus.
669 2244 770 2281 Cum
786 2243 886 2280 enim
905 2243 1129 2294 Hyperides
1145 2243 1344 2282 decretum
1362 2244 1529 2291 fecisset,
1545 2254 1653 2296 post·

190 2319 308 2356 quam
338 2306 467 2344 Graeci
495 2306 645 2344 cladem
663 2305 714 2343 ad
736 2305 993 2343 Chaeroneam
1015 2312 1262 2356 acceperant,
1287 2313 1327 2343 et
1345 2313 1486 2344 nostrae
1507 2307 1652 2347 civitati

192 2367 243 2405 de
262 2368 346 2418 ipso
369 2368 503 2419 patriae
529 2368 613 2405 solo
639 2366 850 2405 maximum
882 2366 1097 2418 periculum
1128 2367 1392 2418 impendebat,
1420 2375 1464 2406 ut
1486 2369 1650 2420 ignomi-

189 2429 310 2466 niosis
330 2436 465 2480 erepta
482 2429 649 2480 dignitas
676 2429 954 2474 restitueretur,
983 2441 1061 2479 quo
1080 2429 1366 2467 consentientes
1393 2429 1561 2469 universi
1580 2445 1650 2483 pro

188 2490 364 2528 libertate
393 2497 546 2528 strenue
567 2490 806 2536 dimicarent,
827 2490 858 2527 si
884 2489 989 2540 quod
1018 2496 1168 2528 tantum
1199 2490 1407 2529 discrimen
1430 2491 1649 2542 reipublicae

189 2550 428 2589 immineret:
458 2551 498 2588 id
518 2551 715 2590 decretum
735 2558 779 2589 ut
799 2557 935 2589 contra
954 2551 1061 2602 leges
1080 2551 1226 2589 factum
1246 2553 1458 2603 accusavit,
1473 2559 1513 2591 et
1531 2554 1569 2590 in
1583 2554 1646 2605 ju·

189 2611 291 2649 dicio
310 2624 468 2650 causam
489 2612 581 2662 egit.
623 2613 728 2656 Quid
746 2626 839 2652 vero
857 2613 938 2650 fieri
958 2613 1082 2664 possit
1099 2613 1276 2664 iniquius,
1303 2627 1419 2664 quam
1450 2628 1538 2652 cum
1561 2616 1647 2653 Ari-

189 2672 332 2723 stogito
359 2673 410 2711 ad
439 2673 572 2723 patriae
597 2673 863 2713 defensionem
893 2674 1035 2711 nemini
1053 2687 1193 2725 passus
1227 2676 1277 2714 sit
1305 2676 1452 2713 restitui
1477 2675 1645 2726 dignita-

188 2741 290 2772 tern:
321 2747 410 2772 eum
441 2734 492 2771 ad
516 2747 626 2772 suam
655 2734 894 2785 iniquitatem
920 2736 1226 2773 confirmandam
1255 2735 1295 2772 id
1321 2735 1392 2773 sibi
1423 2737 1592 2774 muneris
1624 2751 1647 2776 a

187 2796 297 2834 vobis
317 2795 494 2833 omnibus
517 2790 630 2832 tribui
660 2797 881 2846 postulare?
911 2797 1030 2847 Atqui
1057 2796 1258 2834 decretum
1290 2795 1385 2833 illud
1416 2796 1538 2834 multo
1570 2798 1645 2836 fuit

187 2857 338 2908 aequius
350 2870 410 2902 eo,
429 2857 534 2907 quod
550 2863 590 2895 tu
607 2857 674 2895 tibi
692 2871 796 2896 nunc
811 2871 834 2896 a
845 2858 1044 2909 judicibus
1060 2857 1213 2896 decerni
1227 2857 1393 2908 flagitas.
1422 2857 1523 2895 Illud
1543 2859 1643 2897 enim

187 2931 391 2958 commune
414 2918 499 2965 fuit,
519 2925 558 2957 et
583 2931 740 2969 aequum
770 2919 916 2958 civibus
947 2919 1150 2959 omnibus:
1185 2918 1288 2957 istud
1319 2918 1505 2969 iniquum,
1537 2921 1642 2971 quod
