1923 3149
276 222 354 258 426
685 219 904 258 CONTRA
937 219 1318 259 TIMOCRATEM.

278 320 434 360 Desine.
463 321 559 360 Mox
590 309 692 360 enini
719 322 938 374 singulatim
958 322 1086 359 omnia
1103 321 1222 372 leges.
1258 321 1343 359 Hoc
1365 319 1534 358 omniurn
1553 319 1644 364 fere,
1658 319 1722 369 ju-

275 382 396 429 dices,
417 396 502 434 quae
522 383 606 435 lege
628 383 885 429 continentur,
902 391 961 421 est
981 383 1302 433 indignissimum.
1347 381 1520 418 Arbitror
1538 380 1638 417 enirn
1659 391 1723 416 ce-

274 449 443 481 terorum
470 444 667 482 hominum
687 446 875 483 neminem
899 444 1014 482 alium
1037 457 1082 481 ea
1098 457 1181 482 esse
1203 442 1379 488 audacia,
1405 449 1460 487 ut,
1489 441 1580 478 dum
1599 441 1724 490 legem

273 503 389 542 ferret
410 506 459 542 ad
478 519 593 544 usum
619 506 773 552 civium,
797 506 946 557 judicia
965 506 1068 557 prius
1101 505 1266 555 receptis
1293 504 1443 554 legibus
1473 509 1556 540 rata
1579 502 1723 546 habita,

273 563 507 604 labefactare
526 575 740 605 conaretur.
789 568 841 604 At
867 566 940 604 hoc
960 567 1198 604 Timocrates
1219 565 1477 616 impudenter,
1497 575 1624 613 neque
1645 563 1723 600 dis-

274 625 499 664 simulanter
518 627 622 673 fecit‚
643 641 731 665 cum
758 634 888 678 aperte
917 627 1124 678 scripserit,
1151 634 1166 664 t
1182 639 1248 664 am
1262 633 1310 663 et
1324 625 1367 663 si
1399 625 1582 675 aliquis
1615 637 1722 661 aera-

272 685 385 723 rius
423 688 522 725 sive
555 687 771 737 legibus,
809 688 917 727 sive
956 686 1449 730 senatusconsulto,
1488 684 1723 722 vinculis

273 746 517 785 addictus
545 754 638 793 est,
671 748 782 786 sive
808 748 857 785 in
886 755 1154 798 posterum
1183 748 1468 786 addicetur.
1504 748 1562 784 Ac
1589 745 1638 783 de
1664 746 1724 783 fu-

272 807 364 845 turis
379 808 547 858 quidem,
564 809 595 846 si
615 809 705 859 quid
724 810 831 847 vobis
845 809 937 848 utile
958 810 1158 856 suasisset,
1173 809 1278 847 haud
1296 815 1495 860 peccasset
1511 821 1519 845 :
1550 807 1619 845 sed
1640 808 1725 858 qui-

271 867 345 904 bus
359 867 407 905 de
427 870 540 906 rebus
551 869 737 920 judicium
752 868 901 915 statuit,
919 883 963 908 ac
983 870 1282 908 controversiam
1303 870 1465 916 definiit,
1485 883 1533 906 an
1551 881 1629 906 non
1654 869 1724 905 im-

269 928 538 977 portunissime
553 930 645 980 agit,
664 930 730 980 qui
746 931 873 981 legem
889 930 1121 981 promulget,
1139 942 1216 980 qua
1230 930 1317 980 lege
1334 943 1393 967 res
1409 930 1484 967 illae
1499 928 1723 966 rescindan-

269 988 358 1025 tur?
389 989 434 1027 Id
460 990 562 1040 quod
582 991 743 1041 perinde
763 998 836 1038 est,
856 1004 903 1029 ac
925 991 957 1028 si
984 991 1069 1041 quis
1095 991 1203 1028 istius
1223 990 1298 1028 hac
1321 990 1407 1040 lege
1426 1002 1504 1027 non
1525 990 1725 1038 abrogata,

269 1049 454 1088 scriberet
471 1051 598 1097 aliam,
625 1052 664 1088 in
682 1052 784 1091 hanc
805 1052 1063 1090 sententiam:
1095 1051 1265 1089 Tametsi
1285 1052 1407 1089 aerarii
1427 1050 1543 1101 aliqui
1562 1050 1724 1088 vinculis

268 1109 427 1156 addicti,
447 1111 566 1150 vades
598 1112 776 1151 dederint
802 1113 910 1151 istius
931 1114 1031 1163 lege,
1061 1125 1139 1150 non
1160 1119 1289 1150 tamen
1315 1112 1369 1150 eis
1403 1111 1559 1163 sponsio
1591 1111 1725 1162 prosit,

266 1183 391 1222 neque
407 1185 623 1223 quenquam
638 1173 676 1210 in
688 1180 890 1224 posterum
908 1173 1060 1211 liberari
1075 1174 1284 1224 sponsione
1300 1173 1358 1210 fas
1373 1180 1469 1210 esto.
1504 1172 1581 1209 Sed
1598 1184 1724 1222 neque

266 1230 350 1269 haec
369 1233 572 1284 quisquam
589 1245 692 1271 sanae
712 1234 867 1279 mentis,
889 1234 1037 1285 opinor,
1053 1234 1212 1276 faceret,
1229 1240 1267 1271 et
1279 1240 1334 1279 tu,
1350 1233 1425 1271 illis
1439 1232 1594 1283 judiciis
1610 1233 1722 1269 abro-

265 1293 382 1343 gatis,
397 1294 462 1344 jus
490 1294 655 1331 violasti.
705 1295 914 1333 Decuisset
933 1295 1034 1332 enim
1063 1305 1165 1339 eum,
1196 1294 1229 1331 si
1258 1293 1342 1332 rem'
1361 1294 1508 1344 justam
1528 1306 1611 1331 esse
1631 1305 1722 1330 cen-

264 1355 416 1401 suisset,
436 1355 533 1393 ferre
552 1356 679 1406 legem
706 1355 753 1393 de
773 1356 886 1393 rebus
914 1356 954 1392 in
974 1362 1170 1405 posterum
1199 1355 1353 1401 futuris,
1378 1360 1417 1391 et
1439 1367 1518 1391 non
1543 1354 1583 1391 in
1603 1367 1721 1392 unum

263 1414 370 1452 velut
388 1429 566 1453 acervum
586 1416 768 1464 conjectis
789 1415 928 1453 futuris
948 1428 1036 1453 cum
1056 1415 1272 1466 praeteritis,
1299 1421 1338 1452 et
1355 1415 1508 1452 incertis
1528 1428 1615 1452 cum
1635 1428 1721 1466 per-

264 1474 405 1525 spicuis
427 1475 589 1522 delictis,
621 1476 775 1513 demum
805 1476 1036 1514 sententiam
1065 1476 1228 1514 eandem
1260 1475 1426 1513 scribere
1450 1475 1500 1512 de
1529 1476 1720 1514 omnibus.

264 1535 370 1577 Quid
397 1549 487 1573 vero
515 1536 685 1586 iniquius
714 1549 828 1587 quam
853 1536 955 1574 idem
969 1536 1036 1587 jus
1058 1537 1238 1575 tribuisse
1267 1537 1327 1583 iis,
1353 1536 1419 1586 qui
1442 1537 1609 1574 convicti
1630 1544 1723 1576 sunt

262 1595 367 1646 prius
387 1596 492 1633 laesae
512 1596 749 1647 reipublicae,
772 1604 810 1635 et
830 1597 889 1644 iis,
909 1597 956 1635 de
979 1597 1119 1647 quibus
1139 1598 1246 1636 haud
1272 1605 1438 1645 constat,
1464 1611 1514 1636 an
1543 1598 1722 1637 commis-

261 1656 340 1693 suri
360 1656 437 1694 sint
456 1656 601 1708 aliquid
616 1656 763 1708 judicio
781 1658 1122 1709 persequendum?

315 1718 380 1754 20.
411 1717 509 1755 Inde
536 1717 652 1756 etiam
671 1719 915 1770 perspicitur,
937 1732 1054 1771 quam
1074 1732 1252 1771 perverse
1271 1720 1404 1770 egerit,
1432 1719 1520 1772 lege
1546 1720 1595 1759 de
1621 1735 1720 1772 prae-
1761 1740 1767 1745 ·

257 1777 382 1829 ‘teritis
402 1777 576 1825 ferenda,
598 1779 630 1816 si
656 1780 938 1827 consideretur,
972 1780 1067 1831 quid
1093 1781 1251 1819 tandem
1276 1781 1327 1818 sit
1352 1793 1427 1831 quo
1456 1793 1479 1819 a
1506 1794 1718 1832 paucorum

261 1838 462 1877 dominatu
481 1839 700 1890 respublica
728 1840 1002 1890 distinguatur,
1020 1842 1114 1879 item
1133 1841 1318 1892 quidnam
1346 1841 1407 1887 sit,
1435 1853 1503 1879 cur
1520 1841 1559 1879 hi
1579 1841 1643 1892 qui
1662 1841 1718 1880 le-

259 1899 371 1949 gibus
391 1913 525 1951 parere
544 1901 695 1946 volunt,
711 1902 876 1939 modesti
896 1908 935 1939 et
952 1903 1044 1940 boni
1064 1903 1166 1940 cives
1184 1903 1471 1953 perhibeantur,
1491 1903 1557 1952 qui
1577 1903 1717 1954 eligar-

259 1959 370 2006 chiis,
389 1960 616 1998 effoeminati
635 1968 674 2000 et
697 1962 809 1999 servi.
841 1963 987 2013 Reipsa
1005 1964 1272 2013 comperietur,
1291 1963 1620 2013 expeditissimum
1642 1965 1718 2004 hoc

259 2033 341 2059 esse
358 2035 599 2073 responsum,
620 2023 725 2073 quod
744 2023 784 2060 in
811 2023 1029 2074 oligarchiis
1049 2025 1316 2075 unusquisque
1348 2030 1429 2062 tum
1458 2031 1546 2062 acta
1573 2026 1718 2064 rescin-

259 2080 391 2128 dendi,
411 2090 492 2119 turn
508 2082 556 2120 de
571 2083 711 2120 futuris
723 2096 792 2134 pro
809 2096 879 2121 sua
891 2084 1049 2122 libidine
1066 2084 1261 2123 statuendi
1274 2085 1416 2123 habeat
1429 2086 1717 2125 auctoritatem:

258 2142 362 2193 leges
383 2149 511 2181 autem
540 2144 588 2180 de
616 2143 753 2181 futuris
782 2146 1003 2191 enuncient,
1025 2146 1117 2196 quid
1138 2146 1359 2183 faciendum
1383 2146 1444 2192 sit,
1473 2147 1527 2185 ita
1552 2147 1657 2194 latae,
1676 2154 1719 2187 ut

258 2203 405 2254 populo
435 2205 548 2242 simul
568 2204 683 2242 etiam
712 2218 942 2256 persuasum
972 2207 1022 2243 sit
1040 2207 1258 2257 profuturas
1278 2220 1364 2244 esse
1394 2219 1459 2245 eas
1486 2207 1545 2245 his
1566 2208 1632 2258 qui
1660 2208 1716 2247 eis

258 2264 315 2301 uti
342 2264 475 2302 velint.
509 2265 746 2303 Timocrates
765 2278 856 2304 vero
877 2279 963 2304 cum
993 2267 1030 2304 in
1051 2267 1171 2305 libera
1189 2267 1344 2305 civitate
1364 2267 1473 2318 leges
1494 2269 1620 2314 ferret,
1647 2269 1716 2306 oli-

260 2326 427 2376 garchiae
447 2326 684 2377 iniquitatem
700 2327 739 2364 in
755 2325 863 2366 suam
878 2328 1006 2378 legem
1023 2329 1231 2374 transtulit,
1245 2329 1371 2379 deque
1383 2330 1584 2380 praeteritis
1600 2332 1714 2370 rebus

257 2385 346 2436 plus
367 2386 436 2424 sibi
450 2387 548 2437 juris
564 2389 769 2438 arrogavit,
790 2401 903 2439 quam
920 2389 1073 2440 judices
1088 2390 1294 2428 habuerint
1307 2390 1370 2439 qui
1385 2390 1715 2438 condemnarunt3

258 2457 384 2496 neque
405 2448 441 2484 in
461 2447 535 2484 hoc
555 2448 639 2485 solo
659 2449 869 2487 insolenter
889 2463 975 2488 sese
996 2450 1130 2500 gessit,
1158 2450 1226 2488 sed
1247 2450 1400 2501 scripsit
1419 2451 1547 2496 etiarn,
1573 2453 1602 2489 si
1629 2453 1714 2503 quis

258 2506 296 2543 in
316 2513 511 2557 posterum
540 2521 693 2558 quoque
713 2509 875 2548 vinculis
895 2511 1111 2554 addicatur,
1134 2511 1246 2548 licere
1267 2511 1300 2547 ei
1322 2511 1421 2548 datis
1444 2512 1606 2551 vadibus
1626 2527 1713 2564 pro-

258 2567 440 2613 mittenti,
472 2580 512 2604 se
540 2568 643 2605 bona
676 2569 750 2606 fide
780 2571 1000 2621 reipublicae
1031 2571 1331 2617 satisfacturum,
1362 2583 1516 2610 carcere
1548 2571 1713 2612 liberari.

260 2627 463 2665 Enimvero
483 2627 513 2664 si
545 2628 675 2665 vinciri
702 2642 816 2678 grave
836 2632 1010 2680 putabat,
1032 2631 1227 2668 decuisset
1250 2643 1336 2668 eum
1369 2633 1466 2669 serre
1494 2631 1635 2683 legem,
1664 2647 1712 2671 ne

258 2688 342 2737 quis
363 2688 609 2725 damnaretur
630 2688 804 2734 vinculis,
821 2691 885 2740 qui
904 2691 1022 2728 vades
1043 2691 1227 2736 dedisset,
1250 2705 1327 2729 non
1348 2699 1426 2730 tum
1444 2692 1597 2729 demum
1615 2693 1710 2731 libe-

257 2749 443 2785 rationem
462 2761 529 2798 per
547 2748 665 2786 vades
685 2762 908 2800 proponere,
929 2751 994 2789 ubi
1011 2765 1079 2789 vos
1095 2754 1175 2801 jam
1195 2752 1358 2790 vinculis
1379 2753 1648 2800 damnassetis,
1671 2761 1710 2792 et

255 2808 503 2846 condemnati
541 2808 671 2846 odium
706 2811 990 2860 suscepissetis.
1053 2812 1181 2859 Nunc,
1206 2813 1316 2864 quasi
1345 2820 1571 2858 ostentaret,
1611 2820 1709 2851 tam-

257 2869 328 2904 etsi
357 2869 464 2906 vobis
496 2868 620 2906 visum
647 2869 763 2907 fuerit
795 2870 960 2921 aliquem
991 2873 1136 2919 vinciri,
1165 2887 1251 2912 eum
1281 2887 1321 2912 se
1347 2874 1604 2919 dimissurum,
1634 2873 1708 2912 hoc

258 2927 374 2966 modo
394 2929 520 2980 legem
550 2930 650 2969 tulit.
691 2930 794 2969 Num
815 2931 930 2982 igitur
961 2934 1047 2972 talis
1076 2934 1136 2973 lex
1163 2948 1184 2974 e
1213 2935 1408 2987 republica
1435 2947 1518 2975 esse
1543 2935 1706 2983 videtur,
