1923 3149
552 139 776 178 CONTRA
808 138 1235 177 ANDROTIONENI.
1548 139 1624 173 359

165 241 334 289 misistis,
356 255 441 280 eam
460 255 529 281 vos
558 244 783 295 impetrasse
816 255 962 294 pacem,
983 254 1100 292 quam
1121 240 1309 279 voluistis.
1366 240 1460 278 Jure
1491 239 1622 290 igitur,

163 302 433 347 Athenienses,
468 317 557 342 cum
586 305 625 342 in
654 311 855 354 utramque
888 309 1036 355 partem
1066 303 1237 340 triremes
1262 309 1413 339 tantum
1443 303 1625 340 momenti

161 362 342 411 habeant,
358 364 462 402 hunc
478 367 681 404 terminum
695 366 844 404 senatui
865 364 1067 411 statuistis,
1084 371 1211 401 utrum
1231 363 1262 401 is
1285 364 1424 401 debeat
1445 364 1623 414 accipere

162 425 376 476 praemium,
397 440 532 465 necne.
591 427 692 464 Nam
722 427 753 464 si
775 440 836 464 res
858 432 1004 465 ceteras
1025 437 1158 462 omnes
1179 432 1282 462 recte
1303 425 1625 470 administrasset,

161 499 231 537 per
250 501 348 538 quas
369 495 497 526 autem
513 500 572 525 res
587 487 673 525 illas
695 488 743 525 ab
765 487 870 525 initio
890 492 928 524 et
944 486 1176 537 paravimus,
1197 492 1234 522 et
1253 498 1355 522 nunc
1375 492 1538 531 tuemur,
1557 499 1622 524 eas

163 561 242 586 non
262 548 662 596 fecisset,-triremes
682 549 906 598 inquam—,
929 547 1023 584 nihil
1052 547 1129 584 illae
1163 546 1406 597 prodessent.
1464 548 1624 585 Summa

161 622 287 647 rerum
309 610 411 647 enim
431 610 574 661 populo
594 610 634 646 in
654 609 799 660 primis,
819 615 858 647 et
877 608 1123 647 incolumitas
1144 615 1248 646 sarta
1274 614 1377 645 tecta
1402 609 1626 658 praestanda

162 677 244 708 est:
276 671 346 708 istc
366 679 495 709 autem
512 684 631 721 usque
652 670 749 708 adeo
765 670 880 708 licere
897 670 968 708 sibi
983 670 1174 708 existimat
1194 677 1232 707 et
1253 669 1380 706 dicere
1400 675 1439 706 et
1458 669 1625 707 scribere

162 731 345 781 quicquid
360 732 508 770 libitum
524 732 661 777 fuerit;
691 739 735 769 ut
755 739 944 778 senatum,
964 733 1028 782 qui
1054 738 1093 769 et
1124 731 1262 769 ceteris
1293 731 1331 768 in
1357 731 1471 768 rebus
1502 732 1556 768 ita
1584 745 1625 769 se

162 793 296 842 gessit,
316 799 360 831 ut
380 794 535 840 auditis,
556 800 595 831 et
613 794 787 833 triremes
807 807 885 832 non
905 793 1009 840 fecit,
1029 793 1188 844 praemio
1209 793 1308 831 affici
1327 792 1483 829 decreto
1497 792 1625 843 jusse-

159 853 220 891 rit.
277 855 408 906 Atque
440 855 526 894 haec
555 869 634 895 non
665 869 839 908 pugnare
865 869 954 895 cum
987 856 1086 907 lege,
1117 868 1188 893 nee
1218 855 1298 906 ipse
1331 854 1444 899 dicet,
1465 867 1537 892 nec
1558 868 1624 893 vos

162 915 344 954 credetis.

217 978 255 1015 6.
287 978 365 1016 Sed
385 979 500 1018 audio
527 992 616 1017 eum
646 979 866 1032 hujusmodi
893 979 1078 1030 quiddam
1099 977 1203 1029 apud
1231 990 1300 1015 vos
1321 977 1527 1024 dicturum,
1548 990 1627 1015 non

164 1040 317 1078 stetisse
336 1054 404 1092 per
422 1050 599 1080 senatum
619 1056 696 1093 quo
724 1043 851 1080 minus
886 1042 1059 1080 triremes
1092 1041 1397 1079 conficerentur:
1429 1040 1497 1077 sed
1519 1053 1625 1090 quae-

165 1106 307 1139 storem
332 1103 526 1141 navalium
552 1104 748 1141 fabrorum
777 1105 909 1155 fugam
930 1102 1081 1154 cepisse
1103 1109 1269 1152 quatuor
1288 1101 1443 1139 talentis
1463 1115 1548 1138 cum
1571 1102 1628 1139 di-

162 1163 279 1200 midio
299 1164 453 1211 ablatis,
468 1172 583 1215 atque
598 1166 653 1203 ita
666 1165 928 1202 calamitatem
943 1166 1064 1202 fuisse
1081 1164 1119 1201 in
1134 1176 1269 1201 causa.
1313 1163 1398 1213 Ego
1418 1176 1508 1200 vero
1529 1163 1625 1201 illud

160 1223 285 1273 ipsum
316 1225 494 1270 demiror,
522 1225 703 1276 primum,
723 1226 754 1264 si
786 1225 960 1277 postulat
991 1232 1035 1263 ut
1064 1231 1223 1277 propter
1252 1224 1458 1262 adversum
1489 1238 1625 1263 casum

162 1292 320 1323 senatus
338 1299 481 1324 corona
496 1294 677 1332 ornetur3
709 1300 801 1325 narn
820 1289 934 1326 rebus
953 1300 1137 1338 prospere
1166 1286 1286 1337 gestis
1313 1286 1535 1337 hujusmodi
1555 1287 1625 1324 ho-

161 1359 276 1385 nores
291 1348 423 1398 putavi
440 1361 528 1386 esse
548 1349 788 1401 propositos:
819 1348 962 1387 deinde
975 1348 1072 1386 illud
1085 1348 1201 1386 etiam
1219 1348 1328 1385 vobis
1343 1347 1481 1385 dicam.
1512 1348 1626 1399 Nego

160 1409 424 1461 essejustum,
445 1417 650 1462 utrumque
671 1411 762 1457 dici,
789 1423 868 1449 non
888 1417 1026 1449 contra
1044 1410 1173 1461 legem
1194 1410 1339 1447 donum
1367 1422 1453 1446 esse
1478 1408 1626 1457 datum,

162 1476 201 1507 et
219 1483 296 1508 non
317 1472 472 1509 stetisse
492 1486 559 1523 per
579 1480 756 1510 senatum
776 1485 854 1522 quo
874 1473 1000 1509 minus
1027 1472 1200 1509 triremes
1227 1476 1467 1508 curarentur.
1526 1470 1627 1508 Nam

162 1531 194 1570 si
215 1533 413 1583 praemium
431 1534 582 1572 senatui
603 1534 718 1571 etiam
739 1546 818 1571 non
836 1533 947 1571 factis
967 1532 1187 1570 triremibus
1218 1538 1278 1569 est
1309 1531 1496 1576 dandum,
1512 1544 1628 1581 quor-

163 1606 248 1632 sum
274 1594 369 1632 illud
389 1594 516 1634 dicere
537 1595 688 1642 attinet,
704 1609 771 1646 per
790 1608 904 1646 quem
923 1595 1085 1640 steterit,
1114 1606 1191 1644 quo
1221 1593 1349 1631 minus
1377 1592 1491 1630 factae
1520 1593 1628 1630 sint?

162 1656 205 1693 Si
219 1669 298 1694 non
313 1656 416 1703 licet,
437 1657 502 1707 qui
522 1658 644 1708 magis
667 1657 747 1695 sive
772 1670 841 1709 per
857 1657 975 1703 hunc,
997 1657 1076 1694 sive
1095 1669 1163 1708 per
1185 1655 1302 1693 alium
1329 1654 1491 1701 steterit,
1512 1668 1625 1693 sena-

162 1723 242 1754 tum
260 1718 433 1768 accipere
452 1731 636 1757 coronam
657 1718 810 1757 decuit?
869 1719 1065 1757 Praeterea
1083 1717 1302 1756 istiusmodi
1321 1716 1450 1760 verba,
1471 1722 1516 1753 ut
1536 1716 1626 1754 mihi

161 1780 329 1827 videtur,
356 1781 463 1819 vobis
499 1782 696 1833 optionem
728 1783 836 1828 dant,
864 1788 992 1820 utrum
1027 1781 1256 1819 existimetis
1286 1779 1559 1818 excusationes
1588 1786 1629 1818 et

162 1843 279 1880 verba
297 1843 410 1880 vobis
431 1856 518 1881 esse
549 1845 745 1883 audienda
768 1844 966 1882 hominum
997 1845 1035 1882 in
1068 1857 1136 1882 vos
1166 1843 1405 1893 injuriorum,
1431 1856 1480 1880 an
1505 1855 1624 1881 naves

159 1903 431 1954 possidendas.
488 1905 590 1943 Nam
607 1907 638 1944 si
657 1907 764 1944 vobis
784 1907 857 1944 iste
874 1906 928 1944 ita
949 1906 1176 1952 satisfaciet,
1195 1905 1444 1956 perspicuum
1460 1904 1532 1942 erit
1546 1904 1627 1942 cui-

159 1964 254 2004 libet
273 1966 424 2004 senatui
442 1968 683 2017 probabilem
710 1981 870 2006 causam
890 1981 977 2006 esse
995 1968 1046 2006 ad
1062 1980 1129 2006 vos
1150 1966 1403 2013 afferendam,
1421 1979 1499 2004 non
1518 1966 1626 2004 trire-

159 2038 240 2063 mes
260 2026 484 2072 faciendas3
512 2041 558 2065 eo
578 2035 694 2078 pacto
713 2035 754 2067 et
780 2029 947 2080 pecunia
965 2034 1231 2074 consumetur,
1252 2035 1292 2066 et
1319 2041 1387 2065 vos
1408 2040 1526 2065 naves
1547 2040 1633 2076 non,

158 2087 349 2125 habebitis
367 2101 377 2125 ε
408 2088 441 2126 si
459 2102 563 2136 vero,
582 2097 626 2127 ut
653 2090 716 2128 lex
743 2090 871 2141 jubet,
893 2097 933 2128 et
950 2096 1118 2128 vestrum
1132 2089 1406 2141 jusjurandum
1435 2089 1625 2139 postulat,

162 2148 299 2187 acriter
318 2163 453 2188 omnes
473 2151 630 2190 omnino
651 2165 789 2190 causas
809 2151 1053 2197 sustuleritis,
1073 2157 1113 2189 et
1139 2156 1298 2201 propter
1318 2163 1396 2187 non
1417 2150 1540 2187 factas
1562 2150 1628 2187 tri-

158 2223 282 2249 remes
310 2211 512 2262 praemium
543 2213 789 2263 negaveritis,
823 2226 971 2257 omnes,
1001 2211 1274 2257 Athenienses,
1294 2210 1418 2249 factas
1450 2210 1626 2249 triremes

158 2272 267 2310 vobis
285 2272 454 2319 tradent,
472 2272 537 2310 ubi
556 2272 724 2311 viderint
741 2280 869 2311 cetera
887 2273 1017 2312 omnia
1034 2272 1153 2310 fuisse
1173 2271 1278 2323 apud
1304 2284 1372 2310 vos
1405 2272 1490 2323 lege
1519 2271 1625 2309 infir-

159 2333 294 2372 miora.
351 2333 555 2371 Neminem
578 2342 708 2373 autem
725 2335 940 2373 mortalium
962 2335 1080 2373 alium
1096 2335 1135 2372 in
1155 2347 1275 2372 causa
1289 2346 1387 2379 esse,
1407 2346 1483 2385 quo
1500 2334 1625 2371 minus

160 2394 334 2433 triremes
353 2395 468 2433 factae
483 2394 573 2443 sint,
593 2396 632 2435 id
648 2410 802 2448 quoque
821 2397 1026 2449 perspicue
1041 2395 1261 2435 ostendam.
1320 2395 1488 2434 Senatus
1507 2396 1626 2441 enim,

160 2457 247 2508 lege
265 2457 430 2503 sublata,
446 2457 562 2495 istum
583 2459 654 2498 sibi
673 2466 879 2511 patronum
892 2459 1049 2498 creavit.

215 2521 254 2558 7.
281 2519 370 2557 Jarn
402 2519 508 2570 quod
533 2521 583 2559 ad
612 2521 891 2573 impudicitiam
911 2521 1062 2568 attinet,
1082 2519 1347 2572 respondebit,
1367 2532 1439 2558 nos
1459 2531 1547 2557 esse
1567 2519 1625 2556 in-

153 2580 294 2632 jurios,
312 2587 352 2619 et
368 2580 468 2620 salsa
499 2582 538 2620 in
565 2596 607 2622 se
633 2584 845 2622 maledicta
870 2583 1003 2635 jacere
1025 2582 1100 2621 ait:
1129 2582 1258 2629 nobis,
1278 2582 1309 2620 si
1330 2595 1422 2620 vera
1448 2593 1534 2618 esse
1556 2579 1624 2616 illa

159 2643 456 2691 confideremus,
475 2644 525 2682 ad
545 2644 715 2683 sexviros
731 2645 854 2684 fuisse
865 2644 1115 2696 veniendum,
1129 2649 1173 2682 ut
1187 2643 1238 2682 ibi
1254 2643 1302 2682 de
1315 2642 1418 2680 mille
1432 2640 1622 2679 drachmis

160 2704 479 2756 periclitaremur,
501 2706 532 2744 si
552 2706 780 2745 calumniari
799 2707 1042 2745 videremur:
1073 2719 1178 2744 nunc
1206 2717 1279 2743 nos
1315 2705 1447 2741 fucum
1479 2702 1622 2748 facere,

161 2765 227 2816 qui
259 2766 418 2805 crimina
439 2773 478 2806 et
507 2767 638 2806 inania
656 2768 865 2807 maledicta
891 2767 1176 2818 conquiramus,
1198 2773 1238 2804 et
1255 2777 1324 2803 vos
1345 2762 1622 2809 obtundamus,

162 2827 213 2864 ad
228 2837 329 2878 'quos
349 2840 396 2866 ea
414 2829 585 2879 cognitio
601 2841 679 2866 non
698 2829 905 2880 pertineat.⁴
958 2829 1047 2880 Ego
1061 2840 1151 2867 vero
1171 2838 1326 2872 censeo,
1342 2824 1438 2861 illud
1457 2824 1622 2874 primum

163 2901 250 2927 cum
266 2890 398 2930 animis
412 2892 548 2931 vestris
563 2904 647 2932 esse
665 2892 931 2942 cogitandum,
946 2890 1065 2932 multo
1079 2888 1294 2931 maximum
1311 2899 1397 2926 esse
1416 2886 1624 2925 discrimen
