1923 3149
339 213 410 247 142
660 208 732 245 DE
762 207 1108 246 RHODIORUM
1140 208 1459 248 LIBERTATE.

334 310 531 348 daemoniis
548 310 686 348 referre
705 318 867 362 queant:
897 324 964 349 vos
980 324 1082 362 saepe
1102 311 1266 349 viceritis
1281 311 1430 362 Regem
1449 311 1666 358 Persarum,
1684 311 1775 349 victi

335 384 384 408 ne
398 371 516 409 semel
536 371 689 422 quidem
704 372 784 410 sitis
803 372 861 410 vel
883 385 907 410 a
924 372 1040 410 servis
1057 372 1172 423 Regis
1186 373 1247 410 vel
1267 374 1314 410 ab
1333 372 1397 410 illo
1416 373 1517 423 ipso:
1547 386 1635 411 nam
1656 372 1777 410 sicubi

333 432 494 470 fortasse
513 432 597 470 Rex
611 434 694 471 urbi
713 433 785 471 fuit
804 434 985 484 superior,
1001 441 1066 471 aut
1084 433 1308 471 Graecorum
1336 433 1615 472 scelestissimis
1634 440 1671 471 et
1692 445 1777 483 pro-

334 493 522 532 ditoribus
540 493 638 532 inter
656 507 721 532 eos
742 495 1007 546 largitionibus
1027 496 1214 546 corruptis
1234 502 1301 533 aut
1320 495 1428 532 nulla
1446 495 1520 533 alia
1545 495 1693 533 ratione
1714 507 1777 532 su-

332 554 458 606 perior
476 555 570 600 fuit;
602 568 646 594 ac
671 570 719 594 ne
746 556 785 593 id
809 556 933 607 ipsum
962 556 1112 607 quidem
1146 557 1180 595 ei
1212 556 1377 608 profuit;
1408 556 1652 606 cognoscetis
1679 555 1777 593 enim

333 629 422 654 curn
441 629 508 668 per
521 617 830 655 Lacedaemonios
850 618 950 655 urbis
972 625 1110 655 nostrae
1130 631 1222 669 opes
1237 617 1449 663 minuisset,
1468 617 1595 668 ipsum
1610 630 1633 654 a
1648 616 1779 654 Clear-

331 677 406 716 cho
425 686 464 716 et
484 678 587 729 Cyro
600 678 639 716 in
654 679 761 730 regni
775 680 832 717 sui
852 678 1055 717 discrimen
1069 680 1292 718 adductum.
1350 680 1487 729 Itaque
1511 691 1636 729 neque
1651 677 1780 728 palam

329 739 432 785 vicit,
447 752 571 789 neque
590 740 625 777 ei
652 740 798 778 insidiae
816 740 1053 791 profuerunt.

390 801 450 837 11.
479 800 603 837 Video
617 808 747 839 autem
766 814 790 839 a
807 809 972 839 vestrum
990 802 1219 853 quibusdam
1240 802 1461 853 Philippum
1476 809 1520 840 ut
1539 801 1680 839 nullius
1695 812 1780 850 pre-

332 861 372 898 tii
390 860 582 899 hominem
603 862 746 913 negligi
765 876 881 914 saepe,
898 876 1027 914 regem
1043 871 1170 902 autem
1188 864 1405 910 Persarum,
1431 871 1474 901 ut
1491 870 1685 914 potentem
1709 861 1781 898 ho-

334 928 431 959 stem
449 922 588 972 quibus
604 922 742 960 inferre
762 924 904 962 bellum
925 924 1143 970 instituerit,
1164 925 1371 963 formidari.
1401 925 1518 975 Atqui
1538 925 1569 962 si
1585 937 1656 962 nec
1675 923 1781 960 illum

332 988 377 1019 ut
396 984 722 1021 contemnendum
742 985 985 1031 ulciscemur,
1000 993 1038 1022 et
1052 985 1139 1022 huic
1154 992 1198 1022 ut
1210 986 1440 1024 formidabili
1455 986 1583 1024 omnia
1594 985 1782 1024 concede--

335 1057 437 1090 mus,
458 1045 703 1095 quibuscum,
725 1046 995 1092 Athenienses,
1010 1046 1287 1097 praeliabimur?

392 1107 453 1144 12.
475 1106 696 1144 Suntetiam
711 1107 867 1157 quidam
880 1108 983 1158 apud
996 1120 1066 1144 nos
1077 1108 1114 1144 in
1130 1107 1384 1146 defendendis
1397 1115 1531 1146 contra
1541 1121 1610 1146 vos
1626 1107 1784 1146 aliorum

335 1167 461 1204 causis
492 1167 678 1214 acerrimi,
704 1168 844 1218 quibus
870 1181 943 1219 ego
971 1169 1045 1206 hoc
1079 1168 1201 1206 solum
1234 1170 1429 1214 suaserim,
1459 1176 1503 1207 ut
1528 1175 1697 1207 vestrum
1719 1169 1785 1219 jus

336 1234 474 1266 contra
493 1229 588 1266 alios
617 1229 716 1267 tueri
742 1231 935 1278 studeant,
961 1243 1036 1280 quo
1056 1231 1127 1280 ipsi
1154 1231 1263 1281 primi
1289 1231 1386 1282 juris
1415 1232 1661 1269 observantes
1682 1230 1786 1269 vide-

337 1297 470 1334 antur;
501 1292 709 1329 absurdum
731 1293 831 1330 enim
856 1300 915 1330 est
934 1293 971 1330 in
985 1292 1135 1341 justitia
1164 1306 1251 1330 eum
1282 1306 1457 1331 sermone
1484 1306 1553 1331 vos
1575 1286 1785 1339 instituere,

334 1351 399 1402 qui
420 1365 464 1389 ea
484 1365 570 1403 quae
590 1356 697 1401 justa
716 1360 805 1391 sunt
823 1353 904 1404 ipse
924 1354 1121 1404 negligat:
1152 1354 1336 1405 injustum
1358 1364 1485 1392 autem
1505 1361 1578 1401 est,
1597 1366 1788 1392 accusan-

336 1413 393 1451 dis
408 1414 527 1459 vobis,
548 1427 624 1451 non
642 1415 752 1452 vobis
769 1415 1034 1461 defendendis,
1050 1422 1221 1466 paratum
1241 1429 1286 1454 ac
1300 1416 1527 1454 meditatum
1540 1429 1626 1454 esse
1639 1416 1782 1458 civem;

333 1475 435 1525 agite
454 1488 542 1512 vero
562 1489 629 1526 per
648 1476 752 1514 Deos
771 1476 1024 1523 considerate,
1046 1490 1113 1515 cur
1137 1478 1293 1516 tandem
1314 1479 1489 1530 Byzantii
1512 1491 1625 1516 nemo
1645 1485 1706 1516 est
1723 1477 1787 1528 qui

334 1549 400 1573 eos
421 1543 574 1574 moneat
592 1550 639 1574 ne
660 1537 946 1576 Chalcedonem
969 1539 1188 1590 occupent?
1224 1553 1311 1590 quae
1329 1547 1368 1578 et
1387 1541 1487 1590 regis
1508 1547 1579 1586 est,
1600 1547 1639 1577 et
1657 1546 1787 1577 vestra

337 1597 427 1635 olim
451 1598 535 1642 fuit,
556 1605 596 1635 et
618 1598 725 1636 nullo
752 1600 799 1636 ab
820 1599 875 1636 eis
899 1600 987 1650 jure
1012 1600 1261 1644 vendicatur;
1291 1614 1387 1639 neve
1420 1602 1684 1652 Selymbriam,
1703 1613 1788 1651 quae

336 1659 544 1710 aliquando
573 1660 755 1697 societate
774 1661 971 1699 vobiscum
991 1663 1198 1711 conjuncta
1217 1663 1302 1708 fuit,
1325 1663 1373 1700 ad
1402 1676 1508 1700 suam
1535 1663 1607 1714 ipsi
1631 1663 1788 1711 jurisdi-

335 1722 502 1760 ctionem
516 1721 737 1772 pertrahant
753 1723 937 1760 ethorum
954 1736 1045 1773 agro
1061 1723 1233 1775 Byzantii
1249 1724 1386 1762 limites
1399 1724 1639 1762 constituant
1656 1731 1790 1762 contra

331 1783 602 1834 jusjurandum
625 1790 663 1821 et
687 1784 828 1830 foedus,
857 1785 895 1821 in
915 1797 989 1834 quo
1009 1785 1067 1822 sui
1089 1786 1185 1834 juris
1205 1798 1269 1822 eos
1288 1799 1374 1823 esse
1396 1786 1579 1836 scriptum
1599 1793 1658 1823 est
1675 1785 1691 1822 ’ἶ
1720 1798 1789 1823 cur

333 1846 424 1883 item
444 1858 558 1882 nemo
589 1844 673 1891 fuit,
695 1846 758 1896 qui
787 1846 966 1882 Mausolo
995 1846 1054 1883 vel
1074 1847 1225 1884 vivente
1246 1847 1305 1884 vel
1331 1847 1518 1884 defuncto
1547 1847 1789 1884 Artemisiam

337 1906 524 1950 docuerit,
554 1906 675 1943 Coum
697 1913 736 1943 et
764 1906 946 1944 Rhodum
967 1920 1044 1944 non
1069 1920 1153 1945 esse
1178 1908 1425 1959 occupandas
1448 1915 1565 1958 atque
1593 1907 1686 1946 alias
1707 1908 1789 1959 ejus

337 1968 488 2016 generis
509 1967 681 2005 civitates
712 1967 900 2006 Graecas?
930 1969 1067 2019 quibus
1097 1970 1210 2006 etiam
1243 1970 1327 2008 Rex
1359 1970 1525 2021 ipsorum
1546 1970 1723 2008 dominus
1752 1969 1790 2006 in

337 2028 478 2065 foedere
499 2029 628 2074 cessit,
656 2036 694 2066 et
712 2036 867 2080 propter
895 2043 990 2080 quas
1017 2031 1138 2068 multa
1158 2031 1329 2082 pericula
1349 2039 1387 2069 et
1406 2032 1591 2082 praeclara
1619 2030 1792 2069 certami-

338 2102 389 2126 na
419 2089 570 2127 illorum
598 2097 811 2141 temporum
839 2091 966 2129 Graeci
989 2093 1200 2130 subierunt.
1241 2094 1367 2144 Atque
1394 2100 1436 2130 ut
1452 2094 1615 2130 maxime
1634 2093 1710 2130 sint
1726 2092 1791 2142 qui

335 2151 505 2201 utrisque
524 2151 596 2188 illis
616 2152 699 2189 haec
711 2152 855 2197 dicant,
877 2159 917 2190 at
935 2154 998 2204 qui
1018 2154 1123 2191 hisce
1141 2161 1315 2205 pareant,
1333 2163 1374 2192 ut
1393 2162 1566 2206 apparet,
1583 2167 1660 2192 non
1678 2160 1789 2192 sunt:

337 2226 410 2263 ego
437 2226 526 2251 vero
547 2214 661 2250 etiam
673 2213 824 2264 justum
844 2227 928 2253 esse
949 2228 1101 2261 censeo,
1123 2223 1163 2252 ut
1191 2216 1427 2254 Rhodiorum
1448 2216 1612 2267 populus
1634 2215 1789 2254 restitu-

338 2281 446 2318 atur3
476 2275 516 2311 id
535 2287 626 2311 vero
642 2277 794 2313 tametsi
807 2276 956 2326 justum
976 2291 1053 2315 non
1073 2285 1190 2325 esset,
1210 2291 1297 2316 cum
1312 2292 1398 2328 quae
1413 2280 1474 2316 isti
1489 2284 1611 2329 agunt
1630 2278 1790 2323 intueor,

340 2335 580 2373 suadendum
608 2349 694 2373 esse
715 2337 860 2387 opinor,
887 2345 928 2375 ut
947 2339 1162 2378 reducatur.
1218 2340 1295 2377 Cur
1315 2340 1468 2377 tandem
1489 2339 1555 2376 id?
1585 2339 1789 2385 Quoniam,

340 2396 371 2432 si
391 2409 539 2440 omnes,
563 2397 830 2444 Athenienses,
852 2399 976 2436 colere
993 2401 1178 2449 justitiam
1198 2401 1464 2446 instituissent,
1479 2408 1588 2452 turpe
1609 2402 1706 2438 foret
1723 2414 1792 2439 vos

340 2457 443 2494 solos
459 2459 506 2494 ab
527 2471 573 2494 ca
592 2458 807 2496 abhorrere.
839 2460 936 2497 Cum
955 2474 1044 2499 vero
1061 2461 1187 2498 caeteri
1208 2475 1338 2499 omnes
1357 2462 1408 2499 ita
1427 2475 1466 2499 se
1485 2470 1617 2513 parent
1631 2466 1696 2512 jus
1714 2463 1790 2500 vio-

341 2518 418 2556 lare
437 2526 480 2556 ut
499 2519 660 2569 possint,
674 2520 702 2557 si
719 2521 787 2557 soli
808 2521 900 2558 nihil
921 2530 1155 2573 occupantes
1169 2523 1233 2574 jus
1253 2523 1514 2574 praetendatiS‚
1529 2537 1611 2562 earn
1626 2537 1699 2575 ego
1713 2537 1791 2563 non

338 2579 524 2630 justitiam
547 2581 614 2618 sed
635 2581 822 2631 ignaviam
843 2583 1097 2621 existimarim.

399 2644 459 2680 13.
479 2643 602 2680 Video
616 2651 755 2689 autem,
768 2652 812 2681 ut
824 2645 964 2696 quique
980 2646 1113 2683 armati
1130 2654 1231 2693 sunt,
1247 2647 1299 2684 ita
1314 2648 1503 2685 etiam'eos
1514 2648 1578 2699 jus
1591 2659 1699 2685 suurn
1711 2647 1793 2685 adi-

340 2703 449 2754 pisci,
472 2710 509 2741 et
526 2704 642 2754 hujus
662 2705 714 2742 rei
735 2707 949 2756 exemplum
976 2707 1083 2745 vobis
1104 2708 1280 2745 omnibus
1301 2716 1432 2747 notum
1452 2710 1590 2748 referre
1609 2721 1791 2759 possum:

342 2765 434 2803 Duo
451 2765 600 2803 foedera
618 2765 745 2804 Graeci
761 2779 847 2804 cum
869 2768 975 2819 Rege
993 2768 1195 2806 Persarum
1216 2770 1370 2817 habent,
1387 2785 1432 2809 ea
1449 2784 1534 2822 quae
1554 2776 1686 2808 nostra
1701 2771 1791 2808 urbs

344 2825 447 2871 fecit,
468 2839 554 2875 quae
573 2827 734 2865 universi
765 2828 950 2872 laudant;
981 2837 1019 2868 et
1048 2837 1136 2880 post
1161 2843 1205 2868 ea
1227 2832 1502 2870 Lacedaemonii
1530 2832 1725 2882 deinceps,
1747 2844 1794 2870 ea

345 2887 516 2924 nimirum
535 2901 621 2938 quae
639 2888 818 2940 culpant;
850 2897 966 2940 atque
980 2891 1016 2928 in
1036 2891 1093 2929 his
1115 2905 1190 2930 non
1212 2893 1386 2943 idemjus
1403 2893 1573 2944 utrisque
1593 2893 1792 2930 definitum

342 2956 402 2986 est
417 2961 425 2986 :
441 2962 528 2987 nam
546 2951 681 3000 privati
689 2952 785 2999 juris
801 2953 838 2990 in
854 2953 1128 3004 rebuspublicis
1142 2968 1383 2994 communem
1400 2955 1665 3006 aequalemque
1681 2967 1792 2992 usum
