1923 3149
306 171 381 208 366
684 167 912 206 CONTRA
943 168 1367 207 ANDROTIONEM.

304 273 450 311 Telesti
473 272 762 310 adolescentulo
789 275 946 322 (nomen
974 271 1073 310 enim
1102 284 1178 309 non
1198 271 1394 318 occurrit),
1416 276 1455 308 et
1473 271 1550 308 fere
1572 284 1593 308 a
1611 272 1751 321 quibus

304 334 447 384 exegit,
466 347 516 371 ne
545 334 698 384 singula
715 346 937 384 persequar,
958 332 1061 370 haud
1082 332 1161 370 seio
1181 345 1230 370 an
1259 332 1359 369 ultra
1377 331 1519 369 minam
1540 332 1587 368 ab
1607 332 1685 369 ullo
1704 344 1751 369 ex

304 395 482 432 omnibus
502 395 683 445 exegerit.
733 394 870 432 Utrum
892 394 1006 444 igitur
1024 393 1167 445 putatis
1187 393 1324 430 horum
1350 405 1539 443 quemque
1568 405 1669 442 aegre
1689 400 1750 430 tu-

304 455 405 501 lisse,
424 462 463 493 et
482 455 630 493 hostem
651 456 685 493 ei
703 456 848 493 sactum
868 463 1022 507 propter
1040 455 1223 492 tributum
1243 454 1340 490 illud
1358 467 1367 490 :
1403 466 1451 490 an
1471 454 1586 490 aliurn
1607 466 1752 498 eorum,

304 517 410 571 quod
436 517 544 554 vobis
564 517 738 554 omnibus
759 516 1000 554 audientibus
1031 529 1179 554 servum
1208 529 1295 553 eum
1325 515 1539 565 appellarit,
1566 521 1605 551 et
1633 515 1751 551 servis

302 584 546 628 prognatum,
566 577 670 627 quod
691 591 779 615 eum
801 585 1019 616 sextantem
1044 579 1228 615 bonorum
1257 577 1424 627 pendere
1443 589 1531 614 cum
1558 574 1752 625 inquilinis

303 646 478 691 oportere
505 639 663 675 dixerit:
694 638 822 684 alium,
847 640 951 689 quod
973 653 994 677 e
1026 646 1152 677 scorto
1179 638 1397 688 suscepisse
1428 637 1590 675 liberos:
1622 636 1751 682 alium,

303 699 406 749 quod
435 705 583 749 patrem
619 698 704 748 ejus
732 699 975 749 prostituisse
1003 699 1248 749 pudicitiam:
1287 698 1417 743 alium,
1451 697 1553 747 quod
1591 703 1750 733 matrem

304 760 386 810 ejus
404 765 592 809 quaestum
612 758 751 796 secisse
767 759 880 796 dixit:
903 759 1018 796 alium
1033 772 1230 797 reccnsere
1247 759 1376 808 jussit,
1393 759 1485 808 quid
1505 771 1554 795 ex
1570 757 1751 808 peculatu

303 821 525 858 corraserit:
552 820 590 857 in
607 820 701 857 alios
715 821 787 857 alia
802 820 1124 870 maledictajeeit,
1142 833 1275 857 omnes
1295 820 1460 869 denique
1481 819 1609 856 ordine
1624 818 1752 855 fandis

302 881 546 931 infandisque
583 882 729 932 probris
761 889 800 919 et
833 881 1018 921 ‚conviciis
1052 881 1275 918 lacessivit?
1305 880 1407 917 Nam
1440 893 1512 930 ego
1546 892 1638 916 sane
1673 879 1752 916 scio

302 956 450 988 omnes,
464 943 500 979 in
518 955 613 993 quos
625 942 697 979 iste
713 948 772 980 est
787 942 1062 986 debacchatus,
1078 942 1263 978 tributum
1278 941 1537 978 necessarium
1548 952 1633 977 esse
1649 952 1752 977 sum-

301 1010 410 1054 ptum
448 1003 706 1041 existimasse:
737 1003 806 1040 sed
843 1003 892 1040 ad
922 1016 1009 1040 eum
1039 1002 1195 1039 modum
1215 1001 1487 1038 contumeliam
1513 1001 1583 1038 sibi
1612 1000 1752 1037 factam

302 1078 403 1114 aegre
422 1064 568 1101 tulisse.
609 1063 712 1106 Quin
739 1071 777 1100 et
796 1063 891 1100 illud
910 1064 1003 1109 selo,
1031 1063 1092 1100 isti
1118 1062 1343 1099 mandatum
1365 1062 1482 1099 fuisse
1509 1075 1532 1098 a
1558 1060 1680 1105 vobis,
1711 1067 1755 1097 ut

301 1126 505 1176 pecuniam
538 1126 720 1175 exigeret,
755 1138 833 1162 non
853 1132 896 1162 ut
926 1138 996 1162 sua
1022 1124 1160 1174 cuique
1191 1123 1294 1160 mala
1324 1122 1506 1173 objiceret
1537 1128 1576 1159 et
1614 1134 1753 1172 oppro-

302 1188 442 1224 braret.
488 1187 586 1229 Quae
621 1186 651 1223 si
679 1199 768 1223 vcra
798 1187 967 1232 fuerunt,
992 1185 1157 1224 tacenda
1183 1184 1252 1222 tibi
1282 1183 1624 1227 fuerant‚—multa
1651 1181 1752 1219 enim

303 1248 478 1285 omnibus
499 1248 608 1285 nobis
640 1247 750 1285 aliter
778 1248 973 1292 eveniunt,
1004 1260 1118 1296 quam
1150 1246 1404 1289 vellemus—,
1436 1244 1493 1282 sin
1521 1244 1618 1281 falso
1647 1241 1752 1281 com-

304 1309 570 1355 miniscebare,
591 1322 719 1346 nonne
739 1309 871 1358 quovis
893 1308 1079 1358 supplicio
1100 1307 1241 1357 dignus
1262 1320 1302 1344 es
1320 1306 1335 1342 ?

362 1372 422 1407 18.
452 1370 539 1407 Jam
558 1383 604 1407 cx
629 1369 687 1406 his
713 1383 800 1419 quae
830 1375 1054 1420 sequuntur,
1085 1368 1300 1405 evidentius
1330 1367 1564 1416 intelligetis,
1590 1367 1754 1404 invisum

302 1432 416 1469 istum
436 1444 518 1468 esse
551 1431 743 1475 omnibus,
772 1443 848 1468 non
870 1437 1027 1480 propter
1055 1430 1308 1472 exactionem,
1337 1429 1404 1466 sed
1432 1435 1591 1478 propter
1614 1428 1755 1465 factam

305 1490 468 1541 singulis
499 1490 770 1528 contumeliam
796 1497 835 1527 et
862 1490 1216 1528 debacchationem.
1249 1491 1407 1540 Satyrus
1433 1490 1532 1526 enim
1564 1489 1754 1526 navalium

304 1558 470 1597 curator,
490 1564 567 1588 non
588 1557 734 1601 septem
755 1551 901 1588 talenta
920 1550 1027 1588 vobis
1048 1551 1187 1600 exegit,
1201 1549 1269 1588 sed
1289 1557 1506 1600 quatuorvet
1521 1550 1690 1600 triginta,
1707 1551 1755 1588 ab

300 1613 439 1651 iisdem
458 1613 530 1650 illis
560 1612 791 1661 hominibus,
811 1612 915 1649 unde
935 1619 1174 1650 armamenta
1193 1611 1451 1662 suppeditavit
1479 1612 1642 1648 navibus
1668 1625 1756 1662 quae

303 1674 494 1724 ablegatae
521 1680 622 1711 sunt.
660 1674 748 1717 Qua
777 1674 825 1711 de
847 1687 965 1711 causa
994 1687 1064 1711 nec
1093 1673 1157 1711 ille
1184 1673 1254 1711 sibi
1284 1686 1515 1724 quemquam
1546 1673 1640 1711 dicit
1668 1687 1755 1712 esse

302 1737 513 1781 inimicum,
545 1750 669 1786 neque
689 1750 820 1774 corum
840 1749 862 1773 a
881 1737 1017 1786 quibus
1043 1736 1172 1786 exegit
1203 1736 1280 1780 illc,
1313 1736 1513 1786 quisquam
1546 1735 1579 1772 ei
1609 1735 1755 1772 bellum

304 1798 454 1836 indixit.
494 1798 681 1834 Nimirum
702 1799 745 1846 is,
765 1797 869 1847 quod
889 1797 1110 1834 mandatum
1129 1797 1266 1841 fuerat,
1290 1796 1391 1846 egit:
1421 1803 1460 1834 tu
1481 1809 1570 1833 vero
1588 1802 1665 1833 tuae
1687 1809 1753 1846 pe-

305 1858 476 1897 tulantiae
507 1866 545 1895 et
567 1858 742 1895 audaciae
761 1858 915 1895 lieentia
934 1864 1056 1907 parta,
1084 1857 1257 1894 homines
1289 1857 1504 1908 sumptibus
1536 1856 1754 1906 reipublicae
1798 1889 1801 1891 ,

305 1921 456 1958 collatis
488 1920 711 1965 exhaustos,
744 1925 783 1956 et
809 1926 847 1956 te
878 1919 1068 1964 meliores,
1100 1925 1139 1955 et
1170 1918 1387 1956 melioribus
1421 1924 1521 1955 ortos
1548 1917 1753 1960 natalibus,

304 1982 409 2019 falsis
429 1987 468 2018 et
487 1980 677 2018 atrocibus
697 1980 845 2031 probris
871 1979 1061 2016 incessere
1079 1978 1246 2016 voluisti.
1283 1978 1456 2015 Credent
1475 1978 1590 2027 igitur
1603 1977 1754 2028 judices

304 2049 342 2080 te
359 2043 418 2079 sui
438 2041 564 2079 studio
583 2041 721 2078 fecisse
741 2041 826 2085 ista,
847 2046 886 2077 et
905 2047 982 2076 tuae
997 2039 1246 2089 impudentia:
1267 2046 1305 2076 et
1319 2039 1565 2089 improbitatis
1587 2038 1757 2076 facinora

303 2103 342 2140 in
375 2103 602 2153 semetipsos
622 2101 966 2140 transmovebunt?
997 2101 1118 2137 Immo
1139 2100 1287 2150 aequins
1307 2107 1343 2137 te
1364 2100 1515 2138 oderint
1541 2106 1755 2150 propterea,

305 2177 422 2215 quam
455 2163 751 2202 conservabunt.
815 2161 891 2205 Qui
920 2161 1018 2199 enim
1053 2161 1199 2211 aliquid
1235 2162 1314 2211 agit
1346 2174 1413 2211 pro
1443 2162 1577 2211 repub.
1607 2161 1753 2211 reipub.

305 2238 430 2262 mores
451 2224 587 2261 imitari
607 2223 742 2266 debet:
765 2223 868 2273 quod
889 2223 953 2272 qui
973 2222 1132 2267 faciunt,
1149 2234 1213 2259 eos
1232 2222 1344 2265 tucri,
1362 2222 1629 2266 Athenienses,
1645 2221 1753 2258 istius

304 2291 434 2322 autern
449 2285 588 2323 similes
604 2285 668 2334 qui
685 2290 784 2328 sunt,
798 2283 928 2321 odisse
945 2282 1104 2320 debetis.
1135 2282 1239 2320 Illud
1252 2282 1352 2319 enirn
1367 2282 1574 2320 scientibus
1589 2281 1753 2319 sortasse

303 2347 424 2393 vobis,
457 2346 525 2384 sed
546 2353 674 2383 tamen
694 2345 842 2393 dieam3
874 2345 1162 2395 qualescunque
1198 2343 1315 2381 amari
1347 2355 1369 2380 a
1396 2343 1503 2379 vobis
1539 2349 1579 2379 et
1599 2342 1754 2380 defendi

305 2407 509 2451 constabit,
529 2407 573 2443 iis
594 2406 733 2443 similes
750 2419 834 2443 csse
858 2420 923 2444 vos
943 2406 1145 2456 putabunt.

363 2468 424 2504 19.
456 2467 582 2516 Atque
603 2467 700 2503 adeo
718 2480 805 2503 euin
825 2480 879 2503 aes
899 2467 1068 2503 alienum
1088 2478 1135 2502 ne
1156 2464 1308 2514 quidem
1330 2465 1522 2515 redegisse
1543 2478 1610 2515 pro
1628 2465 1750 2509 vobis,

303 2528 342 2565 id
363 2540 513 2577 quoque
535 2526 662 2563 statim
682 2527 895 2564 ostendam.
926 2527 966 2564 Si
981 2527 1064 2576 quis
1086 2526 1185 2562 enim
1205 2538 1289 2562 eum
1312 2533 1435 2575 roget,
1459 2526 1532 2562 utri
1557 2526 1591 2563 ei
1611 2539 1752 2564 nocen-

304 2591 419 2627 tiores
446 2601 527 2625 esse
547 2587 690 2624 civitati
711 2588 923 2633 videantur,
944 2586 1174 2637 agricoloene
1194 2593 1233 2623 et
1253 2587 1368 2636 parci,
1390 2587 1454 2636 qui
1473 2594 1628 2637 propter
1647 2587 1752 2624 alen-

305 2650 377 2687 dos
397 2650 548 2694 liberos,
578 2656 616 2686 et
641 2648 874 2685 domesticos
903 2655 1094 2698 sumptus,
1116 2655 1155 2684 ct
1179 2647 1253 2684 alia
1283 2661 1441 2685 munera
1471 2648 1586 2693 obita,
1613 2649 1753 2686 tributa

305 2711 579 2748 deseruerunt:
610 2722 656 2746 an
679 2709 741 2758 qui
764 2709 863 2745 ultro
885 2709 1064 2746 collatam
1094 2709 1295 2758 pecuniam
1318 2722 1403 2745 cum
1432 2710 1479 2745 ab
1502 2709 1597 2754 aliis,
1623 2716 1702 2746 tum
1731 2722 1754 2746 a

307 2771 420 2808 sociis
446 2771 620 2808 furantur
639 2776 678 2806 et
697 2769 884 2819 perdunt;
915 2782 990 2806 non
1013 2782 1058 2806 eo
1080 2769 1269 2814 nimirum,
1290 2771 1463 2820 quamvis
1484 2771 1646 2807 frontem
1666 2784 1754 2820 per-

306 2832 484 2876 fricuerit,
506 2830 749 2882 impudentiae
769 2830 909 2875 veniet,
939 2837 981 2867 ut
1000 2830 1115 2875 dicat,
1147 2844 1212 2868 eos
1244 2831 1307 2881 qui
1329 2844 1399 2868 sua
1427 2845 1503 2868 non
1535 2831 1750 2876 conferunt,

306 2907 392 2932 esse
412 2893 651 2931 nocentiores
672 2891 731 2937 iis,
759 2892 822 2942 qni
843 2892 1017 2930 aerarium
1038 2891 1325 2943 depeculautur.
1356 2893 1442 2936 Qua
1462 2892 1575 2943 igitur
1596 2892 1751 2930 tandem
