1923 3149
506 155 560 192 IN
591 154 825 193 PHILIPPI
857 154 1180 194 EPISTOLAM.
1492 156 1559 194 121

126 269 240 307 quam
269 257 391 308 majus
420 270 516 296 onus
539 271 652 308 quam
683 257 867 295 sustinere
898 257 1025 295 valeat
1052 257 1235 307 suscepit,
1266 270 1396 295 omnes
1433 269 1564 294 eorum

126 318 372 356 difficultates
395 320 441 357 ab
462 320 637 357 omnibus
653 319 947 370 conspiciuntur.

178 382 215 417 5.
246 380 361 424 Quod
381 381 412 418 si
427 381 509 431 quis
523 388 705 427 vestrum,
725 379 992 426 Athenienses,
1012 379 1175 431 Philippi
1195 391 1396 417 successus
1416 379 1563 425 videns,

124 440 402 479 formidabilem
417 455 502 479 eum
519 441 720 487 existimat,
740 447 778 478 et
792 449 971 492 superatu
992 440 1198 488 difficilem,
1219 441 1250 478 is
1270 440 1426 491 quidem
1448 441 1566 490 digna

125 501 287 551 sapienti
305 503 386 540 viro
405 502 640 553 providentia
659 502 800 539 utitur:
830 514 970 553 magna
989 502 1089 540 enim
1110 502 1166 539 vis
1193 508 1253 540 est
1275 502 1313 539 in
1336 502 1488 539 fortuna
1515 501 1565 538 ad

125 575 259 601 omnes
279 577 336 602 res
355 563 583 609 mortalium,
603 563 663 600 vel
683 576 727 600 ea
744 563 869 616 potius
889 564 1016 601 omnia
1034 563 1101 600 sibi
1129 564 1304 600 vendicat.
1337 562 1414 600 Sed
1433 561 1564 599 multae

125 630 215 661 sunt
233 637 373 670 causae,
388 630 542 675 propter
556 637 652 674 quas
673 624 807 675 aliquis
824 638 901 663 non
920 625 1054 677 injuria
1071 632 1239 663 nostram
1253 624 1470 662 felicitatem
1486 635 1564 660 non

125 685 247 723 minus
267 699 379 736 quam
406 685 503 723 illius
523 692 647 736 optet:
679 699 701 724 a
721 686 925 737 majoribus
945 687 1044 724 enim
1066 687 1205 724 nostris
1225 685 1343 736 longo
1367 686 1447 735 jam
1468 691 1563 722 tem-

123 760 214 798 pore
232 747 271 785 id
300 747 532 798 accepimus,
553 754 596 785 ut
625 760 703 785 non
722 747 810 785 huic
842 748 980 794 solum,
1006 761 1136 786 verum
1165 746 1356 792 omnibus,
1381 752 1424 783 ut
1446 745 1563 783 verbo

123 809 260 855 dicam,
278 810 518 848 Macedoniae
541 809 693 860 regibus
715 809 940 847 auctoritate
957 810 1246 851 excelleremus;
1278 808 1331 845 illi
1351 806 1562 844 Athenien-

121 871 226 909 sibus
241 871 447 921 vectigales
462 871 628 917 fuerunt,
641 877 772 909 nostra
783 871 914 908 civitas
928 871 1024 908 nulli
1036 883 1205 921 unquam
1217 869 1429 908 hominum.
1460 867 1564 904 Prae-

123 938 229 970 terea
242 939 350 970 tanto
364 933 488 982 plures
503 933 552 970 ad
565 932 872 970 benevolentiam
888 933 1044 971 deorum
1062 932 1248 970 habemus
1261 931 1399 976 aditus,
1419 935 1563 980 quanto

121 993 271 1044 pietatis
292 1001 333 1031 et
343 993 501 1044 justitiae
519 1000 706 1044 perpetuo
725 993 864 1032 fuimus
883 994 1142 1032 studiosiores.
1188 994 1265 1031 Cur
1286 992 1401 1043 igitur
1419 991 1481 1028 ille
1500 1002 1563 1027 su-

121 1056 255 1106 periori
274 1056 376 1093 bello
395 1068 598 1094 successus
619 1056 780 1106 majores
799 1056 944 1102 habuit,
964 1069 1078 1106 quam
1097 1055 1195 1093 nos?
1222 1054 1426 1098 Quoniam,
1444 1052 1562 1089 Athe-

119 1117 426 1162 nienses,-—nam
452 1116 567 1153 libere
586 1117 783 1154 vobiscum
809 1130 986 1166 agam—,
1006 1117 1068 1154 ille
1098 1118 1180 1166 ipse
1214 1115 1363 1160 militat,
1396 1120 1434 1151 et
1465 1126 1562 1150 oeru-

119 1189 229 1214 mnas
248 1177 396 1222 tolerat,
412 1184 451 1214 et
464 1176 601 1228 praeliis
620 1178 792 1223 interest,
806 1191 877 1215 nec
897 1178 1139 1215 occasionem
1154 1176 1369 1227 negligens,
1385 1188 1455 1212 nec
1475 1174 1564 1212 anni

117 1238 237 1275 ullum
256 1244 406 1289 tempus
427 1239 718 1288 praetermittens
734 1251 742 1275 ε
773 1252 841 1276 nos
860 1253 1090 1284 vero,——nec
1109 1239 1209 1276 enim
1229 1238 1479 1276 dissimulabo
1497 1252 1561 1277 ve-

117 1299 397 1346 ritatem,—-hic
419 1300 538 1337 otiose
559 1300 794 1346 desidemus,
814 1307 1040 1340 cunctantes
1061 1314 1220 1351 semper,
1243 1308 1281 1338 et
1295 1301 1561 1346 decernentes,

117 1366 156 1397 et
176 1360 415 1398 sciscitantes
436 1360 474 1396 in
490 1360 583 1406 foro,
602 1361 774 1412 nunquid
791 1361 940 1399 dicatur
955 1362 1057 1399 novi.
1096 1362 1148 1399 At
1166 1362 1256 1412 quid
1276 1362 1399 1412 magis
1421 1375 1561 1400 novum

115 1431 232 1472 queat
246 1435 291 1459 eo
306 1422 400 1468 fieri,
420 1422 523 1472 quod
543 1422 708 1460 Macedo
728 1423 940 1460 contemnit
962 1423 1229 1469 Athenienses,
1254 1430 1292 1461 et
1306 1423 1379 1461 illis
1400 1424 1498 1461 tales
1518 1423 1563 1460 li-

117 1488 218 1520 teras
235 1483 383 1520 mittere
403 1496 479 1520 non
502 1483 667 1529 dubitat,
687 1484 820 1534 quales
841 1484 958 1534 paulo
974 1491 1062 1522 ante
1091 1484 1318 1521 audivistis?
1353 1484 1402 1521 Et
1426 1484 1457 1521 is
1478 1484 1561 1535 qui-

118 1545 205 1583 dem
226 1546 262 1582 in
275 1545 472 1596 procinctu
492 1544 608 1582 habet
622 1546 876 1583 mercenarios
889 1546 1040 1590 milites,
1056 1552 1168 1596 atque
1182 1546 1279 1583 adeo
1297 1545 1561 1583 mediusfidius

118 1612 334 1644 nostrorum
361 1613 554 1643 oratorum
582 1606 785 1656 quosdam,
813 1607 889 1657 qui,
916 1598 1009 1644 dum
1031 1606 1251 1656 largitiones
1277 1607 1379 1644 illius
1408 1606 1563 1643 domum

118 1667 319 1718 recipiunt,
340 1680 416 1704 non
436 1668 668 1705 erubescunt
682 1667 860 1718 Philippo
876 1667 1013 1713 vivere,
1032 1680 1103 1705 nec
1122 1667 1441 1711 animadvertunt,
1467 1681 1507 1705 se
1524 1674 1565 1706 et

118 1730 389 1781 rempublicam
416 1743 567 1767 omnem
588 1737 626 1767 et
646 1743 734 1767 suas
759 1730 925 1780 privatas
950 1743 1042 1781 opes
1069 1729 1207 1779 exiguo
1227 1729 1366 1767 lucello
1385 1729 1564 1767 vendere.

118 1791 201 1829 Nos
221 1805 310 1830 vero
330 1805 454 1842 neque
474 1791 574 1828 ullas
594 1791 627 1829 ei
644 1792 773 1829 turbas
795 1791 1042 1837 concitamus,
1062 1804 1133 1828 nec
1147 1791 1305 1828 militem
1320 1792 1563 1842 peregrinum

116 1852 215 1890 alere
230 1853 420 1898 volumus,
440 1865 513 1890 nec
533 1851 604 1902 ipsi
622 1852 786 1890 militare
805 1853 1004 1890 audemus.
1062 1851 1228 1889 Proinde
1244 1852 1397 1889 minime
1413 1853 1560 1897 mirum,

118 1927 203 1952 eum
225 1915 406 1965 superiori
425 1914 528 1952 bello
549 1914 769 1952 conditione
785 1927 900 1965 quam
919 1926 989 1952 nos
1009 1913 1127 1952 fuisse
1147 1913 1300 1951 meliore
1317 1927 1326 1951 ε
1346 1914 1421 1951 hoc
1436 1914 1562 1964 potius

118 1976 331 2014 mirandum
353 1977 465 2023 foret,
484 1977 514 2013 si
533 1989 615 2022 nos,
636 1976 700 2026 qui
719 1976 810 2013 nihil
829 1976 990 2014 facimus
1010 1976 1115 2026 quod
1133 1975 1320 2013 bellantes
1341 1975 1466 2021 decet,
1492 1989 1562 2025 pu-

118 2042 282 2074 taremus
303 2050 389 2074 eum
413 2043 674 2088 superaturos,
696 2038 761 2087 qui
779 2037 872 2074 nihil
891 2036 1157 2088 praetermittit,
1177 2037 1279 2087 quod
1301 2037 1350 2074 ad
1369 2036 1563 2075 victoriam

117 2097 329 2148 parandam
348 2098 571 2148 requiratur.

170 2159 207 2196 6.
238 2160 511 2205 Quamobrem,
526 2158 793 2204 Athenienses,
809 2159 894 2196 haec
913 2157 1046 2196 animis
1066 2158 1222 2209 infigere
1239 2166 1398 2210 oportet,
1413 2167 1452 2197 et
1463 2161 1563 2211 cogi-

115 2226 255 2265 tantes,
272 2233 318 2257 ne
333 2220 487 2270 quidem
505 2220 544 2257 in
559 2226 684 2257 vestra
695 2232 780 2256 esse
799 2232 929 2265 manu,
944 2226 986 2256 ut
999 2219 1135 2257 dicatis
1152 2233 1219 2257 vos
1231 2233 1365 2271 pacem
1382 2234 1563 2270 agere,—

108 2279 191 2330 jam
207 2281 305 2318 enim
327 2281 388 2318 ille
404 2288 442 2319 et
459 2281 602 2319 bellum
621 2280 767 2323 indixit,
781 2287 819 2318 et
830 2280 954 2331 reipsa
967 2280 1157 2327 intulit—,
1172 2281 1286 2318 nullis
1297 2282 1379 2332 jam
1392 2295 1561 2332 parcere,

115 2355 240 2391 neque
252 2342 427 2392 publicis,
441 2356 564 2393 neque
579 2341 734 2392 privatis
748 2342 882 2392 opibus
897 2356 906 2385 ;
929 2341 997 2379 sed
1008 2355 1152 2387 omnes,
1167 2355 1253 2380 cum
1266 2350 1417 2394 tempus
1429 2351 1560 2394 postu-

116 2402 214 2448 larit,
235 2404 420 2454 promptis
442 2403 575 2441 animis
595 2396 778 2446 militare}
801 2410 839 2441 et
854 2403 1027 2441 meliores
1049 2402 1169 2440 duces
1189 2404 1434 2451 constituere,
1449 2418 1562 2455 quam

117 2463 231 2513 prius.
287 2464 411 2502 Nemo
435 2465 535 2502 enim
554 2471 721 2501 vestrum
747 2463 783 2500 in
805 2477 850 2501 ea
878 2477 961 2501 esse
993 2463 1108 2501 debet
1140 2464 1331 2515 opinione,
1357 2472 1400 2503 ut
1425 2466 1562 2515 quibus

116 2523 326 2561 rationibus
346 2525 436 2562 felix
450 2525 667 2576 reipublicae
689 2531 810 2563 status
824 2525 1078 2564 labefactatus
1098 2531 1170 2571 est,
1185 2536 1254 2576 per
1275 2525 1428 2563 easdem
1449 2526 1486 2563 in
1506 2527 1563 2563 in-

115 2591 266 2635 tegrum
281 2586 407 2623 omnia
422 2587 568 2625 restitui
582 2594 621 2624 et
633 2587 790 2624 meliora
802 2599 916 2636 posse
927 2585 1008 2623 fieri
1022 2592 1151 2637 putet:
1172 2599 1295 2636 neque
1315 2587 1560 2637 sperandum,

116 2646 188 2683 nisi
198 2652 360 2684 veterem
371 2646 559 2697 ignaviam
569 2655 734 2686 vestram
748 2647 973 2699 abjeceritis,
983 2646 1076 2685 alios
1092 2660 1160 2698 pro
1174 2647 1296 2686 salute
1312 2654 1350 2685 et
1363 2648 1561 2685 incolumi-

117 2714 197 2745 tate
213 2715 336 2745 vestra
350 2714 502 2745 strenue
522 2708 781 2747 dimicaturos.
813 2707 1063 2746 Considerate
1080 2709 1220 2759 potius,
1240 2721 1353 2759 quam
1371 2716 1478 2758 turpe
1499 2709 1561 2754 sit,

119 2782 205 2806 curn
225 2769 388 2819 majores
400 2768 514 2806 vestri
531 2769 670 2807 multos
691 2769 840 2808 labores
855 2776 894 2807 et
908 2782 1050 2820 magna
1067 2769 1235 2820 pericula
1248 2769 1444 2807 Laconico
1459 2770 1560 2808 bello

120 2830 380 2877 sustinuerint,
397 2842 464 2868 vos
476 2843 546 2868 nec
562 2843 630 2880 pro
649 2830 722 2877 his,
734 2844 819 2880 quae
833 2831 885 2868 illi
892 2832 977 2881 jure
989 2838 1099 2882 parta
1112 2831 1219 2868 nobis
1233 2830 1479 2880 reliquerunt,
1493 2831 1561 2870 de-

121 2891 322 2930 fendendis
342 2891 487 2930 fortiter
506 2904 674 2942 pugnare
695 2892 816 2930 velle:
847 2899 886 2930 et
905 2905 994 2931 cum
1013 2892 1084 2930 iste
1107 2905 1127 2930 e
1148 2891 1379 2929 Macedonia
1390 2905 1561 2943 prorum-

827 2964 860 2993 Β
