1923 3149
299 159 369 194 188
846 154 916 190 DE
945 152 1180 190 CORONA.

910 313 1116 350 TESTES.

335 406 551 436 Testimonium
584 407 742 446 perhibent
769 406 966 436 Demostheni
986 407 1054 435 vice
1080 405 1208 434 omnium
1229 405 1270 440 hi,
1300 404 1412 434 Callias
1442 404 1610 441 suiliensis,
1641 406 1723 435 Zeno

297 457 470 496 Phi-vensis,
488 457 581 487 Cleon
596 457 767 492 Phalereus,
784 457 966 487 Dcmonicus
980 456 1198 491 Marathonius,
1211 456 1290 494 quod
1303 465 1369 484 cum
1382 455 1591 494 populusolim
1606 456 1728 485 AEschi-

295 518 360 536 nem
386 508 576 547 designasset
593 512 724 536 actorem
749 518 847 536 causa?
872 508 909 536 de
932 507 1044 545 templo
1069 507 1194 535 Deliaco
1214 507 1292 544 apud
1318 505 1557 544 Amphictyonas
1579 506 1726 540 dicendae,

294 568 348 586 nos
365 557 392 586 in
410 568 556 587 consessu
575 558 742 586 assidentes
759 558 951 597 Hyperidem
968 557 1348 596 dignioremjudicavimus
1369 557 1419 596 qui
1435 566 1490 595 pro
1506 557 1630 586 civitate
1645 557 1727 586 dice-

295 612 349 643 ret,
366 614 396 637 et
411 609 521 638 missus
537 614 587 638 est
601 609 790 647 Hyperides.

347 684 409 718 43.
442 683 540 719 Cum
569 682 680 732 igitur
699 682 813 719 istum
833 682 994 720 civitatis
1020 695 1172 720 causam
1190 688 1361 719 acturum
1381 688 1534 719 senatus
1552 680 1726 730 repudia-

294 742 361 785 vit,
383 748 421 779 et
441 743 546 779 alteri
567 742 760 792 negotium
778 743 895 787 dedit,
917 750 1008 780 tunc
1027 750 1066 780 et
1092 743 1318 793 proditorem
1340 749 1378 780 et
1395 742 1582 780 malevolo
1600 742 1635 778 in
1659 754 1725 778 vos

294 814 378 839 esse
397 802 523 839 animo
543 804 814 853 pronuntiavit.
874 804 997 841 Unam
1017 817 1093 841 rem
1113 804 1260 841 habetis
1283 805 1330 840 ab
1359 804 1471 841 heroe
1490 803 1554 840 illo
1574 802 1725 852 publice

294 869 456 912 gestam,
474 863 517 901 iis
537 877 631 913 quas
648 865 684 901 in
700 877 761 901 me
777 864 1019 915 reprehendit
1036 864 1145 902 valde
1172 864 1344 909 similem,
1362 863 1513 901 nonne?
1535 864 1614 913 jam
1635 862 1727 900 alte-

291 936 372 960 ram
404 924 442 960 in
479 925 695 962 memoriam
728 932 915 962 revocate.
971 926 1059 966 Quo
1089 931 1256 974 tempore
1289 924 1485 974 Philippus
1514 923 1727 973 Pythonem

294 984 515 1034 Byzantium
538 986 674 1021 Thebas
693 985 808 1031 misit,
829 992 943 1035 atque
963 987 1010 1022 ab
1030 985 1204 1022 omnibus
1221 984 1332 1020 sociis
1354 984 1431 1020 suis
1451 984 1597 1033 legatos
1619 983 1728 1020 simul

293 1046 500 1083 mittendos
521 1046 678 1092 curavit,
694 1053 875 1094 tanquam
896 1045 1104 1094 ignominia
1129 1043 1332 1081 affecturus
1353 1044 1541 1082 civitatem
1561 1051 1728 1081 nostram

291 1119 453 1156 eamque
480 1107 621 1156 injuste
652 1118 764 1155 agere
794 1111 1028 1149 ostensurus,
1058 1112 1150 1141 tunc
1169 1117 1240 1154 ego
1261 1104 1425 1155 Pythoni
1443 1105 1667 1142 insolentius
1688 1117 1729 1142 se

286 1166 450 1217 jactanti
471 1173 509 1203 et
528 1166 674 1216 ingenti
704 1165 860 1202 flumine
887 1171 1021 1202 contra
1051 1178 1118 1202 vos
1148 1165 1339 1201 invehenti
1368 1178 1443 1202 non
1475 1165 1574 1202 cessi
1606 1177 1728 1214 neque

290 1227 427 1278 pedem
446 1227 569 1272 retuli,
586 1227 652 1264 sed
668 1226 809 1263 surrexi
825 1232 1032 1274 contraque
1053 1225 1142 1270 dixi,
1161 1225 1322 1262 civitatis
1343 1233 1467 1262 autem
1477 1225 1567 1276 jura
1585 1237 1728 1274 nequa-

291 1301 406 1337 quam
432 1287 592 1338 prodidi,
614 1287 682 1324 sed
703 1286 920 1336 Philippum
940 1285 1134 1336 injustitiae
1153 1286 1309 1335 coargui
1340 1299 1462 1334 usque
1492 1286 1587 1323 adeo
1607 1285 1728 1322 mani-

290 1348 398 1394 feste,
418 1355 460 1385 ut
489 1349 559 1398 ipsi
588 1348 687 1385 illius
713 1347 805 1385 socii
831 1347 932 1384 ultro
951 1354 1198 1395 exsurgerent
1216 1358 1259 1383 ac
1276 1346 1508 1384 faterentur:
1539 1354 1578 1384 at
1596 1346 1667 1384 iste
1683 1346 1728 1383 iis

291 1409 550 1458 patrocinatus
567 1416 637 1453 est,
657 1415 696 1446 et
715 1407 971 1446 testimonium
991 1407 1085 1443 dixit
1105 1413 1238 1445 contra
1252 1406 1427 1457 patriam,
1440 1407 1555 1457 idque
1575 1407 1726 1444 falsum.

292 1470 427 1520 Neque
445 1470 528 1507 haec
545 1469 579 1507 ei
600 1470 689 1507 satis
710 1476 830 1513 erant,
851 1468 920 1505 sed
940 1468 1074 1505 iterum
1096 1475 1230 1518 postea
1250 1481 1336 1505 cum
1356 1468 1534 1505 Anaxino
1554 1467 1727 1518 explora-

289 1538 369 1569 tore
394 1532 432 1568 in
449 1532 655 1569 Thrasonis
680 1530 825 1568 aedibus
854 1543 1082 1580 congressus
1103 1529 1408 1580 deprehenditur.
1463 1530 1579 1580 Atqui
1598 1530 1662 1579 qui
1682 1530 1729 1566 ab

290 1592 464 1630 hostibus
496 1593 653 1630 missum
683 1593 934 1641 speculatorem
964 1591 1070 1628 solus
1107 1591 1230 1628 solum
1251 1591 1500 1629 conveniebat
1519 1599 1557 1628 et
1575 1603 1661 1628 cum
1682 1602 1728 1627 eo

291 1667 483 1692 sermones
503 1655 733 1699 conferebat,
754 1654 785 1690 is
801 1653 881 1703 ipse
895 1658 1028 1689 natura
1039 1653 1253 1703 explorator
1272 1652 1467 1703 hostisque
1485 1658 1566 1690 erat
1583 1651 1728 1702 patriae.

291 1715 416 1766 Atque
436 1723 478 1753 ut
495 1728 584 1754 vera
615 1728 675 1752 me
699 1714 782 1751 haec
803 1713 927 1751 dicere
946 1719 1140 1765 appareat,
1161 1714 1325 1752 citentur
1344 1713 1433 1750 mihi
1452 1726 1582 1751 earum
1600 1725 1725 1751 rerum

294 1783 426 1814 testes.

907 1897 1120 1936 TESTES.

336 1982 524 2012 Meledemus
539 1983 659 2013 Cleonis
676 1984 767 2019 filius,
795 1984 970 2024 Hyperides
987 1983 1169 2017 Callaeschri,
1195 1982 1399 2012 Nicomachus
1424 1980 1600 2020 Diophanti,
1621 1980 1728 2010 testifi-

293 2037 398 2061 cantur
423 2034 618 2063 Demostheni
643 2039 673 2063 et
695 2035 891 2072 jurejurando
911 2044 1011 2063 coram
1040 2034 1189 2072 Strategis
1217 2033 1373 2067 affirmant,
1399 2031 1476 2061 scire
1498 2041 1530 2060 se
1553 2030 1728 2060 AEschinem

292 2082 443 2112 Atrometi
461 2085 480 2112 f.
495 2084 694 2113 Cothocidem
711 2089 802 2114 noctu
823 2084 853 2113 in
869 2085 952 2114 aedes
966 2084 1130 2114 Thrasonis
1148 2083 1235 2112 simul
1250 2083 1392 2112 introisse.
1405 2087 1435 2112 et
1451 2091 1606 2111 sermones
1621 2084 1728 2111 contu-

290 2132 364 2161 lisse
381 2143 447 2163 cum
463 2133 610 2169 Anaxino,
629 2135 679 2173 qui
694 2135 870 2173 explorator
884 2134 1003 2164 habitus
1020 2139 1067 2164 est
1088 2145 1105 2163 a
1135 2133 1278 2173 Philippo
1303 2134 1425 2163 missus.
1470 2133 1562 2162 Dicta
1576 2137 1647 2162 sunt
1661 2132 1727 2161 haeo

292 2182 465 2212 testimonia
481 2184 635 2213 Archonte
653 2185 750 2220 Nicia,
765 2185 1032 2216 Hecatombaeonis
1046 2184 1097 2214 die
1110 2184 1214 2214 tertio.

345 2259 409 2293 44.
441 2258 591 2294 Infinita
618 2258 691 2295 alia
710 2271 793 2308 quae
812 2259 859 2296 de
889 2259 960 2296 isto
991 2271 1145 2310 possem
1165 2259 1292 2296 dicere
1311 2257 1571 2308 praetermitto.
1628 2256 1727 2293 Nam

293 2318 342 2355 ad
360 2318 461 2355 hunc
475 2320 551 2356 fere
571 2319 723 2356 modum
745 2333 785 2356 se
804 2320 959 2357 habent.
1014 2320 1145 2357 Multa
1163 2319 1315 2369 quidem
1335 2331 1406 2367 ego
1425 2330 1526 2355 nunc
1545 2323 1727 2368 praeterea

291 2392 443 2430 possem
463 2379 568 2417 vobis
589 2380 803 2425 ostendere,
824 2380 960 2429 quibus
980 2380 1043 2417 ille
1063 2393 1129 2430 per
1155 2392 1200 2416 ea
1225 2385 1398 2428 tempora
1415 2378 1589 2415 hostibus
1610 2378 1726 2415 inser-

290 2440 381 2485 vire,
403 2453 537 2489 meque
552 2440 767 2490 petulantiis
787 2440 961 2478 insectari
976 2446 1190 2489 compertus
1219 2446 1289 2476 est.
1348 2439 1425 2476 Sed
1444 2451 1490 2475 ea
1509 2451 1576 2475 vos
1601 2451 1727 2488 neque

293 2501 491 2550 diligenter
521 2501 710 2537 memoriae
742 2500 933 2537 mandatis
962 2513 1085 2550 neque
1106 2513 1151 2537 ea
1171 2513 1246 2549 qua
1265 2500 1514 2537 conveniebat
1533 2499 1729 2537 iracundia

290 2560 572 2612 prosequimini,
592 2560 683 2610 quin
711 2573 827 2610 prava
847 2561 1011 2611 quadam
1041 2560 1315 2598 consuetudine
1345 2561 1494 2610 plenam
1517 2563 1598 2607 jam
1617 2559 1724 2597 cuili-

292 2624 358 2659 bet
375 2622 565 2659 licentiam
579 2621 801 2671 permisistis
822 2634 907 2658 eum
928 2621 1194 2671 supplantandi
1216 2628 1255 2658 et
1272 2621 1529 2658 calumniandi
1541 2620 1603 2671 qui
1623 2619 1726 2657 dicat

293 2682 436 2732 aliquid
467 2695 487 2719 e
518 2695 556 2719 rc
585 2688 723 2726 vestra,
756 2681 915 2718 civitatis
945 2681 1144 2719 commoda
1173 2694 1258 2719 curn
1294 2681 1484 2732 voluptate
1510 2687 1549 2718 et
1580 2679 1725 2717 deliciis

293 2756 379 2793 quoe
399 2756 445 2780 ex
465 2742 731 2780 maledicentia
750 2742 1009 2792 percipiuntur
1028 2750 1317 2780 commutantes.
1373 2742 1611 2792 Quapropter
1632 2741 1724 2778 saci-

291 2802 364 2840 lius
385 2816 533 2854 semper
553 2809 591 2840 et
609 2803 728 2840 tutius
745 2810 804 2840 est
822 2803 993 2840 hostibus
1018 2803 1283 2841 inservientem
1302 2803 1575 2842 conductitium
1595 2815 1720 2853 agere,

291 2876 401 2912 quam
424 2870 622 2914 susceptas
642 2865 678 2901 in
698 2877 769 2913 rep.
790 2876 857 2915 pro
877 2864 981 2902 vobis
1001 2871 1126 2915 partes
1147 2864 1419 2902 administrare.
