1923 3149
281 218 359 255 404
651 214 875 254 CONTRA
907 215 1352 255 ARISTOCRATEM.

908 388 1117 427 FOEDUS.

285 483 432 521 Videtis
447 494 533 520 eum
552 489 590 520 et
608 482 810 533 vectigalia
823 489 861 520 et
876 481 1044 520 decimas
1061 482 1278 533 postulasse
1298 482 1368 520 sibi
1383 482 1513 533 pendi,
1534 489 1574 520 et
1598 496 1728 521 rursus

282 545 336 582 ita
351 543 488 582 secisse
506 543 636 590 verba,
655 543 763 593 quasi
785 556 854 580 sua
872 550 972 580 esset
991 544 1109 594 regio,
1135 543 1267 581 volens
1287 556 1376 580 suos
1406 543 1642 581 decumanos
1663 543 1730 594 jus

284 613 322 644 et
340 605 533 644 arbitrium
551 603 794 654 vectigalium
811 603 964 650 habere,
982 610 1020 641 et
1039 605 1212 642 obsidem
1232 603 1404 655 Iphiadae
1423 603 1557 649 filium,
1575 616 1688 654 quem
1707 616 1731 641 a

286 666 420 704 Sestiis
441 672 657 716 acceptum,
686 663 935 702 Athenodoro
956 677 996 702 se
1018 665 1245 703 traditurum
1257 669 1419 714 jurarat,
1438 677 1479 703 se
1492 667 1574 713 jam
1594 678 1641 702 ne
1661 664 1733 703 da-

285 734 410 765 turum
439 726 594 777 quidem
624 725 688 763 ait.
731 725 838 775 Cape
867 727 1255 771 senatusconsultum,
1281 726 1387 778 quod
1415 738 1483 763 vos
1515 732 1650 776 postea
1677 726 1732 764 fe-

285 788 402 826 cistis.
446 786 567 836 Lege.

712 910 1306 950 SENATUSCONSULTUM.

288 1007 442 1045 Deinde
467 1019 553 1043 cum
575 1007 612 1043 in
639 1004 838 1042 Thraciam
863 1003 980 1054 legati
1006 1004 1124 1042 nostri
1153 1005 1358 1050 venissent,
1386 1005 1655 1056 Cersobleptes
1685 1005 1734 1042 ad

287 1082 356 1107 nos
376 1069 428 1106 ita
442 1067 584 1111 scribit,
604 1079 727 1117 neque
748 1065 953 1116 quicquam
970 1065 1070 1116 aequi
1089 1065 1287 1117 promittit,
1306 1065 1439 1117 reliqui
1457 1066 1554 1105 haec.
1583 1064 1733 1104 Recita.

870 1211 1154 1252 EPISTOLA.

292 1311 430 1348 Recita
455 1309 570 1346 etiam
591 1321 722 1358 regum
755 1309 898 1354 literas,
925 1314 964 1346 et
981 1306 1219 1345 considerate
1241 1319 1289 1344 an
1321 1305 1415 1344 nihil
1442 1306 1491 1343 de
1518 1305 1624 1344 vobis
1646 1319 1737 1344 con-

289 1372 396 1422 queri
415 1370 628 1409 videantur.

896 1501 1126 1540 LITERAE.

331 1600 410 1649 Δ45.
440 1595 626 1647 Nunquid
646 1596 782 1634 videtis
801 1603 839 1634 et
859 1596 1084 1646 intelligitis,
1109 1595 1378 1639 Athenienses,
1407 1596 1569 1634 hominis
1597 1597 1736 1648 impro-
1783 1644 1789 1649 Ι

291 1659 450 1698 bitatem
479 1664 518 1695 et
547 1656 759 1707 perfidiam,
789 1664 832 1694 ut
861 1670 1010 1695 sursum
1043 1657 1221 1694 deorsum
1248 1656 1552 1706 Cephisodotum
1577 1659 1740 1712 primum

291 1719 438 1771 injuriis
471 1718 634 1769 agitarit,
668 1724 712 1754 ut
741 1730 871 1755 rursus
908 1717 1147 1754 Athenodori
1179 1724 1283 1754 metu
1311 1717 1512 1764 destiterit,
1541 1726 1584 1756 ut
1615 1719 1741 1757 denuo

295 1780 500 1820 Chabriam
527 1778 679 1822 laeserit,
700 1785 744 1815 ut
772 1779 909 1815 iterum
937 1791 1022 1815 curn
1051 1778 1217 1815 Charete
1242 1791 1378 1829 pacem
1406 1778 1559 1822 fecerit;
1589 1793 1741 1818 sursum

293 1841 474 1880 deorsum
506 1840 673 1877 miscens
702 1838 843 1884 omnia,
873 1838 965 1875 nihil
1003 1838 1235 1889 simpliciter,
1268 1838 1360 1875 nihil
1391 1841 1477 1887 jure
1507 1853 1640 1890 agens·
1688 1841 1744 1879 Ut

295 1902 450 1947 deinde,
467 1901 637 1951 quandiu
657 1906 794 1937 vestrae
813 1899 932 1950 copiae
952 1899 990 1935 in
1013 1899 1270 1950 Hellesponto
1289 1899 1462 1945 aderant,
1481 1900 1588 1938 vobis
1608 1913 1742 1939 assen-

294 1963 364 2001 tari
386 1969 426 2000 et
449 1962 579 1999 fucum
608 1960 733 1998 facere
758 1972 952 2010 nunquam
982 1959 1193 1997 destiterit:
1225 1965 1268 1996 ut
1292 1971 1380 1997 cum
1400 1960 1564 2012 primum
1585 1961 1742 2002 Helles-

295 2030 456 2075 pontum
484 2021 654 2059 exercitu
680 2032 842 2058 vacuum
873 2019 978 2064 vidit,
1004 2019 1133 2056 statim
1154 2019 1252 2057 duos
1280 2032 1389 2070 reges
1418 2032 1641 2072 oppugnare
1666 2035 1744 2060 εοε-

293 2085 404 2137 perit,
423 2091 462 2121 et
482 2083 530 2120 dc
551 2081 708 2134 imperio
729 2081 890 2131 dejicere
909 2080 957 2118 sit
975 2086 1151 2127 conatus,
1171 2087 1210 2119 et
1228 2087 1351 2118 totum
1366 2094 1527 2132 regnum
1543 2094 1746 2134 occupare,

295 2149 380 2198 ipso
399 2152 536 2184 eventu
555 2145 729 2188 edoctus,
752 2155 828 2180 non
847 2143 963 2180 licere
983 2143 1053 2181 sibi
1078 2142 1182 2194 prius
1204 2142 1323 2183 ullum
1343 2142 1434 2182 facti
1459 2143 1656 2184 vobiscum
1676 2146 1745 2185 foe-

297 2207 399 2246 deris
417 2213 535 2257 caput
553 2205 706 2250 violare,
727 2217 842 2255 quam
862 2204 932 2242 hos
953 2203 1254 2242 exterminasset.
1294 2203 1409 2248 Quod
1430 2211 1472 2243 ut
1497 2218 1612 2255 quam
1637 2207 1749 2246 facil-⁴

297 2270 385 2307 lime
404 2267 626 2313 conficeret,
644 2266 719 2305 tale
740 2264 942 2303 decretum
963 2277 986 2302 a
1010 2264 1118 2303 vobis
1139 2265 1365 2316 impetrarit,
1384 2278 1474 2316 quo,
1494 2266 1532 2304 id
1559 2267 1664 2318 quod
1687 2268 1745 2308 fa-

297 2337 402 2368 ctum
421 2336 525 2367 esset
538 2328 608 2365 nisi
624 2335 753 2376 nostra
768 2327 994 2364 intercessio
1009 2333 1044 2363 et
1062 2326 1258 2364 accusatio
1273 2325 1503 2371 obstitisset,
1519 2329 1746 2378 comproba—

298 2399 352 2436 to,
381 2391 583 2428 manifesta
604 2390 706 2427 facta
727 2395 829 2426 esset
850 2388 984 2439 injuria
1013 2387 1162 2424 duobus
1190 2387 1359 2437 regibuS‚
1380 2393 1419 2424 et
1439 2387 1589 2424 illorum
1610 2389 1745 2436 duces,

300 2453 455 2495 Bianor,
478 2451 597 2493 Simo,
624 2450 893 2487 Athenodorus
913 2448 1145 2487 calumniam
1167 2460 1215 2485 ex
1234 2460 1280 2485 eo
1309 2449 1647 2488 senatusconsulto
1676 2453 1745 2489 im-

301 2513 533 2564 pendentem
560 2511 823 2554 formidantes,
851 2509 1098 2559 quievissent,
1119 2515 1158 2545 et
1176 2509 1255 2558 ipse
1283 2508 1346 2544 illa
1365 2509 1537 2558 potentia
1555 2510 1687 2556 fretus,
1708 2519 1748 2551 et

301 2574 416 2612 totius
436 2572 542 2621 regni
558 2571 715 2621 potitus,
738 2578 874 2620 potens
890 2569 997 2607 vobis
1017 2568 1194 2606 inimicus
1212 2568 1435 2606 exstitisset.
1473 2568 1601 2608 Habet
1619 2578 1745 2611 autem

302 2634 404 2672 omni
423 2641 592 2683 tempore
613 2638 795 2680 tanquam
818 2643 944 2668 arcem
967 2637 1005 2667 et
1021 2629 1167 2679 asylum
1188 2629 1265 2666 suis
1287 2630 1556 2668 occasionibus
1577 2640 1746 2682 paratam

303 2695 583 2733 Cardianorum
611 2693 757 2736 urbem,
777 2705 891 2741 quam
919 2692 957 2728 in
983 2690 1158 2727 omnibns
1187 2690 1394 2728 foederibus
1422 2691 1492 2728 sibi
1531 2686 1773 2743 exemptam*

300 2757 431 2799 voluit,
452 2768 496 2792 ac
522 2753 684 2803 denique
705 2753 830 2803 palam
857 2766 879 2789 a
905 2752 1011 2799 vobis
1041 2751 1192 2801 eripuit.
1226 2753 1280 2788 At
1303 2751 1376 2789 nisi
1395 2751 1501 2789 vobis
1527 2752 1626 2790 male
1643 2755 1747 2805 cogi-

302 2825 439 2862 tarent,
456 2816 486 2853 si
501 2816 595 2853 citra
612 2827 764 2851 omnem
785 2814 915 2850 fucum
939 2820 978 2850 et
997 2824 1042 2849 ex
1057 2813 1185 2849 animo
1208 2819 1375 2850 vestram
1398 2812 1599 2850 amicitiam
1621 2814 1748 2855 colere

299 2878 570 2920 decrevissent,
587 2887 771 2925 quorsum
788 2874 988 2917 attinebat,
1002 2885 1068 2909 eos
1083 2873 1153 2909 sibi
1170 2873 1372 2910 stationem
1389 2886 1593 2919 reservare,
1615 2875 1663 2912 ad
1679 2890 1746 2916 vos

297 2937 580 2990 oppugnandos
601 2933 888 2987 opportunam?
930 2934 1061 2972 Nostis
1087 2934 1188 2972 enim
1209 2933 1280 2972 hoc
1307 2947 1388 2982 vos,
1412 2934 1475 2984 qui
1504 2934 1580 2973 illic
1609 2935 1747 2984 fuistis,
