1923 3149
171 417 577 459 ARGUMENTUM
605 421 816 459 LIBANII
855 421 910 458 IN
949 418 1296 457 ORATIONEM
1337 418 1622 457 ADVERSUS

502 482 779 520 LEPTINEM
811 482 882 519 DE
915 479 1283 518 IMMUNITATE.

207 576 454 606 Arum-musas
464 577 542 606 bene
555 577 593 606 de
603 577 758 616 republica
766 575 892 606 meritos
905 586 972 605 cum
983 576 1052 605 aliis
1062 576 1153 605 rebus
1165 575 1350 604 honorabant
1360 579 1422 603 tum
1434 574 1625 613 publicorum

166 635 323 655 munerum
348 626 548 657 immunitate.
584 629 654 665 Qua
676 637 744 656 cum
765 626 852 656 multi
868 627 1067 662 donarentur,
1086 630 1115 655 et
1131 626 1183 665 qui
1207 636 1329 655 munera
1345 625 1478 659 obirent,
1493 625 1627 653 defuturi

167 676 361 706 viderentur:
388 678 532 717 Leptines
548 678 736 716 rogationem
755 677 845 706 tulit:
871 688 889 706 n
903 687 920 706 e
945 688 962 716 q
977 687 994 706 u
1006 677 1014 706 i
1026 687 1040 706 s
1069 688 1085 706 e
1097 687 1134 706 ss
1145 681 1183 706 et
1211 677 1258 706 im
1272 687 1299 706 m
1311 686 1328 705 u
1341 675 1401 705 nis
1430 686 1446 704 n
1457 685 1473 704 e
1486 685 1503 703 v
1517 685 1533 704 e
1564 685 1626 714 po-

165 728 262 766 pulo
309 728 345 757 in
389 733 602 766 posterum
647 728 807 758 liceret
846 728 1039 766 cuiquam
1088 727 1396 757 immunitatem
1441 726 1540 755 dare
1587 732 1627 754 et

166 778 355 817 quisquis
387 788 467 808 earn
492 779 692 819 petiisset
721 785 758 809 ut
788 784 976 809 extremo
1010 778 1229 818 supplicio
1258 778 1501 807 alliceretur.
1540 777 1624 806 Huic

164 828 223 868 legi
239 828 478 859 intercesserunt
494 840 562 860 cum
580 830 630 860 alii
647 830 733 869 prius
750 830 846 872 (inter
861 841 938 870 quos
955 830 1045 860 etiam
1065 830 1250 868 Bathippus,
1266 829 1316 867 qui
1334 834 1432 858 tamen
1449 829 1486 857 ab
1503 827 1624 857 actione

162 878 293 915 destitit,
314 879 380 910 sive
395 880 607 920 largitionibus
625 886 800 921 corruptus,
819 881 885 911 sive
910 882 1016 911 morbo
1037 879 1222 919 impeditus)
1241 884 1304 909 tum
1327 890 1405 909 nunc
1423 879 1569 909 Phormio
1595 883 1625 908 et

163 929 342 970 Ctesimms,
358 931 498 961 Chabriae
513 932 604 968 filius,
625 937 655 962 et
671 932 722 962 alii
740 932 864 972 quidam
880 942 947 962 cum
964 932 1014 968 iis,
1030 931 1142 971 quibus
1161 931 1386 961 Demosthenes
1403 930 1626 969 patrocinatum

162 983 208 1010 Ac
223 981 368 1020 Leptines
386 983 528 1014 utilitatis
549 984 619 1013 loco
643 984 811 1023 praevalet:
836 984 1001 1024 praetendit
1022 983 1103 1013 euim
1128 982 1364 1013 necessitatem:
1398 982 1624 1011 Demosthenes

163 1041 236 1061 vero
252 1032 359 1063 nititur
375 1034 502 1063 honesto
519 1038 550 1063 et
561 1036 658 1074 justo.
695 1034 741 1064 Ac
755 1036 839 1074 justo
856 1035 990 1074 quidem,
1005 1034 1088 1073 quod
1111 1043 1229 1072 aequum
1248 1033 1288 1062 sit
1304 1031 1501 1062 benemeritis
1516 1031 1624 1060 referri

163 1084 300 1123 gratiam,
314 1090 344 1115 et
357 1085 469 1124 eosqui
482 1091 566 1115 recte
576 1085 690 1125 aliquid
706 1086 865 1116 consecuti
882 1085 942 1115 siut
956 1095 1013 1114 non
1025 1084 1149 1124 spoliari
1161 1085 1241 1114 datis
1255 1095 1260 1113 :
1279 1084 1405 1113 honesto
1418 1086 1529 1117 autern,
1541 1083 1623 1121 quod

162 1146 230 1165 cum
247 1136 324 1166 alios
339 1136 488 1167 dedeceat
504 1148 540 1167 ea
565 1147 632 1176 quae
656 1137 800 1167 dederint
816 1137 948 1178 eripere,
965 1141 1028 1166 tum
1046 1137 1093 1166 vel
1110 1136 1242 1166 maxime
1259 1134 1477 1169 Athenienses,
1493 1134 1545 1172 qui
1561 1143 1623 1163 ma-

161 1187 321 1225 gnitudine
337 1187 428 1225 animi
455 1188 605 1217 excellere
622 1188 793 1224 videantur,
809 1192 951 1227 tanquam
969 1186 1119 1226 peculiari
1136 1186 1266 1226 quadam
1283 1190 1365 1216 nota.
1403 1185 1560 1214 Praeterea
1575 1195 1624 1213 os-

161 1237 270 1273 tendit,
289 1238 450 1276 Leptinem
467 1239 559 1269 etiam
580 1243 686 1269 contra
708 1239 795 1278 leges
811 1249 877 1268 eam
898 1238 1006 1268 tulisse
1021 1238 1133 1278 legem.
1172 1237 1297 1266 Recitat
1319 1236 1400 1265 enim
1422 1235 1533 1275 legem,
1556 1245 1623 1274 quae

156 1289 245 1327 jubet
260 1288 290 1318 in
308 1289 415 1328 primis
434 1290 581 1328 abrogare
597 1290 697 1329 legem
713 1290 908 1325 contrariam,
925 1294 955 1320 et
972 1294 1034 1319 tum
1048 1289 1170 1320 demum
1187 1289 1266 1318 ferre
1277 1298 1312 1317 ac
1325 1287 1511 1318 substituere
1523 1287 1623 1321 eliam,

160 1343 195 1368 ut
209 1349 246 1369 ne
262 1339 347 1379 leges
362 1339 442 1370 inter
457 1350 526 1370 sese
541 1340 700 1370 eontrariae
715 1339 918 1379 reperiantur.

777 1472 996 1511 ALITER.

196 1559 334 1590 ORATIO
349 1560 387 1589 ad
403 1559 563 1599 Leptinem
580 1560 622 1590 ita
638 1559 825 1596 inscribitur,
841 1561 924 1600 quod
937 1558 1041 1598 elapso
1055 1569 1091 1589 eo
1108 1564 1259 1600 tempore,
1276 1571 1336 1600 quo
1353 1562 1404 1600 qui
1421 1561 1499 1601 legis
1515 1567 1621 1592 auctor

160 1610 270 1640 fuisset
291 1610 413 1649 judicio
436 1615 467 1639 et
490 1621 586 1651 poenae
611 1610 763 1641 obnoxius
785 1616 862 1646 erat,
876 1610 1022 1649 Leptines
1047 1615 1135 1640 extra
1156 1611 1328 1651 periculum
1355 1623 1424 1641 esse
1447 1613 1622 1644 videbatur.

161 1662 250 1691 Unde
278 1663 324 1691 ad
351 1672 367 1691 e
380 1672 398 1692 u
411 1672 451 1696 m,
477 1672 535 1691 non
567 1672 583 1691 c
596 1672 639 1691 on
653 1666 713 1692 tra
737 1672 754 1691 e
767 1672 785 1691 u
798 1673 839 1696 m,
872 1661 1004 1691 orationi
1027 1660 1137 1690 titulus
1169 1665 1228 1690 est.
1268 1662 1490 1701 Argumentum
1520 1667 1622 1693 autem

159 1718 206 1743 est
222 1713 407 1753 hujusmodi.
432 1713 667 1744 Atheniensium
685 1713 805 1743 civitati
821 1713 968 1743 familiare
985 1717 1061 1748 erat,
1077 1723 1145 1743 cum
1159 1713 1266 1751 primis
1279 1713 1398 1743 afficere
1415 1714 1465 1753 qui
1489 1715 1566 1743 bene
1583 1715 1622 1743 de

157 1764 284 1795 civitate
299 1764 482 1795 meruissent
498 1775 590 1805 quum
606 1765 711 1795 multis
727 1770 759 1794 et
777 1764 870 1794 variis
890 1764 1069 1799 honoribus,
1091 1770 1155 1793 tum
1178 1764 1268 1793 etiam
1284 1764 1484 1795 immunitate.
1523 1767 1622 1804 Quam

157 1816 263 1846 multis
279 1820 309 1846 et
324 1816 498 1856 hospitibus
515 1821 545 1845 et
561 1808 686 1845 civibns'
705 1816 894 1850 consecutis,
922 1815 1051 1845 deerant
1071 1814 1124 1853 qui
1149 1825 1274 1845 munera
1298 1815 1428 1845 obirent.
1453 1816 1558 1855 anue
1583 1816 1622 1846 de

158 1877 250 1897 causa
265 1866 409 1897 oneribus
432 1867 463 1896 in
479 1877 630 1906 pauperes
647 1867 710 1896 fere
727 1866 894 1902 inclinatis,
911 1865 1063 1905 Leptines
1080 1875 1158 1895 unus
1184 1876 1223 1895 ex
1243 1866 1486 1905 magistratibus,
1503 1867 1548 1897 vir
1564 1878 1622 1897 uon

157 1918 409 1953 contemnendus,
424 1918 526 1957 legem
541 1917 663 1957 rogavit
677 1918 708 1948 in
725 1918 801 1947 hanc
817 1916 995 1947 sententiam
1009 1928 1015 1946 :

200 1971 254 2001 Ut
292 1970 509 2000 ditissimi
550 1970 704 2010 quique
746 1979 916 1999 munera
956 1970 1121 2004 obeant,
1157 1979 1244 1999 nem
1259 1979 1277 1998 o
1318 1968 1373 1998 sit
1407 1969 1528 2000 immu
1544 1981 1561 2000 n
1576 1970 1624 2006 is,

156 2026 307 2060 praeter
332 2022 455 2052 Harm
469 2022 516 2051 od
530 2022 563 2051 ii
594 2026 634 2051 et
662 2019 976 2060 Aristogitonis
1006 2025 1216 2059 posteros,
1241 2025 1280 2049 et
1311 2030 1453 2050 novem
1486 2021 1622 2059 viros3

158 2083 289 2112 neque
321 2072 358 2101 in
400 2078 623 2112 posterum
657 2074 727 2112 jus
771 2077 866 2102 esto
901 2070 1061 2112 populo
1101 2070 1135 2100 si
1173 2075 1346 2110 petatur
1374 2071 1516 2101 daudae
1554 2073 1620 2103 im-

159 2122 404 2153 munitatis:
444 2124 472 2153 si
503 2122 600 2162 quis
634 2128 766 2154 autem
798 2122 988 2162 petiisse
1028 2122 1253 2152 convictus
1286 2123 1431 2158 fuerit,
1455 2123 1621 2164 ignomi-

158 2175 305 2205 niosus
329 2175 419 2214 ipse
447 2180 554 2210 esto,
578 2179 617 2205 et
643 2185 770 2215 genus
796 2175 891 2212 ejus
916 2178 946 2202 et
969 2172 1156 2209 familia,
1181 2173 1309 2212 isque
1334 2178 1416 2203 tum
1441 2174 1620 2205 violatae

156 2227 259 2266 reip
275 2226 430 2256 ublicae
457 2230 691 2256 accusator
716 2231 790 2256 tum
820 2230 860 2255 ut
886 2224 1059 2255 infamis
1084 2224 1298 2262 defertor;
1321 2225 1434 2264 quod
1462 2225 1495 2255 si
1522 2236 1622 2256 reus

156 2284 415 2319 peragetur,
454 2278 615 2307 easdem
655 2277 772 2307 luito
809 2286 961 2317 poenas,
995 2286 1098 2316 quas
1133 2275 1164 2304 ii
1197 2275 1262 2314 qui
1287 2276 1450 2306 mulcta
1481 2277 1618 2316 reipu-

158 2329 282 2359 blicae
307 2339 382 2359 nou
409 2329 553 2359 soluta
573 2331 640 2368 jus
674 2330 692 2359 d
708 2329 834 2358 icunt.

199 2382 278 2411 Cum
293 2381 386 2420 igitur
400 2381 454 2410 lex
468 2380 513 2410 ita
529 2391 562 2410 se
581 2382 717 2416 haberet,
734 2380 865 2420 primum
882 2379 1054 2419 Bathippus
1072 2378 1233 2419 Leptinem
1251 2380 1424 2418 accusavit;
1449 2380 1547 2420 isque,
1565 2392 1617 2412 an-

156 2439 277 2472 tequam
298 2443 391 2463 causa
403 2432 434 2463 in
449 2433 516 2463 soro
532 2438 686 2473 ageretur,
700 2432 787 2462 obiit.
814 2432 985 2471 Posteaque
1003 2442 1088 2461 mora
1103 2431 1276 2471 interjecta,
1293 2433 1440 2471 Leptines
1455 2433 1554 2464 factus
1571 2440 1620 2465 est

155 2484 318 2514 indemnis.
351 2485 415 2514 Lex
437 2484 518 2514 enim
543 2489 619 2519 erat,
644 2495 712 2523 quae
738 2484 874 2523 juberet,
901 2486 1057 2513 auctorem
1080 2482 1159 2522 legis
1180 2487 1233 2512 aut
1262 2483 1379 2513 decreti
1408 2491 1480 2524 post
1507 2496 1616 2515 annum

157 2547 224 2566 esse
249 2536 431 2565 indemnem.
465 2536 580 2565 Tamen
604 2535 743 2575 quoniam
770 2540 801 2565 et
818 2535 863 2564 sic
883 2545 920 2564 ex
946 2534 1065 2573 legibus
1090 2533 1204 2563 licebat
1228 2544 1384 2569 accusare,
1412 2536 1533 2566 tametsi
1564 2547 1617 2565 au-

156 2593 257 2617 ctores
273 2586 351 2625 legis
374 2587 532 2616 indemnes
548 2592 660 2623 essent,
677 2591 748 2625 post
770 2597 879 2616 annum
896 2586 1053 2615 accusavit
1068 2584 1243 2624 Aphepsio‚
1258 2585 1404 2625 Bathippi
1417 2586 1506 2624 filius,
1523 2588 1617 2618 Phor-

157 2639 256 2668 mione
269 2642 401 2673 oratore,
416 2641 446 2667 et
462 2637 632 2676 Ctesippus
641 2637 782 2667 Chabriae
794 2638 842 2672 F„
855 2637 1062 2666 Demosthene
1073 2635 1235 2666 advocato.
1258 2637 1300 2666 Hi
1312 2636 1408 2675 igitur
1422 2643 1617 2668 accusatores

156 2690 307 2720 actionem
330 2692 435 2718 contra
456 2688 557 2727 legem
573 2687 781 2718 instituerunt.
803 2689 907 2718 Status
923 2686 1085 2725 negotialis
1101 2691 1159 2723 est,
1185 2687 1299 2728 scripto
1325 2693 1467 2718 constans
1485 2699 1491 2716 :
1514 2689 1617 2728 capita

157 2739 303 2771 orationis
318 2742 400 2775 sunt,
416 2737 600 2777 legitimum,
615 2738 699 2774 utile,
711 2740 839 2778 justum.

199 2791 261 2821 Sed
284 2799 413 2819 necesse
436 2793 484 2818 est
497 2788 656 2827 utriusque
672 2790 766 2829 partis
782 2794 959 2829 argumenta
980 2793 1014 2818 ut
1030 2789 1231 2828 explicemus.
1266 2789 1414 2828 Leptines
1439 2789 1533 2828 igitur
1549 2791 1617 2821 utili

156 2842 271 2877 nititur,
294 2841 377 2881 quod
397 2850 450 2870 eos
473 2839 526 2879 qui
548 2850 673 2870 munera
695 2841 806 2870 obeant
833 2840 1017 2880 reipublicae
1041 2845 1208 2879 comparet,
1229 2851 1297 2870 cum
1320 2839 1544 2870 incommodum
1568 2846 1616 2870 est

159 2892 258 2928 vobis,
275 2893 300 2922 si
324 2901 478 2932 pauperes
499 2890 691 2920 solummodo
714 2902 749 2921 ea
766 2892 826 2922 sint
850 2892 962 2923 obituri
978 2903 987 2929 3
1012 2896 1081 2931 post
1097 2891 1283 2930 aliquantum
1302 2891 1378 2919 enim
1405 2891 1551 2929 temporis
1564 2891 1616 2920 de-

158 2944 269 2979 ficient,
286 2949 315 2974 et
331 2949 393 2974 tum
410 2942 464 2982 qui
479 2951 604 2973 munera
620 2942 729 2973 obeant
747 2952 804 2973 non
821 2943 896 2973 estis
912 2943 1064 2973 habituri:
1080 2947 1168 2980 atque
1187 2941 1274 2971 etiam
1284 2943 1376 2979 justo,
1389 2941 1472 2970 nefas
1487 2952 1566 2978 esse,
1583 2948 1615 2973 ut

845 2988 867 3022 2
898 2998 922 3022 ο
