1923 3149
265 193 340 228 334
755 187 974 227 CONTRA
1005 187 1226 227 MIDIAM.

260 305 397 332 censeo
418 291 534 330 modo
554 291 732 342 agitarer,
757 305 975 342 quanquam
998 304 1068 329 nec
1089 291 1256 328 omnium
1278 289 1576 335 desertissimus,
1592 303 1716 341 neque

261 354 372 391 nimis
389 366 532 404 pauper
552 360 666 404 atque
681 355 808 404 inops,
830 354 922 403 quid
942 366 1054 403 agere
1076 352 1252 397 debeam,
1273 351 1542 397 Athenienses,
1562 363 1638 388 non
1661 352 1716 388 in-

261 415 386 452 venio.
436 415 475 451 Si
502 415 593 466 quid
614 415 714 452 enim
734 415 848 453 etiam
869 416 941 453 hac
963 415 1009 452 de
1030 427 1069 451 re
1084 414 1164 465 jam
1199 414 1405 451 dicendum
1439 419 1511 458 est,
1540 426 1615 450 non
1637 413 1717 464 pari

260 477 554 527 aequoquejure‚
568 476 838 520 Athenienses,
849 476 1009 514 vivimus
1023 489 1108 513 cum
1120 475 1312 526 opulentis
1326 488 1395 512 nos
1405 475 1618 512 tenuiores:
1640 487 1715 511 non

261 538 442 581 vivimus3
465 550 538 575 non
558 550 567 575 t
591 537 658 575 sed
679 545 717 575 et
738 537 938 575 dilationes
959 537 1118 575 sistendi
1135 536 1348 587 sejudicio,
1366 549 1462 586 quas
1482 536 1550 586 ipsi
1570 535 1717 578 volunt,

260 600 314 636 eis
334 599 623 642 conceduntur;
655 606 692 635 et
711 599 857 649 injuriae
874 599 1031 636 istorum
1053 598 1237 636 obsoletae
1251 598 1332 648 jam
1353 605 1392 635 ct
1410 597 1560 648 frigidae
1581 598 1629 634 ad
1650 609 1718 634 vos

259 661 497 710 perveniunt.
530 660 609 696 Nos
625 666 751 696 autem
771 660 958 709 reliquum
977 660 1130 710 vulgus,
1148 659 1176 696 si
1197 659 1288 709 quid
1304 659 1479 709 contigit,
1500 658 1717 696 recentibus

262 721 388 759 adhuc
417 722 565 759 delictis
600 720 838 771 injudieium
870 721 1107 759 adducimur.
1146 721 1196 757 Et
1215 727 1332 758 testes
1363 721 1442 758 istis
1468 720 1504 756 in
1540 726 1716 770 promptu

261 790 364 827 sunt,
386 790 423 820 et
453 781 629 819 advocati
661 794 794 818 omnes
830 782 998 831 expediti
1026 788 1159 819 contra
1189 795 1284 819 nos:
1315 781 1404 818 mihi
1428 793 1517 819 vero
1539 793 1609 819 nec
1629 793 1719 817 vera

264 845 396 882 testari
411 844 508 882 velle
524 843 714 894 quosdam
735 843 903 881 cernitis.
1313 871 1325 886 .

318 907 380 942 33.
417 905 466 942 Et
484 905 568 942 haec
594 904 748 955 quidem
776 918 861 942 eum
896 905 1073 957 lacrymis
1101 905 1238 943 dixerit
1271 906 1421 954 aliquis,
1452 906 1600 956 opinor.
1640 905 1717 943 Sed

261 968 384 1017 legem
407 966 498 1003 mihi
518 966 650 1013 recita,
672 966 996 1017 quemadmodum
1018 979 1223 1017 coeperam.
1279 966 1431 1004 Recita.

932 1073 1051 1111 LEX.

296 1161 328 1190 Si
345 1160 413 1200 quis
430 1160 659 1191 Atheniensium
681 1161 718 1190 ab
734 1160 834 1199 a'iquo
848 1160 1016 1200 acceperit,
1034 1166 1084 1190 aut
1099 1160 1165 1200 ipse
1183 1160 1270 1190 alteri
1285 1159 1403 1190 dederit
1417 1171 1425 1197 ;
1439 1166 1489 1189 ant
1503 1158 1650 1198 pollicitis
1666 1159 1720 1189 ali-

262 1223 339 1251 quos
360 1212 543 1251 corruperit,
571 1212 608 1240 ad
626 1212 793 1241 nocendum
809 1212 935 1250 populo,
954 1212 1002 1241 vel
1023 1212 1167 1250 privatim
1192 1211 1284 1241 alicui
1309 1211 1433 1245 civium,
1452 1211 1542 1240 modo
1567 1210 1720 1248 machina-

261 1264 384 1293 tioneve
400 1273 592 1302 quacunque,
608 1262 827 1302 ignominiosus
844 1267 910 1291 esto
927 1267 989 1292 tum
1006 1263 1086 1302 ipse,
1102 1268 1164 1293 tum
1186 1262 1286 1298 liberi,
1303 1267 1365 1291 tum
1383 1261 1528 1300 quicquid
1547 1263 1612 1300 ejus
1627 1265 1684 1290 est.

260 1339 340 1377 Iste
360 1347 486 1377 autem
502 1346 581 1376 tam
597 1346 657 1376 est
674 1339 789 1376 homo
805 1339 939 1389 impius
960 1345 999 1375 et
1020 1337 1203 1388 pollutus,
1224 1344 1262 1375 et
1277 1338 1326 1375 ad
1342 1336 1493 1388 quidvis
1509 1335 1716 1374 dicendum

259 1401 559 1450 faciendumque
579 1407 987 1450 paratus‚—-—verumne
1008 1399 1057 1436 sit
1077 1412 1124 1436 an
1154 1399 1308 1445 falsum,
1330 1398 1494 1436 amicum
1521 1404 1723 1448 oppugnet

262 1475 309 1500 an
338 1461 543 1506 inimicum,
576 1461 614 1498 id
636 1473 757 1511 genus
784 1467 923 1506 cetera,
944 1460 1054 1511 pensi
1081 1460 1172 1498 nihil
1194 1461 1409 1505 habens—,
1432 1466 1474 1496 ut
1500 1472 1577 1504 me,
1604 1472 1718 1509 quem

261 1522 455 1561 homicidii
477 1523 712 1560 erimanatus
739 1521 880 1571 fuerat,
901 1528 1009 1559 tanto
1031 1521 1175 1558 scelere
1196 1522 1361 1570 objecto,
1381 1520 1627 1558 nihilominus
1652 1532 1721 1571 pro

260 1583 418 1622 feliciori
440 1590 598 1621 senatus
618 1583 796 1633 ingressu
827 1596 906 1620 rem
938 1582 1104 1620 divinam
1126 1582 1268 1629 facere,
1288 1589 1325 1620 et
1341 1581 1570 1627 sacrificare,
1601 1589 1640 1620 et
1666 1581 1720 1618 vi-

262 1646 397 1684 ctimas
416 1646 529 1684 ferire
549 1645 678 1683 siverit
695 1658 764 1696 pro
779 1645 887 1683 vobis
905 1651 1064 1695 totaque
1082 1644 1291 1695 republica,
1321 1645 1501 1696 idemque
1526 1656 1604 1681 non
1624 1643 1721 1695 ''pro-

259 1707 438 1753 hibuerit,
460 1720 536 1758 quo
565 1708 691 1744 minus
721 1706 932 1757 spectaculi
960 1706 1152 1757 princeps,
1182 1706 1219 1743 in
1242 1705 1427 1744 honorem
1459 1705 1583 1744 Nemii
1612 1706 1722 1746 Jovis

259 1782 460 1808 commune
497 1782 565 1820 pro
609 1767 805 1819 republica
843 1767 1108 1819 spectaculum
1148 1768 1406 1805 celebrarem:
1456 1773 1721 1819 praetereaque

260 1831 486 1883 permiserit,
518 1838 562 1868 ut
589 1829 768 1868 sacerdos
801 1829 1027 1867 venerandis
1057 1829 1204 1867 deabus
1235 1829 1424 1880 deligeret·
1461 1842 1507 1867 ex
1542 1829 1720 1867 omnibus

260 1892 577 1936 Atheniensibus,
599 1905 686 1930 cum
707 1891 860 1928 duobus
881 1891 1054 1941 eollegiS,
1071 1891 1322 1941 victimasque
1338 1891 1503 1928 ferirem.
1534 1891 1720 1941 Nunquid

262 1955 390 2006 igitur,
411 1954 441 1992 si
457 1959 644 2004 punctum
661 1952 850 1998 duntaxat
868 1958 935 1990 aut
950 1953 1121 1989 umbram
1138 1964 1268 1988 eorum
1285 1965 1370 2002 quae
1390 1952 1428 1988 in
1449 1964 1509 1989 me
1524 1951 1721 1989 maehina-

261 2018 386 2062 batur,
421 2014 628 2053 ostendere
660 2014 864 2065 potuisset,
897 2013 979 2051 haee
1011 2012 1294 2051 concessisset?
1342 2013 1425 2063 Ego
1458 2013 1612 2063 quidem
1643 2027 1721 2052 non

263 2077 407 2128 opinor.
454 2077 587 2126 Itaque
605 2074 664 2112 his
686 2076 799 2113 rebus
827 2074 1027 2113 evidenter
1059 2074 1313 2121 convincitur,
1332 2074 1370 2111 id
1390 2087 1478 2112 eum
1499 2074 1569 2112 sibi
1594 2075 1722 2113 studio

261 2139 457 2184 habuisse,
489 2144 531 2174 ut
557 2150 618 2175 me
646 2150 714 2188 per
742 2136 939 2175 libidinem
968 2143 1007 2174 et
1034 2136 1286 2187 petulantiam
1315 2136 1408 2172 urbe
1437 2136 1602 2186 ejiceret.
1644 2136 1723 2175 Sed

263 2213 351 2238 cum
389 2200 427 2238 id
455 2198 619 2244 facinus,
649 2212 805 2249 quoquo
839 2211 879 2236 se
907 2204 1087 2243 verteret,
1115 2197 1222 2234 nullo
1251 2195 1365 2233 modo
1393 2196 1432 2233 in
1461 2210 1521 2234 me
1552 2197 1721 2235 derivare

263 2268 412 2313 posset,
432 2266 563 2311 aperte
576 2260 671 2311 jam,
697 2272 760 2297 me
786 2259 932 2305 relicto,
949 2258 1216 2296 Aristarchum
1242 2258 1525 2303 criminabatur,
1547 2265 1659 2308 atque
1680 2266 1723 2296 ut

265 2331 390 2361 cetera
410 2329 582 2364 taceam;
614 2328 752 2359 senatu
773 2333 820 2358 ea
840 2320 889 2358 de
909 2333 948 2357 re
969 2326 1107 2358 coacto
1128 2328 1166 2357 et
1186 2320 1433 2364 deliberante,
1455 2319 1527 2356 iste
1543 2332 1722 2369 progres-

267 2397 360 2422 sus:
404 2383 671 2433 ignoratis,
709 2382 844 2432 iuquit,
884 2381 957 2419 rei
995 2381 1293 2426 veritatem,
1334 2381 1634 2419 senatores?
1673 2388 1724 2419 et

266 2459 288 2483 c
303 2459 325 2482 u
343 2457 377 2481 rn
404 2444 428 2480 h
445 2457 466 2481 o
483 2457 518 2480 m
533 2443 543 2480 i
558 2443 640 2481 eid
657 2456 678 2480 a
692 2456 729 2480 m
759 2443 783 2479 h
801 2456 824 2480 a
837 2443 861 2479 b
875 2455 895 2480 e
909 2455 932 2480 a
947 2441 1030 2488 tis,
1057 2441 1318 2479 Aristarchum
1342 2441 1577 2492 intelligens,
1605 2449 1652 2481 te
1665 2456 1722 2480 m-

265 2519 361 2558 pus
404 2505 612 2549 teritis,
654 2510 705 2542 et
750 2503 1068 2553 inquiritis,
1101 2509 1140 2541 et
1166 2515 1337 2552 nugas
1375 2503 1573 2553 agitis?
1623 2517 1722 2542 non

266 2580 376 2606 eum
426 2565 742 2604 occidetis?
783 2578 881 2602 non
926 2565 974 2602 in
1007 2564 1149 2601 aedes
1180 2563 1407 2601 facietis
1441 2564 1724 2615 impetum?

266 2644 291 2667 n
304 2643 326 2667 o
342 2643 366 2666 n
410 2641 431 2666 c
445 2640 467 2665 o
483 2640 518 2663 m
536 2640 561 2677 p
578 2640 594 2664 r
609 2640 628 2664 e
642 2626 666 2663 h
683 2639 703 2663 e
717 2639 739 2663 n
754 2626 777 2663 d
795 2634 838 2663 et
855 2626 864 2662 i
882 2626 930 2663 s?
994 2625 1090 2662 Haec
1136 2625 1290 2662 dicebat
1337 2625 1572 2663 scelerosum
1618 2626 1722 2664 istud

266 2696 397 2741 caput,
426 2695 466 2727 et
493 2687 707 2739 impudens,
739 2701 856 2737 quum
881 2687 999 2738 pridie
1026 2686 1161 2723 suisset
1194 2687 1241 2724 ab
1275 2687 1501 2725 Aristarcho
1527 2701 1720 2738 egressus,

265 2753 394 2802 itaque
414 2751 494 2802 ejus
515 2749 794 2787 consuetudine
822 2756 866 2785 ut
891 2748 988 2789 alius
1018 2747 1206 2798 quispiam
1233 2761 1340 2792 usus,
1363 2762 1481 2799 quum
1511 2749 1588 2795 ille,
1609 2750 1721 2786 rebus

269 2814 347 2850 suis
366 2811 560 2856 secundis,
576 2811 745 2848 omnium
766 2809 947 2847 acerrime
965 2822 986 2846 a
1006 2822 1068 2846 me
1083 2809 1359 2856 contendisset,
1376 2817 1419 2848 ut
1437 2823 1523 2848 cum
1544 2810 1616 2847 isto
1637 2810 1722 2848 red-

266 2874 357 2911 irem
374 2873 409 2910 iu
432 2873 605 2923 gratiam,
628 2878 740 2922 atque
761 2870 1025 2921 transigerem.

323 2937 385 2971 34.
418 2936 513 2976 Quae
546 2933 573 2969 si
608 2933 659 2971 ita
689 2933 855 2978 dicebat,
877 2940 915 2969 ut
947 2932 1210 2971 Aristarchum
1241 2945 1371 2971 eorum
1399 2932 1542 2983 aliquid
1570 2940 1723 2984 propter
