1923 3149
572 174 793 216 CONTRA
826 174 1205 214 TIMOCRATEM.
1535 179 1611 213 4:253

159 287 246 312 eum
269 274 438 316 infamia.
479 278 566 316 Non
600 281 653 318 ita
683 280 933 324 Timocrates,
960 279 1030 316 sed
1061 287 1100 316 et
1130 279 1202 316 hoe
1233 278 1370 323 offecit,
1403 287 1444 317 ut
1475 280 1612 331 simpla

158 337 372 386 solvantur,
396 353 481 390 quae
502 341 622 391 dupla
647 341 742 378 solvi
764 340 1031 384 conveniebat,
1059 353 1180 389 neque
1201 341 1249 377 ad
1277 341 1363 378 hoec
1396 341 1471 378 ulla
1500 355 1613 392 poena.

157 398 373 448 adjiciatur.
432 401 567 452 Neque
595 402 688 439 satis
715 402 849 439 habuit
869 401 1147 451 iniquissimum
1169 402 1293 438 faeere
1318 399 1513 439 decretum
1546 416 1613 452 pro

156 461 202 498 iis
222 463 286 512 qui
310 465 506 514 peccaturi
532 472 674 512 essent,
694 465 765 503 nisi
787 465 900 503 etiam
932 466 980 502 ob
1001 465 1142 502 delicta
1161 465 1242 515 jam
1265 466 1468 503 mulctatos
1491 467 1612 516 poenis

157 525 375 563 exemisset.
423 527 541 577 Atqui
561 540 632 578 ego
652 529 835 578 putabam
856 527 1088 578 legislatoris
1109 527 1146 563 id
1167 540 1254 565 esse
1274 528 1456 574 officium,
1477 530 1612 566 futuris

157 585 206 622 de
227 588 340 625 rebus
360 600 446 637 quae
466 588 545 625 fieri
567 595 755 639 oporteat,
775 596 813 625 et
831 589 961 639 qualia
979 589 1132 639 singula
1151 598 1251 635 esse,
1271 595 1309 626 et
1329 589 1466 639 quibus
1489 591 1611 639 pomis

154 646 310 699 injurias
333 649 504 700 singulas
523 650 690 688 coerceri
711 651 861 694 deceat,
881 649 938 687 bis
959 650 1113 687 demum
1141 650 1188 687 de
1219 651 1331 687 rebus
1362 652 1610 694 constituere,

154 708 281 746 ——lioc
301 710 399 746 enim
420 717 481 747 est
498 710 605 760 leges
621 710 731 755 ferre,
753 723 840 760 quoe
860 712 942 761 pari
963 712 1143 761 oequitate
1164 724 1296 748 omnes
1318 711 1419 749 cives
1439 724 1612 762 eompre-

153 771 400 816 hendant—3
433 774 502 811 sed
528 773 577 811 de
596 774 799 824 praeteritis
817 775 997 819 scribere,
1026 774 1062 811 id
1085 787 1174 811 vero
1196 787 1271 812 non
1293 781 1351 812 est
1370 775 1468 812 ferre
1491 776 1611 825 leges,

151 834 220 871 sed
236 834 364 872 fovere
381 842 581 873 nocentes.
612 836 867 873 Considerate
884 849 973 873 vero
990 836 1027 873 in
1043 836 1126 873 haee
1145 836 1353 881 intuentes,
1366 850 1480 887 quarn
1497 838 1608 888 aequav

152 893 291 932 (licam.
336 896 436 933 Nam
470 897 500 934 si
537 896 727 933 Euctemo
755 896 982 933 violatarum
1010 896 1139 946 legum
1159 896 1365 934 damnatus
1395 905 1511 944 esset,
1532 912 1608 935 nou

152 955 306 994 tulisset
323 957 448 1007 legem
469 959 581 995 istam
601 958 851 1003 Timocrates,
873 970 996 1007 neque
1017 958 1088 995 hac
1105 957 1191 1008 lege
1213 958 1349 998 fuisset
1368 971 1464 1010 opus
1484 959 1610 1011 reipuss

151 1017 279 1064 blicae,
301 1019 369 1056 sed
389 1019 480 1056 satis
501 1019 573 1070 ipsi
594 1019 817 1056 habuissent
849 1019 1030 1069 peculatu
1051 1032 1123 1057 suo
1145 1020 1233 1066 frui,
1253 1021 1438 1071 quicquid
1459 1022 1506 1059 de
1529 1023 1611 1060 aliis

152 1077 260 1116 fieret
277 1091 285 1116 :
317 1093 421 1118 nune
438 1093 526 1117 cum
543 1079 593 1117 sit
611 1080 826 1125 absolutus,
844 1088 1011 1117 vestram
1026 1081 1255 1118 sententiam
1273 1088 1312 1119 et
1324 1082 1459 1133 judicii
1474 1084 1610 1122 suffra-

152 1140 270 1190 gium,
288 1141 531 1192 reliquasque
551 1142 658 1192 leges
677 1141 760 1179 sine
780 1142 1008 1179 auctoritate
1027 1155 1112 1180 esse
1134 1150 1311 1193 oportere
1330 1152 1478 1190 censet,
1499 1158 1607 1183 suam

151 1209 190 1239 et
204 1215 285 1239 suae
300 1202 396 1253 legis
410 1202 679 1240 auctoritatem
693 1216 775 1240 esse
791 1210 970 1254 oportere
985 1216 1179 1253 magnam.
1212 1204 1343 1254 Atqui,
1360 1205 1610 1251 Timocrates,

148 1277 204 1300 eae
225 1264 329 1314 leges
350 1277 445 1314 quas
473 1263 599 1301 firmas
627 1271 667 1301 et
685 1272 789 1302 ratas
810 1264 1011 1311 habemus,
1033 1277 1186 1302 omnem
1207 1278 1315 1302 suam
1336 1266 1608 1305 auctoritatem

147 1325 185 1362 in
205 1325 326 1363 hosce
348 1325 566 1370 conferunt,
580 1324 730 1375 illisque
751 1332 981 1375 potestatem
1002 1325 1110 1369 dant,
1128 1332 1172 1363 ut
1190 1339 1229 1363 re
1251 1326 1395 1373 audita,
1417 1327 1531 1377 quale
1550 1329 1607 1366 fa-

147 1388 258 1426 cinus
273 1387 496 1436 judicarint,
517 1388 585 1425 tali
604 1400 697 1438 erga
726 1393 877 1425 sontem
899 1387 1014 1425 etiam
1035 1388 1089 1425 ira
1109 1395 1437 1435 commoveantur,
1468 1390 1499 1426 si
1527 1403 1607 1428 ma-

149 1464 264 1500 gnam
285 1463 449 1500 magna:
481 1451 539 1487 sin
560 1462 734 1500 parvum,
750 1462 882 1500 parva.
914 1449 1014 1486 Nam
1031 1462 1119 1488 eum
1139 1451 1175 1487 in
1197 1463 1243 1488 eo
1260 1462 1318 1487 res
1334 1459 1406 1495 est,
1427 1457 1470 1488 ut
1489 1453 1606 1489 statui

148 1512 302 1557 debeat,
330 1511 423 1562 quid
453 1511 503 1548 sit
530 1511 592 1548 vel
621 1509 822 1557 luendum,
852 1509 910 1547 vel
943 1510 1187 1558 solvendum,
1215 1510 1420 1549 aestimatio
1447 1511 1605 1550 mulctae

146 1585 264 1624 penes
283 1572 353 1610 hos
374 1579 445 1610 est.

201 1635 264 1672 30.
295 1634 354 1671 Tu
366 1646 457 1671 vero
472 1646 606 1684 poenas
623 1646 824 1685 eor-porum
842 1633 1047 1681 sustulisti,
1062 1634 1225 1672 vinculis
1239 1634 1420 1672 remissis.
1452 1635 1603 1676 Quibus

144 1708 235 1735 vero
254 1695 316 1733 id?
347 1695 520 1739 Furibus,
537 1695 749 1746 sacrilegis,
764 1695 979 1746 parricidis,
994 1695 1215 1742 homicidis,
1235 1696 1518 1742 emansoribus‚
1541 1711 1602 1735 or-

147 1757 279 1794 dinum
300 1756 574 1794 desertoribus.
621 1756 709 1794 Hos
730 1757 829 1794 enim
851 1770 986 1795 omnes
1007 1757 1082 1794 ista
1101 1758 1187 1807 lege
1216 1757 1349 1796 tueris.
1398 1758 1603 1797 Enimvero

145 1818 318 1869 quisquis
345 1818 452 1868 leges
473 1817 600 1854 ferens
622 1818 659 1854 in
679 1818 799 1856 libera
816 1818 984 1864 civitate,
1005 1831 1128 1868 neque
1148 1831 1357 1864 sacrorum,
1385 1831 1510 1869 neque
1532 1832 1602 1871 po-

142 1881 223 1932 puli
247 1880 432 1918 rationem
455 1879 584 1924 habet,
606 1879 676 1916 sed
695 1892 827 1917 eorum
848 1879 1046 1917 hominum
1067 1894 1163 1930 quos
1194 1880 1310 1918 modo
1332 1880 1424 1926 dixi,
1455 1894 1504 1918 an
1524 1895 1601 1919 non

143 1942 317 1979 ultimum
335 1940 564 1992 supplicium
581 1941 699 1991 probe
715 1940 970 1978 commeruit?
1000 1941 1086 1979 Nec
1102 1941 1203 1979 enim
1223 1941 1297 1978 hoc
1318 1941 1421 1979 dicet
1441 1942 1603 1988 scilicet,

141 2004 234 2055 quin
253 2009 295 2040 et
313 2007 501 2052 oporteat,
536 2008 575 2039 et
601 2000 708 2051 leges
733 2002 911 2051 jubeant,
933 2002 1048 2052 hujus
1070 2001 1220 2052 generis
1248 2001 1425 2040 homines
1454 2003 1601 2053 gravis-

141 2065 244 2103 simis
263 2062 391 2115 poenis
411 2062 602 2100 coerceri:
632 2069 698 2099 aut
718 2075 785 2100 eos
807 2062 944 2113 quibus
963 2063 1039 2100 ista
1053 2063 1115 2100 lex
1127 2063 1401 2113 patrocinetur,
1421 2077 1499 2101 non
1517 2077 1601 2102 esse

141 2134 181 2164 et
199 2126 316 2172 fures,
336 2131 375 2163 et
394 2123 618 2173 saerilegOS‚
649 2123 714 2173 qui
736 2135 847 2161 sacra
865 2133 948 2161 tum
968 2124 1138 2161 decimas
1171 2124 1373 2169 Minervae,
1403 2130 1484 2161 tum
1514 2125 1601 2163 reli-

139 2200 301 2239 quorum
323 2186 482 2223 deorum
509 2184 851 2235 quinquagesimas
872 2185 1125 2236 diripuerunt,
1158 2198 1279 2234 eaque
1308 2197 1383 2222 non
1415 2186 1600 2235 reddunt,

139 2249 211 2287 sed
230 2247 302 2300 ipsi
317 2246 505 2291 detinent,
527 2252 567 2283 et
585 2245 744 2296 publica
763 2259 851 2295 quae
867 2245 916 2283 ad
931 2258 999 2283 vos
1018 2246 1278 2296 pertinebant,
1300 2246 1475 2284 suffurati
1492 2256 1597 2287 sunt.

139 2311 269 2349 Tanto
291 2316 421 2347 autem
441 2307 595 2358 gravius
615 2314 675 2346 est
694 2318 824 2344 eorum
842 2307 1099 2358 saerilegium,
1113 2320 1228 2358 quam
1245 2308 1421 2353 aliorum,
1436 2315 1479 2346 ut
1492 2311 1598 2359 quod

139 2372 285 2409 factum
304 2368 488 2420 oportuit,
517 2381 602 2405 eam
635 2366 838 2418 pecuniam
868 2381 1024 2418 prorsus
1055 2368 1093 2404 in
1123 2380 1249 2405 arcem
1279 2380 1355 2405 non
1383 2368 1596 2409 retulerint.

141 2434 270 2477 Quare
291 2431 444 2480 (Jovem
470 2428 693 2481 Olympium
722 2430 858 2476 testor)
879 2428 1051 2480 judiees,
1077 2442 1153 2466 non
1180 2429 1338 2467 fortuito
1367 2430 1597 2470 Androtioni

136 2492 391 2547 petulantiam
420 2491 532 2528 istam
562 2497 601 2528 et
630 2490 868 2528 insolentiam
899 2504 986 2528 esse
1013 2491 1188 2528 obortam
1218 2491 1414 2538 existimo,
1444 2493 1513 2529 sed
1541 2493 1597 2531 ira

139 2557 224 2595 deae
243 2553 440 2597 inflictam,
464 2558 521 2597 ut,
554 2552 882 2602 quemadmodum
911 2551 962 2597 hi,
995 2552 1060 2602 qui
1090 2552 1249 2590 donaria
1277 2553 1447 2591 vietoriae
1478 2567 1598 2593 eausa

138 2621 366 2657 consecrata
384 2612 649 2663 conciderunt,
669 2613 742 2664 ipsi
770 2614 850 2651 suis
876 2613 1053 2650 manibus
1073 2613 1283 2664 perierunt,
1304 2615 1358 2652 sic
1379 2621 1417 2652 et
1435 2615 1494 2652 isti
1515 2616 1596 2652 col-

137 2676 355 2718 lusionibus
377 2673 467 2718 suis,
487 2680 525 2710 et
539 2673 709 2723 judiciis,
730 2688 892 2725 quorum
913 2675 985 2725 ipsi
1003 2675 1266 2713 moderatores
1296 2682 1396 2720 sunt,
1416 2676 1593 2726 perirent,

138 2747 178 2778 et
198 2744 266 2777 aut
295 2735 454 2787 duplum
484 2734 662 2784 pecuniae
683 2735 878 2774 solverent
897 2736 1112 2774 secundum
1132 2737 1253 2787 leges,
1277 2743 1342 2774 aut
1371 2736 1408 2773 in
1433 2750 1594 2776 nervum

136 2802 250 2839 irent.

191 2861 257 2898 31.
286 2858 487 2909 Exponam
526 2862 654 2894 autem
693 2858 816 2903 vobis,
857 2859 950 2908 quid
987 2858 1139 2896 interim
1178 2858 1268 2895 dum
1297 2858 1382 2895 haec
1415 2858 1515 2905 dieo,
1552 2862 1589 2898 in

136 2926 304 2962 mentem
322 2918 413 2958 mihi
433 2918 577 2958 venerit
599 2918 646 2956 de
667 2917 753 2970 lege
773 2919 821 2958 ab
835 2919 908 2957 isto
923 2919 1027 2958 lata:
1058 2919 1267 2958 absurdum
1287 2926 1391 2959 certe
1404 2920 1589 2970 quiddam

460 2980 463 2983 ”
841 2982 862 3017 3
887 2993 913 3017 Κ
