1923 3149
499 187 727 226 CONTRA
759 183 1225 225 ARISTOGITONEM
1259 185 1287 222 1.
1535 186 1614 222 453

169 298 208 328 et
231 302 298 340 pro
328 301 398 327 sua
426 290 560 339 cuique
592 288 748 326 libidine
777 287 929 325 vivendi
958 286 1111 324 licentia
1139 287 1263 331 detur,
1293 298 1369 323 non
1398 285 1614 336 respublica

170 352 359 389 duntaxat
379 351 552 394 intereat,
574 350 642 388 sed
660 349 753 387 nihil
772 349 887 387 etiarn
905 349 1003 386 inter
1023 354 1192 385 nostram
1211 354 1250 385 et
1268 347 1478 386 belluarum
1500 347 1615 384 vitam

171 411 331 449 intersit.
362 411 466 457 Quid
481 411 582 448 enim
599 411 713 448 istum
730 401 854 459 ipsinn
875 408 1064 446 facturum
1081 407 1227 457 putatis
1241 409 1434 457 abrogatis
1454 407 1617 458 legibus,

171 473 235 521 qui
266 472 483 522 vigentibus
512 471 585 508 illis
616 478 675 508 est
703 469 818 507 talis?
855 470 954 508 Cum
983 475 1109 506 autem
1139 469 1178 505 in
1209 469 1388 505 confesso
1420 469 1480 513 sit,
1512 469 1618 518 leges

173 526 345 582 proiime
367 539 406 569 et
425 531 639 569 secundum
671 531 779 575 deos,
808 529 1106 568 conservatrices
1136 541 1220 566 esse
1253 529 1487 579 reipublicae,
1507 529 1619 566 decet

173 605 308 631 omnes
325 606 410 640 vos,
431 592 589 644 perinde
612 605 657 630 ac
681 591 712 630 si
740 591 786 629 ad
809 591 1010 630 collectam
1039 589 1307 641 complendam
1334 589 1533 636 sederetis,
1551 591 1620 627 ob-

173 660 448 705 temperantem
478 653 567 700 illis,
584 660 628 690 ut
645 652 710 702 qui
730 651 863 689 salutis
891 651 1024 701 stipem
1047 651 1145 689 ferat
1176 650 1362 700 integram
1382 650 1528 700 patriae,
1552 650 1619 688 lio-

174 726 308 751 norare
333 721 373 751 et
396 714 566 758 laudare,
597 720 864 750 contumacem
898 711 1046 763 punire.
1104 711 1279 750 Collecta
1306 711 1406 748 enim
1435 710 1554 748 civilis
1584 719 1623 748 ct

174 774 402 820 communis,
423 786 470 811 ea
499 779 589 810 sunt
607 774 748 818 omnia,
769 786 855 824 quae
876 787 922 811 ex
940 773 1211 812 constitutione
1231 773 1360 822 legum
1385 772 1548 823 quisque
1567 772 1622 809 fa-

174 834 310 873 cimus.
341 836 467 877 Quam
487 835 551 885 qui
570 834 745 885 negligit,
764 834 1039 881 Athenienses,
1054 834 1176 871 multa
1190 833 1389 884 praeclara,
1405 832 1622 884 splendida,

174 895 381 946 magnifica
406 895 513 933 vobis
533 895 656 946 eripit,
676 902 715 932 et
733 903 920 945 quantum
946 896 984 934 in
1012 908 1053 934 se
1079 902 1151 942 est,
1182 894 1409 946 pessundat.
1451 893 1623 937 Quorum

175 968 294 993 unum
311 957 428 1007 atque
447 956 622 1001 alterum,
635 969 722 1006 quae
744 956 945 994 notissima
961 956 1070 993 vobis
1091 961 1193 1001 sunt,
1215 954 1375 1005 exempli
1397 954 1521 1004 gratia
1537 967 1625 1004 pro-

174 1016 308 1054 feram.
356 1017 474 1060 Quod
503 1024 659 1054 senatus
684 1017 995 1068 quingentorum,
1024 1023 1179 1067 propter
1205 1015 1374 1054 infirmos
1401 1015 1496 1052 istos
1533 1028 1628 1052 can-

176 1077 313 1124 cellos,
339 1084 487 1116 secreto
517 1077 754 1116 deliberandi
783 1084 1015 1128 potestatem
1047 1078 1177 1122 habet,
1209 1084 1248 1114 et
1275 1075 1379 1126 vulgi
1411 1076 1626 1113 interventu

178 1151 257 1175 non
275 1140 540 1189 perturbatur:
570 1138 674 1189 quod
695 1145 852 1176 senatus
873 1138 1183 1189 Areopagifflcus,
1200 1150 1287 1175 curn
1304 1137 1341 1174 in
1357 1137 1505 1187 porticu
1524 1137 1629 1186 regia

145 1202 147 1204 ’
178 1199 328 1237 sedenti
347 1200 542 1238 funiculus
567 1200 801 1246 obtenditur,
822 1200 1030 1250 tranquillo
1051 1200 1128 1238 otio
1149 1206 1188 1237 et
1202 1198 1406 1236 solitudine
1426 1198 1575 1244 fruitur,
1591 1206 1630 1235 et

178 1273 312 1298 omnes
332 1274 353 1299 e
379 1262 506 1299 medio
527 1261 745 1299 excedunt:
772 1261 874 1311 quod
895 1261 1144 1311 magistratus
1164 1273 1311 1306 omnes,
1330 1273 1427 1310 quos
1446 1259 1471 1296 ii
1489 1267 1630 1310 gerunt

178 1332 200 1356 e
217 1320 323 1359 vobis
338 1320 477 1371 quibus
497 1321 552 1358 illi
572 1322 705 1359 sortito
729 1321 967 1371 obtigerunt,
988 1321 1148 1359 simulac
1167 1320 1337 1358 minister
1357 1333 1423 1359 eos
1445 1333 1465 1357 e
1480 1332 1567 1371 gre
1580 1320 1630 1357 di

177 1380 227 1419 fo
241 1395 259 1419 r
271 1394 294 1420 a
308 1395 326 1420 s
354 1382 526 1434 jusserit,
547 1381 676 1432 legum
698 1389 789 1420 sunt
807 1389 1021 1432 compotes,
1040 1395 1107 1433 per
1127 1395 1223 1433 quas
1239 1381 1445 1420 intromissi
1464 1381 1632 1427 fuerant,

179 1448 221 1480 et
237 1455 316 1480 non
335 1443 649 1494 importunissimi
669 1456 738 1494 per
761 1444 836 1481 vim
866 1449 915 1481 se'
926 1444 1130 1494 ingerunt:
1161 1443 1237 1480 alia
1257 1449 1454 1480 sexcenta.
1489 1443 1632 1480 Omnia

180 1503 346 1555 denique
372 1505 561 1555 praeclara
579 1511 618 1542 et
647 1512 824 1555 augusta,
852 1517 920 1555 per
937 1518 1024 1554 quae
1049 1505 1141 1541 urbs
1162 1511 1200 1541 et
1226 1511 1382 1541 ornatur
1409 1510 1449 1541 et
1474 1515 1631 1541 conser-

178 1571 304 1611 vatur,
335 1565 488 1616 legibus
521 1571 683 1615 accepta
711 1572 804 1602 sunt
831 1565 1044 1603 referenda.
1084 1565 1283 1603 Modestia
1313 1577 1406 1614 erga
1438 1571 1631 1614 parentes,

180 1636 274 1674 erga
292 1631 386 1663 natu
407 1625 570 1676 majores
590 1625 861 1666 adolescentiae
875 1624 1122 1671 verecundia,
1141 1624 1250 1670 ordo,
1268 1624 1482 1675 disciplina,
1500 1625 1632 1676 legum

180 1685 420 1735 adjumento,
437 1686 584 1737 flagitia
599 1693 796 1738 superant,
812 1686 1104 1737 impudentiam,
1119 1686 1335 1732 audaciam,
1354 1692 1631 1737 contemptum.

182 1745 284 1783 Nam
303 1747 504 1785 temeraria
522 1760 583 1786 res
612 1755 673 1785 est
699 1749 934 1798 improbitas,
963 1754 1003 1785 et
1029 1747 1171 1791 audax,
1199 1753 1239 1784 et
1265 1746 1454 1785 violenta:
1483 1755 1632 1795 contra,

180 1806 334 1845 bonitas
354 1808 573 1858 tranquilla,
587 1815 626 1846 et
645 1809 792 1855 timida,
814 1816 853 1846 et
872 1807 996 1854 tarda,
1010 1815 1048 1846 et
1065 1808 1196 1846 damni
1215 1808 1381 1859 patiens.
1413 1809 1540 1859 Leges
1561 1809 1632 1859 igi-

182 1869 244 1904 tur
261 1869 417 1906 tuendae
436 1876 541 1916 sunt,
566 1877 606 1908 et
631 1883 654 1907 a
672 1870 795 1916 vobis,
815 1869 880 1921 qui
901 1883 1053 1920 quoque
1073 1875 1243 1920 tempore
1266 1869 1413 1920 judicia
1431 1870 1634 1916 exercetis,

180 1929 456 1967 confirmandae
470 1930 621 1978 (harum
640 1930 739 1967 eni‘m
768 1930 947 1982 praesidio
974 1931 1066 1968 boni
1085 1936 1173 1968 sunt
1199 1930 1381 1980 improbis
1402 1932 1633 1981 superiores)

182 1990 243 2026 sin
257 1990 397 2037 minus,
417 1991 618 2041 dissipata,
639 1998 783 2041 aperta,
796 1991 961 2029 confusa
977 1998 1068 2029 sunt
1081 1991 1221 2036 onmia,
1237 1991 1275 2028 in
1289 1991 1633 2042 perditissimorum

181 2055 222 2087 et
239 2050 608 2101 improbissimorum
627 2051 767 2089 civium
786 2059 984 2102 potestate
1007 2059 1067 2090 est
1085 2052 1314 2102 respublica.

236 2113 275 2148 7.
304 2112 419 2162 Agite
437 2125 541 2159 vero,
563 2112 678 2150 deum
698 2113 969 2157 immortalem,
996 2113 1027 2150 si
1048 2126 1196 2158 omnes,
1216 2113 1279 2163 qui
1300 2113 1338 2150 in
1357 2114 1451 2151 urbe
1472 2114 1632 2164 degunt,

182 2170 455 2223 Aristogitonis
475 2180 630 2210 sumant
650 2173 853 2211 audaciam
872 2179 988 2222 atque
1017 2173 1309 2223 impudentiam,
1340 2180 1380 2211 et
1407 2174 1461 2211 ita
1488 2182 1531 2211 ut
1560 2176 1633 2213 iste

181 2244 312 2270 secum
332 2233 518 2283 cogitent,
539 2233 654 2272 licere
669 2240 707 2271 et
725 2233 854 2272 dicere
872 2241 910 2271 et
923 2234 1048 2272 facere
1066 2234 1298 2284 aliquamdiu
1314 2235 1497 2285 quicquid
1517 2236 1634 2275 libeat

182 2292 221 2329 in
239 2293 416 2344 populari
434 2294 606 2344 imperio,
626 2301 741 2344 atque
769 2294 793 2331 ii
813 2294 877 2344 qui
903 2294 959 2331 sic
978 2293 1146 2330 animum
1176 2294 1408 2340 induxerint,
1440 2295 1633 2335 existima-

182 2353 326 2390 tionem
345 2367 455 2392 suam
473 2354 688 2404 negligant,
708 2361 747 2392 et
764 2367 876 2392 nemo
895 2355 931 2391 in
951 2354 1030 2391 ullo
1045 2354 1213 2392 facinore
1229 2355 1488 2406 deprehensos
1505 2358 1633 2395 statim

184 2413 360 2457 occidat3
398 2415 431 2451 si
449 2414 563 2465 igitur
582 2415 656 2452 ista
683 2415 845 2465 quisque
873 2415 1030 2465 cogitet,
1050 2423 1089 2453 et
1119 2424 1220 2453 sorte
1240 2429 1317 2454 non
1343 2417 1519 2456 delectus
1545 2431 1634 2456 cum

184 2472 351 2519 delecto,
370 2480 409 2511 et
425 2487 504 2512 non
525 2475 752 2525 designatus
771 2489 858 2513 cum
877 2476 1093 2526 designato,
1119 2475 1252 2514 eadem
1281 2490 1364 2515 esse
1390 2478 1574 2528 dignitate
1595 2486 1633 2517 et

121 2550 126 2552 *
184 2540 376 2583 potestate
403 2535 571 2581 studeat,
600 2537 631 2573 si
660 2536 825 2586 denique
849 2550 927 2574 non
955 2550 1088 2583 senex,
1118 2550 1194 2574 non
1218 2538 1372 2588 juvenis
1395 2539 1518 2576 officio
1546 2540 1632 2576 sun-

185 2601 314 2643 gatur,
338 2594 408 2632 sed
429 2595 530 2632 omni
559 2597 693 2635 ordine
720 2597 921 2648 repudiato
945 2611 966 2634 e
993 2598 1086 2643 vita,
1115 2611 1224 2636 suam
1250 2599 1413 2649 quisque
1435 2600 1631 2636 libidinem

184 2669 255 2706 pro
275 2656 376 2706 lege,
396 2669 465 2706 pro
490 2656 731 2706 magistratu,
759 2671 829 2709 pro
849 2671 998 2696 summa
1016 2672 1141 2696 rerum
1168 2660 1336 2697 omnium
1357 2661 1508 2705 habeat,
1529 2661 1580 2697 ita
1601 2661 1631 2697 si

185 2717 384 2762 faciamus,
404 2716 578 2766 nunquid
602 2718 692 2755 urbs
720 2719 835 2757 incoli
863 2733 975 2771 porro
1005 2720 1168 2771 poterit?
1203 2720 1388 2769 Nunquid
1413 2720 1493 2757 ulla
1518 2733 1631 2770 porro

185 2778 314 2815 futura
326 2784 387 2815 est
400 2777 530 2827 legum
545 2779 775 2816 auctoritas?
796 2781 990 2822 Quantum
1006 2789 1132 2819 autem
1148 2781 1337 2818 violentiae
1350 2788 1390 2817 et
1404 2781 1631 2826 insolentiae,

185 2845 225 2874 et
242 2838 465 2887 iniquitatis,
487 2844 525 2875 et
553 2838 809 2876 conviciorum
833 2842 1003 2890 quotidie
1032 2843 1111 2879 fore
1130 2841 1287 2892 putatis,
1315 2841 1400 2878 loco
1432 2842 1514 2891 ejus
1544 2856 1630 2891 quae

188 2910 290 2936 nunc
311 2906 383 2947 est,
403 2898 693 2949 tranquillitatis
713 2907 752 2938 et
772 2900 1014 2952 disciplinae?
1044 2903 1096 2940 Et
1118 2915 1299 2952 quorsum
1327 2902 1451 2940 dicere
1480 2904 1630 2948 attinet,
