1923 3149
282 117 352 151 170
838 115 909 151 DE
938 114 1181 152 CORONA.

278 215 407 266 pedire
441 222 566 253 autem
586 222 626 254 et
655 215 829 268 Philippo
848 225 888 255 et
908 217 1168 255 phocensibus
1187 222 1226 254 et
1245 215 1352 253 vobis
1376 216 1513 267 pariter
1539 215 1715 253 omnibus

278 283 433 327 stupore
452 283 491 314 et
507 276 791 328 importunitate
811 277 1078 315 Thebanorum
1095 276 1255 314 liberari.
1286 276 1405 314 Hisce
1421 276 1578 327 quidam
1595 275 1717 313 liben-

278 345 334 375 ter
353 343 445 375 tunc
466 350 575 375 aures
603 338 851 375 advertebant
879 344 1032 388 propter
1059 336 1188 373 odium
1209 336 1302 373 illud
1322 336 1359 372 in
1380 336 1584 373 Thebanos
1614 335 1717 386 quod

279 398 388 436 nobis
404 398 468 435 illo
485 406 651 449 ternpore
667 399 763 435 clam
779 398 928 435 insedit.
962 398 1036 435 Sed
1053 397 1140 447 quid
1159 396 1338 447 deinceps
1354 404 1458 434 recta
1472 403 1719 434 consecutum

278 467 348 507 est,
376 473 452 498 non
482 461 598 510 longo
619 466 707 510 post
733 460 931 510 tempore?
976 460 1028 496 Ut
1057 459 1182 496 miseri
1209 458 1430 495 Phocenses
1456 457 1653 494 interirent
1681 463 1721 494 et

278 523 392 560 urbes
422 534 550 559 eorum
581 521 809 566 delerentur,
846 533 913 558 vos
942 520 1033 557 dum
1063 520 1257 570 quiescitis
1286 520 1423 568 istique
1450 519 1720 568 obtemperatis

279 583 394 634 paulo
414 590 502 633 post
524 595 613 620 vasa
642 595 690 618 ex
712 581 813 632 agris
839 582 1137 633 comportaretis,
1167 582 1239 619 iste
1267 594 1401 618 aurum
1430 579 1643 630 acciperet:
1673 578 1722 616 ad

279 646 363 683 haec
384 646 497 682 etiam
518 651 561 681 ut
580 644 848 681 Thebanorum
870 650 908 681 et
927 644 1198 681 Thessalorum
1217 643 1348 681 odium
1370 642 1418 679 ad
1447 641 1638 679 civitatem
1654 652 1722 677 no-

277 714 408 750 stram,
428 719 551 743 rerum
572 712 767 756 gestarum
796 705 917 755 gratia
943 705 990 743 ad
1013 705 1245 756 Philippum,
1264 705 1473 742 deveniret.
1531 704 1659 754 Atque
1678 708 1722 739 ut

274 768 356 805 haec
376 767 428 804 ita
447 779 528 804 esse
549 773 712 811 constet,
729 766 849 804 recita
869 766 958 803 mihi
985 773 1022 804 et
1041 766 1288 804 Callisthenis
1305 766 1500 803 decretum
1521 770 1559 802 et
1578 765 1720 814 episto-

275 829 349 866 lam
370 828 549 880 Philippi,
578 828 746 878 utrisque
767 828 867 865 enim
897 827 1072 878 perlectis
1094 828 1177 866 haec
1197 827 1326 865 omnia
1344 827 1461 878 plana
1487 826 1594 864 vobis
1615 826 1719 863 fient.

275 890 424 928 Recita.

827 967 1142 1006 DECRETUM.

318 1038 470 1067 Archoute
486 1037 681 1078 Mnesiphiio,
693 1038 836 1067 concione
852 1042 939 1067 extra
961 1039 1096 1067 ordinem
1111 1048 1128 1067 a
1143 1037 1292 1077 Strategis
1317 1040 1493 1071 convocata,
1511 1035 1549 1065 de
1573 1033 1721 1065 sententia

274 1089 440 1127 Prytauum
456 1098 490 1117 ao
510 1094 642 1124 senatus,
661 1099 726 1118 xx1
748 1088 797 1117 die
814 1088 1082 1123 Maemacterionis,
1105 1088 1310 1118 Callisthenes
1332 1087 1495 1117 Heteonici
1518 1087 1538 1116 f.
1556 1086 1722 1116 Phalereus

274 1139 379 1169 retulit
397 1150 404 1168 t
430 1140 547 1178 Nequis
565 1139 795 1169 Atheniensium
821 1139 883 1169 ullo
900 1140 938 1169 de
965 1144 1116 1179 praetextu
1134 1139 1164 1168 in
1185 1149 1257 1178 agro
1280 1142 1448 1177 pernoctet,
1472 1137 1526 1166 sed
1548 1136 1578 1166 in
1594 1137 1669 1166 urbe
1693 1138 1723 1164 et

272 1189 391 1218 Piraeeo
408 1194 554 1225 maneant,
570 1190 620 1228 qui
637 1200 695 1219 non
718 1190 748 1219 in
769 1190 923 1228 praesidiis
948 1190 1092 1228 dispositi
1115 1194 1203 1219 sunt:
1230 1190 1335 1219 horum
1355 1192 1466 1223 autem,
1487 1196 1577 1226 quem
1594 1186 1722 1225 quisque

273 1242 374 1270 locum
391 1246 497 1270 nactus
513 1246 571 1275 est,
589 1252 656 1270 eum
672 1246 803 1275 tueatur,
819 1252 915 1279 neque
940 1241 1073 1270 interdiu
1088 1246 1139 1270 aut
1155 1245 1245 1270 noctu
1261 1240 1352 1270 absit.
1385 1239 1566 1277 Quicunque
1582 1237 1653 1267 huic
1669 1236 1721 1265 de-

272 1300 356 1321 creto
369 1302 426 1320 non
437 1293 581 1330 paruerit,
593 1292 780 1330 proditorum
794 1302 898 1330 poenas
914 1292 988 1327 luat,
999 1291 1056 1321 nisi
1069 1303 1101 1321 se
1119 1292 1299 1322 necessitate
1314 1288 1595 1329 aliquafinevitabili
1614 1288 1724 1327 depre-

273 1343 400 1372 hensum
418 1353 484 1371 esse
512 1343 669 1372 ostendat:
690 1343 728 1371 de
744 1354 778 1372 ea
803 1350 901 1372 autem
925 1342 1105 1372 necessitate
1131 1346 1295 1381 cognoscat
1316 1342 1475 1380 Strategus
1502 1340 1553 1379 qui
1573 1337 1723 1377 peditatui

273 1399 384 1433 praeest
400 1398 430 1422 et
447 1400 579 1432 quaestor
595 1399 625 1422 et
641 1394 740 1421 scriba
757 1400 888 1421 senatus.
914 1394 1096 1421 Deferuntur
1112 1393 1211 1420 omnia
1228 1402 1267 1420 ex
1285 1392 1365 1429 agris
1381 1402 1468 1428 quatu
1482 1391 1624 1427 primum,
1641 1399 1722 1428 quae-

274 1454 392 1483 cunque
404 1445 481 1472 intra
491 1454 554 1472 <xxx
569 1444 665 1472 stadia
682 1443 793 1471 suntin
806 1443 908 1471 urbem
923 1449 951 1471 et
965 1443 1121 1476 Piraeeum,
1135 1452 1201 1480 quae
1214 1442 1293 1470 ultra
1306 1451 1372 1470 cxx
1389 1439 1484 1469 stadia
1499 1440 1529 1468 in
1542 1440 1719 1469 Eleusinem

274 1499 304 1523 et
320 1494 447 1533 Phylam
465 1499 496 1523 et
511 1494 651 1532 Aphidna
668 1499 698 1522 et
716 1493 935 1522 Rhamnuntem
962 1493 1159 1531 Suniumque.
1203 1491 1292 1521 Dixit
1313 1491 1517 1521 Callisthenes
1540 1490 1720 1520 Phalereus.

275 1576 461 1628 Nunquid
476 1590 544 1614 vos
560 1577 632 1614 hac
646 1589 713 1627 spe
729 1589 863 1626 pacem
880 1575 1090 1621 faciebatis,
1103 1581 1144 1612 ut
1157 1575 1240 1612 haec
1258 1575 1363 1612 vobis
1384 1574 1636 1625 pollicebatur
1654 1575 1723 1613 iste

273 1637 555 1675 mercenarius?
590 1637 726 1675 Recita
747 1650 849 1674 nunc
876 1637 1077 1688 epistolam
1105 1649 1202 1681 eam,
1225 1649 1340 1686 quam
1360 1635 1420 1674 his
1439 1637 1603 1688 peractis
1622 1636 1725 1675 misit

275 1700 322 1737 ad
343 1713 411 1737 nos
435 1699 647 1750 Philippus.

736 1795 994 1832 EPISTOLA
1024 1794 1274 1831 PHILIPPI.

315 1874 386 1903 Rex
403 1873 607 1902 Macedonum
626 1873 788 1911 Philippus
805 1873 921 1901 senatui
948 1873 1125 1912 populoque
1155 1872 1336 1902 Atheniensi
1364 1874 1395 1902 S.
1428 1872 1544 1902 Scitote
1569 1882 1624 1902 nos
1645 1873 1723 1903 intra

274 1925 366 1963 Pylas
382 1935 448 1954 esse
465 1934 653 1963 progressos,
667 1929 697 1952 ct
715 1923 882 1952 Phocidem
899 1924 1071 1962 subegisse,
1087 1934 1213 1963 quaeque
1232 1928 1340 1963 sponte
1365 1923 1550 1953 deditionem
1576 1924 1724 1958 fecerunt,

272 1975 303 2004 in
320 1975 358 2004 iis
374 1974 497 2013 oppidis
514 1974 658 2013 praesidia
675 1973 856 2007 locavimus,
872 1984 939 2012 quae
956 1981 1056 2003 autem
1073 1975 1180 2004 cedere
1198 1975 1359 2003 noluerunt
1377 1975 1406 2002 vi
1431 1974 1568 2012 cepimus
1588 1973 1724 2003 civibus-

272 2035 330 2064 que
354 2026 382 2054 in
400 2025 577 2054 servitutem
602 2025 732 2053 redactis
750 2024 815 2053 solo
831 2023 1027 2062 aequavimus.
1076 2025 1152 2054 Cum
1177 2031 1275 2054 autem
1301 2023 1435 2053 audirem
1454 2035 1509 2053 vos
1535 2034 1655 2064 quoque
1672 2035 1725 2054 au-

271 2075 379 2105 xilium
397 2076 433 2104 iis
451 2086 570 2114 parare,
585 2074 691 2112 scripsi
705 2076 765 2112 jam
783 2075 820 2103 ad
839 2084 904 2108 vos,
922 2085 959 2103 ne
974 2075 1089 2104 diutius
1105 2075 1185 2104 eade
1195 2085 1226 2104 re
1244 2075 1399 2104 laboretis.
1421 2075 1470 2104 Ad
1486 2084 1628 2104 summam
1645 2075 1725 2104 enim

271 2127 345 2156 nihil
359 2126 432 2155 mihi
451 2127 605 2155 moderate
621 2126 720 2154 facere
738 2125 894 2160 videmini,
911 2125 962 2163 qui
980 2135 1046 2154 cum
1065 2136 1169 2164 pacem
1182 2125 1361 2164 pepigeritis
1375 2124 1569 2154 nihilominus
1582 2125 1611 2153 in
1627 2125 1723 2154 aciem

274 2177 480 2210 descendatis,
497 2177 588 2214 idque
605 2185 673 2205 cum
690 2175 863 2205 Phocenses
878 2175 907 2204 in
925 2176 1074 2205 communi
1092 2180 1195 2204 nostro
1213 2176 1326 2204 foedere
1344 2185 1400 2203 non
1418 2174 1477 2203 sint
1493 2175 1723 2212 comprehensi:

275 2238 366 2266 quare
384 2228 408 2257 si
431 2227 590 2257 conventis
611 2237 732 2256 manere
756 2226 870 2262 nolitis,
888 2226 969 2256 nulla
984 2237 1016 2257 re
1038 2227 1098 2256 alia
1115 2237 1162 2256 me
1179 2225 1373 2255 antevertetis
1390 2224 1448 2254 nisi
1465 2225 1657 2263 auspicamus
1678 2226 1724 2255 in-

271 2289 377 2317 Jurns.

330 2362 389 2398 13.
417 2360 566 2398 Auditis
585 2373 698 2410 quam
717 2360 910 2398 luculente
931 2361 969 2397 in
988 2361 1061 2398 hac
1082 2360 1130 2397 ad
1149 2372 1216 2397 vos
1236 2359 1399 2409 epistola
1419 2360 1531 2397 sociis
1560 2361 1637 2398 suis
1657 2374 1719 2400 os-

272 2420 406 2458 tendat
434 2433 477 2457 ac
508 2421 691 2465 declaret,
719 2428 761 2457 ut
788 2420 893 2457 haec
924 2433 1020 2470 ego
1052 2420 1156 2457 feci
1192 2420 1385 2457 invitis
1423 2420 1528 2457 Ath
1547 2422 1721 2460 enien-

275 2482 426 2519 sibus
459 2488 508 2518 et
546 2494 681 2530 aegre
715 2482 1027 2525 ferentibus,
1066 2494 1220 2531 quare
1255 2482 1295 2518 si
1327 2495 1412 2519 vos
1450 2483 1662 2533 sapitis,
1698 2499 1721 2523 o

275 2542 497 2580 Thebani
525 2549 571 2580 et
599 2541 856 2586 Thessali,
884 2556 968 2580 eos
996 2542 1197 2593 quidem
1227 2543 1272 2579 in
1313 2543 1534 2581 hostium
1562 2558 1723 2584 nume-

274 2617 326 2641 ro
355 2602 584 2647 ducetis,
611 2603 724 2639 mihi
755 2616 878 2640 vero
905 2602 1053 2640 fidem
1080 2603 1359 2649 habebitis,
1390 2605 1614 2655 nonutique
1632 2606 1722 2656 ipsis

273 2665 346 2702 illis
364 2663 487 2702 verbis
509 2663 672 2714 scripsit,
693 2663 761 2700 sed
783 2663 834 2700 ita
849 2663 1061 2714 significare
1078 2663 1210 2701 voluit.
1242 2664 1311 2701 His
1328 2666 1440 2715 igitur
1455 2667 1567 2703 rebus
1586 2673 1719 2718 captos

273 2726 358 2763 illos
378 2739 424 2763 eo
450 2724 612 2775 perpulit
641 2730 682 2761 ut
711 2724 801 2761 nihil
832 2724 1011 2776 deinceps
1041 2725 1295 2775 providerent,
1325 2726 1418 2763 nihil
1439 2727 1717 2777 praesentirent,

276 2787 345 2824 sed
371 2800 456 2824 eum
477 2786 605 2824 omnia
621 2786 661 2823 in
681 2798 789 2823 suam
810 2785 980 2836 redigere
999 2794 1230 2837 potestatem
1256 2794 1499 2837 paterentur:
1529 2787 1632 2825 unde
1661 2788 1718 2826 in-

275 2847 403 2885 felices
423 2847 594 2885 Thebani
621 2847 658 2884 in
686 2846 755 2884 has
787 2846 1022 2884 calamitates
1053 2848 1280 2886 inciderunt.
1329 2848 1456 2897 Atque
1484 2847 1599 2897 hujus
1628 2849 1716 2887 fidei
