1923 3149
476 443 683 482 LIBANII
712 442 1102 481 ARGUMENTUM
1132 443 1190 481 IN
1220 442 1543 481 ORATIONEM
1574 443 1647 480 DE

720 514 1024 551 REPUBLICA
1055 513 1406 551 ORDINANDA.

386 633 522 663 ORATIO
536 633 599 662 haec
615 643 673 662 non
685 635 747 672 jam
765 633 938 673 Philippica
955 638 1014 670 est,
1038 634 1092 663 sed
1117 632 1255 663 suasoria
1270 632 1467 672 simpliciter:
1492 641 1559 661 nam
1576 641 1667 671 quum
1685 630 1780 660 Athe-

341 683 460 714 nienses
486 684 525 714 de
547 685 684 714 theatrali
710 685 839 724 pecunia
863 685 1056 715 deliberaturi
1083 686 1307 720 convenissent,
1330 694 1510 724 progressus
1526 684 1555 712 in
1570 683 1700 712 medinm
1718 683 1780 711 De-

342 737 512 766 mosthenes
529 738 645 772 suadet,
658 742 691 766 ut
703 737 786 767 cives
803 737 832 766 in
850 738 961 767 classes
983 737 1201 767 distribuantur
1217 741 1247 766 et
1268 736 1423 766 militando
1450 740 1539 774 atque
1564 733 1709 773 periculis
1723 742 1779 772 pro

333 787 438 816 'salute
455 788 582 817 Graeciae
596 788 762 817 subeundis
780 792 912 818 veterem
937 788 1114 827 dignitatem
1141 796 1335 826 recuperent,
1350 786 1483 816 ostendit
1499 785 1600 820 etiam,
1615 784 1646 814 in
1661 793 1784 824 compn-

343 837 456 867 ratione
471 843 568 868 status
581 839 739 877 praesentis
756 849 823 869 cum
841 842 957 873 vetere,
979 844 1123 879 qnantum
1145 848 1162 867 a
1190 838 1303 869 virtute
1327 843 1357 868 et
1373 836 1556 868 excellentia
1571 838 1718 878 majorum
1731 834 1783 865 de-

345 889 525 928 generarint.

776 1190 1354 1246 DEMOSTHENIS

515 1338 610 1386 DE
668 1339 1113 1388 REPUBLICA
1173 1339 1643 1388 ORDINANDA

940 1475 1197 1518 ORATIO.

404 1609 437 1645 l.
467 1607 533 1644 DE
561 1608 633 1645 hac
662 1608 825 1659 pecunia
852 1616 891 1646 et
919 1608 964 1646 iis
999 1609 1046 1646 de
1074 1610 1188 1646 rebus
1218 1615 1373 1660 propter
1402 1621 1498 1659 quas
1530 1608 1617 1646 haec
1645 1607 1789 1647 indicta

345 1669 480 1706 concio
500 1675 571 1715 est,
592 1676 783 1715 neutrum,
813 1669 1086 1715 Athenienses,
1107 1670 1259 1708 difficile
1278 1670 1369 1707 mihi
1387 1670 1492 1707 factu
1511 1681 1597 1707 esse
1624 1668 1788 1717 videtur,

343 1730 403 1767 vel
431 1730 638 1781 objurgatis
665 1731 739 1768 illis
769 1731 833 1781 qui
861 1730 1014 1781 publica
1042 1731 1274 1769 distribuunt
1305 1738 1344 1769 et
1372 1731 1600 1783 largiuntur,
1633 1730 1790 1770 laudem

346 1792 448 1842 apud
477 1804 542 1829 eos
568 1791 735 1829 invenire
769 1792 833 1842 qui
860 1792 1137 1843 rempublicam
1161 1806 1229 1844 per
1255 1793 1338 1830 haec
1364 1792 1454 1830 laedi
1484 1793 1658 1840 credunt,
1676 1792 1737 1831 vel
1759 1792 1791 1831 si

347 1852 531 1903 suffrager
566 1852 637 1891 illis
673 1860 712 1890 et
746 1852 873 1890 horter
905 1853 954 1891 ad
986 1853 1265 1905 accipiendum,
1296 1854 1342 1891 iis
1375 1860 1525 1904 gratum
1561 1855 1686 1892 facere
1725 1855 1791 1905 qui

347 1913 635 1964 magnainopia
665 1921 911 1965 premuntur:
941 1915 1064 1952 neutri
1083 1916 1196 1961 enim,
1224 1915 1379 1967 publico
1407 1916 1510 1953 bono
1537 1915 1793 1962 considerato,

348 1975 542 2025 negotium
574 1975 648 2012 hoc
679 1975 738 2013 vel
772 1976 937 2026 probant
973 1976 1032 2013 vel
1058 1977 1288 2028 improbant,
1320 1977 1388 2015 sed
1421 1983 1534 2028 prout
1558 1977 1699 2028 quique
1731 1977 1794 2016 vel

347 2043 463 2087 egent
480 2036 541 2074 vel
561 2036 696 2087 opibus
712 2037 923 2075 abundant.
980 2037 1067 2088 Ego
1081 2051 1170 2076 vero
1196 2044 1321 2076 utrum
1348 2037 1616 2089 accipiendum
1635 2038 1685 2076 sit
1703 2051 1793 2078 nec-

348 2111 408 2145 ne,
428 2111 551 2148 neque
570 2097 611 2135 id
630 2099 801 2137 suadebo
821 2112 944 2150 neque
964 2098 1197 2138 dissuadebo
1214 2113 1223 2137 ε
1254 2112 1390 2138 moneo
1410 2100 1534 2138 solum
1553 2106 1598 2137 ut
1616 2099 1793 2151 cogitetis

346 2168 386 2199 et
404 2160 476 2212 ipsi
492 2161 692 2199 vobiscum
711 2161 960 2208 meditemini,
982 2169 1180 2212 argentum
1199 2162 1273 2200 hoc
1289 2162 1338 2200 de
1356 2176 1432 2213 quo
1447 2162 1665 2201 deliberatis
1683 2162 1792 2206 leve3

346 2221 678 2268 consuetudinem,
695 2235 811 2273 quam
830 2223 991 2270 inducit,
1008 2236 1091 2261 esse
1105 2236 1271 2273 gravem.
1320 2223 1439 2267 Quod
1460 2223 1492 2261 si
1511 2235 1595 2261 eam
1609 2223 1794 2261 rationem

347 2283 518 2329 inieritis,
533 2289 576 2320 ut
595 2285 659 2333 qui
678 2284 844 2322 officium
865 2297 971 2322 suurn
994 2284 1152 2330 faciunt,
1173 2285 1198 2322 ii
1219 2285 1334 2323 etiam
1353 2284 1555 2335 accipiant,
1575 2297 1653 2322 non
1669 2283 1793 2322 solum

348 2357 426 2381 non
446 2344 609 2390 laedetis,
629 2345 698 2383 sed
726 2346 981 2398 maximopere
1004 2346 1187 2397 juvabitis
1209 2352 1289 2384 tum
1317 2345 1589 2396 rempublicam
1607 2351 1689 2383 tum
1708 2358 1796 2384 vos-

350 2405 555 2456 metipsos:
587 2406 644 2443 sin
674 2406 723 2444 ad
744 2407 1009 2458 accipiendum
1039 2414 1077 2445 et
1108 2407 1249 2445 festum
1282 2413 1320 2445 et
1351 2419 1469 2445 causa
1496 2406 1678 2457 quaelibet
1705 2407 1798 2446 satis

350 2467 433 2511 erit,
455 2466 504 2503 de
524 2467 583 2504 his
605 2475 732 2505 autem
753 2482 840 2518 quae
868 2477 1054 2520 praeterea
1073 2469 1249 2506 facienda
1268 2468 1344 2506 sint
1363 2482 1412 2506 ne
1430 2468 1621 2507 orationes
1640 2469 1796 2520 quidem

351 2526 483 2565 audire
502 2528 709 2575 volueritis,
728 2530 921 2580 providete
941 2543 988 2568 ne
1008 2530 1104 2568 forte
1128 2542 1212 2574 vos,
1234 2529 1273 2566 in
1292 2529 1350 2567 his
1370 2544 1456 2582 quae
1475 2544 1578 2569 nunc
1596 2538 1699 2570 recte
1717 2529 1798 2569 fieri

353 2590 536 2635 censetis,
555 2590 760 2640 aliquando
780 2591 1023 2630 vehementer
1042 2604 1188 2629 errasse
1203 2591 1398 2641 judicetis.

407 2651 444 2686 2.
475 2650 562 2701 Ego
582 2658 708 2689 autem
729 2659 902 2702 oportere
920 2665 1182 2698 oensem—ne
1200 2665 1292 2691 vero
1313 2661 1467 2704 propter
1494 2654 1531 2692 id
1552 2653 1656 2705 quod
1671 2653 1797 2691 dicam

353 2711 567 2758 obturbate‚
589 2713 657 2749 sed
691 2726 730 2750 re
762 2713 891 2751 audita
906 2714 1143 2765 judicate—,
1159 2715 1485 2765 quemadmodum
1505 2715 1554 2753 de
1573 2713 1799 2766 accipiendo

355 2773 579 2811 concionem
598 2774 819 2821 indiximus,
839 2775 893 2812 sic
913 2776 1025 2813 etiam
1047 2775 1094 2813 de
1114 2775 1351 2814 ordinatione
1370 2775 1587 2827 reipublicae
1616 2781 1655 2813 et
1683 2787 1800 2826 appa-

356 2841 437 2870 ratu
453 2834 589 2872 bellico
608 2835 722 2873 indici
743 2836 979 2881 concionem,
1001 2843 1038 2873 et
1058 2837 1230 2887 singulos
1249 2850 1326 2875 non
1346 2837 1462 2875 modo
1482 2836 1530 2875 ad
1548 2836 1630 2873 haec
1656 2842 1802 2874 attente

357 2894 563 2942 audienda,
582 2897 650 2934 sed
669 2897 782 2935 etiam
803 2898 851 2935 ad
868 2897 1041 2936 alacriter
1061 2899 1312 2949 exsequenda
1326 2906 1523 2950 promptos
1540 2911 1623 2936 esse
1638 2897 1775 2936 debere
1790 2910 1800 2934 ε

359 2962 412 3001 ut,
442 2969 465 2993 o
495 2957 761 3003 Athenienses,
785 2972 890 3009 spem
922 2958 1086 2997 fortunae
1117 2960 1281 2998 melioris
1302 2960 1341 2998 in
1362 2960 1468 2999 vobis
1496 2959 1590 3011 ipsis
1610 2958 1799 3003 habeatis,
