1923 3149
273 132 347 166 ⁴202
829 127 901 164 DE
934 126 1174 164 COstoNA.

884 271 1111 308 LITERAE.

327 364 392 401 62.
421 363 617 402 Concione
633 363 748 415 igitur
768 364 969 411 advocata,
985 364 1141 401 Thebani
1156 363 1300 413 priores
1315 361 1400 400 illos
1420 362 1726 407 introduxerunt,

271 426 376 474 quod
396 425 585 463 sociorum
604 425 730 462 locum
751 426 854 475 apud
875 426 976 475 ipsos
997 426 1233 462 obtinebant.
1280 424 1461 461 Producti
1481 424 1607 473 itaque
1630 435 1722 460 con-

271 486 536 532 cionabantur,
570 487 733 523 multum
765 487 919 536 quidem
951 487 1168 536 Philippum
1208 485 1425 530 laudantes,
1462 484 1624 521 multum
1653 495 1722 519 vos

268 547 517 592 insectantes,
544 548 672 585 omnia
700 559 941 597 quaecunque
976 559 1144 596 unquam
1174 546 1337 583 adversa
1362 545 1505 582 fecistis
1533 543 1726 580 Thebanis

267 609 451 645 memoria
475 613 709 658 repetentes.
768 608 835 645 Ad
857 621 1059 653 summam,
1080 620 1233 657 aequum
1248 619 1333 643 esse
1354 606 1577 649 censebant,
1598 612 1641 640 ut
1657 615 1726 653 pro

267 669 434 718 acceptis
463 681 486 706 a
519 667 698 718 Philippo
720 668 914 706 beneficiis
937 669 1097 719 gratiam
1119 669 1189 705 sibi
1209 667 1300 716 ipsis
1323 665 1553 716 rependant,
1573 662 1725 714 injuria-

267 741 350 765 rum
365 741 454 766 vero
473 741 568 778 quas
589 742 612 766 a
631 729 740 766 nobis
760 730 1003 780 accepissent
1021 742 1168 780 poenas,
1198 734 1439 776 utrocunque
1459 726 1579 762 velint
1597 724 1727 768 modo,

270 795 469 839 expetant,
491 789 550 826 vel
584 789 676 826 dato
704 789 750 826 iis
781 789 946 827 transitu
978 789 1028 826 ad
1060 802 1145 835 nos,
1166 788 1226 825 vel
1257 788 1371 825 armis
1406 799 1482 823 una
1501 787 1540 823 in
1559 785 1729 823 Atticam

268 848 396 887 illatis.
453 849 647 887 Praeterea
666 849 994 896 demonstrabant,
1027 856 1072 887 ut
1088 850 1158 887 sibi
1179 848 1336 898 quidem
1355 848 1597 893 videbantur,
1618 860 1664 884 ex
1684 847 1728 884 iis

270 922 358 960 quae
391 910 465 960 ipsi
501 910 722 956 suaderent,
755 924 895 961 pecora
929 919 968 948 et
1000 910 1191 959 mancipia
1223 909 1373 958 aliaque
1403 908 1548 945 Atticae
1567 908 1670 945 bona
1689 907 1730 944 in

270 969 459 1008 Boeotiam
484 978 729 1021 perventura,
752 983 799 1008 ex
820 971 864 1008 iis
883 983 972 1008 vero
994 983 1080 1020 quae
1111 982 1182 1007 nos
1214 981 1383 1007 essemus
1403 968 1554 1014 dicturi,
1574 966 1734 1005 Boeotiae

266 1029 415 1069 fructus
443 1044 577 1070 omnes
610 1045 633 1070 a
662 1032 765 1070 bello
795 1032 986 1083 direptum
1005 1032 1061 1069 iri.
1118 1030 1323 1080 Multaque
1345 1029 1424 1067 alia
1441 1036 1640 1079 praeterea,
1660 1028 1730 1066 sed

269 1104 358 1142 quae
374 1093 450 1130 huc
470 1099 598 1131 tamen
619 1094 746 1131 omnia
765 1099 997 1144 spectarent,
1026 1092 1218 1130 dicebant.
1277 1092 1382 1133 Quae
1403 1097 1529 1128 autem
1550 1103 1620 1127 nos
1638 1102 1731 1127 con-

269 1158 331 1191 tra
362 1153 582 1199 dixerimus,
613 1154 808 1204 sigillatim
836 1154 944 1192 vobis
974 1166 1166 1204 exponere
1197 1153 1312 1190 licere
1343 1165 1423 1203 prae
1457 1151 1632 1188 omnibus
1658 1163 1731 1201 ego

270 1213 426 1263 quidem
445 1214 665 1253 aestimarim
684 1215 836 1266 opibus,
858 1215 928 1252 sed
949 1227 1079 1253 vereor
1096 1228 1144 1252 ne
1164 1227 1247 1259 vos,
1264 1213 1466 1264 praeteritis
1481 1212 1562 1262 jam
1582 1218 1731 1261 tempo—

267 1273 387 1321 ribus,
406 1276 514 1326 quasi
541 1276 757 1314 eluvionem
776 1275 972 1326 quandam
992 1287 1116 1312 rerum
1140 1274 1326 1312 accidisse
1347 1273 1625 1317 existimantes,
1647 1272 1731 1308 ina-

264 1347 354 1372 nem
370 1339 572 1375 verborum
594 1337 794 1386 strepitum
815 1349 968 1374 ornnem
996 1348 1082 1373 esse
1100 1336 1160 1373 his
1182 1335 1231 1372 de
1250 1336 1366 1372 rebus
1385 1333 1594 1371 orationem
1613 1332 1731 1369 duca-

267 1395 343 1432 tis:
373 1410 459 1447 quae
479 1398 594 1447 igitur
618 1397 922 1447 persuaserimus
951 1409 1022 1433 nos
1055 1402 1095 1433 et
1122 1409 1210 1446 quae
1238 1395 1349 1432 nobis
1371 1394 1425 1431 illi
1452 1393 1733 1443 responderint,

231 1481 241 1493 .
271 1456 415 1494 audite.
473 1458 580 1506 Cape
599 1457 672 1494 hoc
689 1463 729 1494 et
743 1456 876 1494 recita.

609 1581 946 1620 RESPONSUM
977 1582 1393 1621 THEBANORUM.

325 1682 390 1718 63.
422 1679 493 1716 His
522 1678 638 1728 igitur
668 1677 779 1722 actis,
806 1683 996 1714 vocarunt
1014 1689 1081 1714 vos
1102 1676 1156 1714 illi
1177 1684 1216 1714 et
1248 1683 1509 1715 arcesserunt.
1566 1677 1735 1723 Exiistis‚

270 1754 382 1793 opem
402 1739 558 1786 tulistis,
575 1746 617 1776 ut
632 1751 678 1775 ea
698 1751 784 1788 quae
802 1737 841 1774 in
863 1737 989 1774 medio
1003 1745 1092 1775 sunt
1105 1738 1410 1788 praetermittam,
1432 1737 1485 1775 ita
1502 1737 1736 1776 familiariter

269 1816 338 1840 vos
363 1806 611 1851 exceperunt,
629 1806 672 1835 ut
691 1811 779 1836 cum
806 1797 896 1835 foris
917 1805 1048 1835 essent
1081 1799 1231 1848 pedites
1263 1798 1502 1847 equitesque,
1521 1798 1734 1835 exercitum

267 1869 439 1901 vestrum
457 1861 496 1898 in
515 1866 618 1898 tecta
638 1866 754 1909 atque
773 1859 812 1896 in
841 1859 975 1895 urbem
996 1859 1224 1909 reciperent,
1247 1859 1298 1896 ad
1325 1858 1481 1903 liberos,
1507 1858 1556 1895 ad
1577 1871 1734 1905 uxores,

272 1923 322 1961 ad
342 1921 471 1960 omnia
488 1920 698 1958 carissima.
755 1919 874 1969 Atqui
894 1925 970 1956 tres
990 1919 1056 1956 illo
1077 1919 1137 1956 die
1163 1926 1330 1956 vestrum
1351 1919 1593 1957 laudationes
1613 1922 1735 1959 omni-

268 1985 339 2022 bus
361 1981 584 2020 mortalibus
613 1979 860 2017 declararunt
888 1979 1061 2018 Thebani
1093 1980 1389 2030 pulcherrimas,
1410 1993 1528 2017 unam
1548 1981 1738 2019 fortitudi-

271 2045 346 2090 nis,
371 2042 530 2081 alteram
553 2041 727 2092 justitiae,
747 2041 899 2077 tertiam
918 2041 1206 2091 temperantiae.
1265 2041 1366 2079 Nam
1386 2053 1472 2078 cum
1493 2049 1595 2079 stare
1614 2044 1740 2081 vobis-

269 2117 357 2142 curn
383 2103 423 2140 in
454 2103 537 2140 acie
560 2114 673 2151 quam
693 2107 828 2138 contra
847 2113 914 2138 vos
934 2101 1166 2146 maluerunt,
1181 2108 1221 2139 et
1240 2101 1420 2139 fortiores
1443 2114 1510 2139 vos
1531 2116 1614 2140 esse
1629 2104 1735 2154 judi-

274 2172 412 2205 carunt
442 2173 481 2203 et
510 2164 678 2214 aequiora
708 2163 897 2214 postulare
929 2176 1041 2213 quam
1065 2163 1285 2214 Philippum
1306 2177 1315 2207 ;
1347 2170 1388 2201 et
1409 2176 1496 2201 cum
1515 2177 1574 2211 ea,
1593 2178 1680 2215 quae
1699 2172 1738 2203 et

271 2227 374 2278 apud
405 2226 632 2276 semetipsos
666 2231 705 2261 et
733 2223 838 2275 apud
869 2237 1002 2262 omnes
1033 2224 1208 2262 homines
1232 2224 1537 2274 diligentissime
1553 2226 1739 2264 custodiri

273 2287 412 2332 solent,
423 2286 563 2324 liberos
582 2287 858 2336 coniugesque,
872 2290 1009 2322 vestrae.
1028 2285 1207 2336 potestati
1229 2284 1509 2335 permiserunt,
1531 2284 1678 2324 firmam
1696 2297 1739 2325 se

274 2347 323 2385 de
350 2347 458 2386 vobis
490 2347 754 2397 temperantiae
773 2346 999 2397 opinionem
1029 2346 1170 2384 habere
1194 2345 1457 2384 declararunt.
1519 2346 1562 2383 In
1597 2348 1738 2399 quibus

276 2408 466 2452 omnibus,
495 2407 765 2452 Athenienses,
797 2406 901 2456 quod
929 2406 978 2444 ad
1004 2420 1072 2444 vos
1111 2408 1263 2451 attinet,
1299 2414 1412 2444 recte
1447 2419 1512 2445 eos
1539 2407 1740 2458 judicasse

279 2474 517 2519 compertum
537 2473 610 2505 est.
667 2467 768 2504 Nam
789 2479 930 2517 neque,
946 2467 1122 2519 ingresso
1150 2468 1187 2504 in
1211 2468 1398 2518 oppidum
1436 2469 1617 2516 exercitu,
1637 2471 1740 2521 quis-

280 2541 395 2580 quam
423 2528 471 2566 de
499 2528 606 2566 vobis
624 2540 673 2565 ne
693 2527 832 2578 injuria
849 2528 1005 2578 quidem
1024 2536 1183 2578 questus
1204 2535 1263 2566 est
1288 2542 1297 2571 ;
1334 2529 1390 2566 ita
1411 2542 1478 2567 vos
1498 2532 1740 2569 continentes

280 2589 521 2641 praebuistis:
552 2596 591 2626 et
615 2601 703 2625 cum
722 2588 781 2626 bis
800 2589 1017 2639 conjunctis
1043 2589 1162 2639 copiis
1182 2589 1462 2639 pugnaveritis,
1484 2592 1742 2641 superioribus

280 2651 355 2688 illis
374 2649 529 2700 praeliis,
557 2649 680 2686 altero
710 2649 760 2685 ad
794 2649 953 2686 fluvium
986 2650 1206 2690 commisso,
1239 2650 1357 2687 altero
1388 2650 1570 2702 hyberno,
1589 2665 1665 2689 non
1686 2654 1741 2690 in-

289 2711 466 2760 culpatos
486 2709 612 2747 solum
631 2714 782 2746 vosmet
799 2720 930 2745 verum
950 2709 1062 2746 etiam
1085 2709 1328 2747 admirabiles
1356 2711 1596 2760 praestitistis,
1630 2725 1742 2750 orna-

286 2778 340 2815 tu,
362 2777 563 2820 apparatu,
585 2769 784 2808 alacritate
805 2769 933 2807 animi.
991 2769 1154 2820 Propter
1172 2784 1258 2821 quae
1278 2772 1326 2808 ab
1346 2771 1428 2809 aliis
1447 2772 1599 2821 quidem
1619 2772 1656 2810 in
1676 2787 1745 2812 vos
