<?xml version="1.0" encoding="UTF-8"?>
<!DOCTYPE html PUBLIC "-//W3C//DTD XHTML 1.0 Transitional//EN"
    "http://www.w3.org/TR/xhtml1/DTD/xhtml1-transitional.dtd">
<html xmlns="http://www.w3.org/1999/xhtml" xml:lang="en" lang="en">
 <head>
  <title>
</title>
<meta http-equiv="Content-Type" content="text/html;charset=utf-8" />
  <meta name='ocr-system' content='tesseract 3.04.00' />
  <meta name='ocr-capabilities' content='ocr_page ocr_carea ocr_par ocr_line ocrx_word'/>
</head>
<body>
  <div class='ocr_page' id='page_1' title='image "./oratoresatticie15dobs_0049.png"; bbox 0 0 1923 3149; ppageno 0'>
   <div class='ocr_carea' id='block_1_1' title="bbox 607 289 1050 345">
    <p class='ocr_par' dir='ltr' id='par_1_1' title="bbox 607 289 1050 345">
     <span class='ocr_line' id='line_1_1' title="bbox 607 289 1050 345; baseline -0.005 0"><span class='ocrx_word' id='word_1_1' title='bbox 607 289 1050 345; x_wconf 83' lang='lat' dir='ltr'><strong>AUGERI</strong></span> 
     </span>
    </p>
   </div>
   <div class='ocr_carea' id='block_1_2' title="bbox 293 422 1366 601">
    <p class='ocr_par' dir='ltr' id='par_1_2' title="bbox 293 422 1366 601">
     <span class='ocr_line' id='line_1_2' title="bbox 660 422 986 470; baseline 0 -1"><span class='ocrx_word' id='word_1_2' title='bbox 660 422 986 470; x_wconf 83' lang='lat' dir='ltr'><strong>ANALYSIS</strong></span> 
     </span>
     <span class='ocr_line' id='line_1_3' title="bbox 293 542 1366 601; baseline -0.006 -11"><span class='ocrx_word' id='word_1_3' title='bbox 293 546 738 591; x_wconf 87' lang='lat' dir='ltr'><strong>OLYNTHIACAE</strong></span> <span class='ocrx_word' id='word_1_4' title='bbox 778 546 1038 589; x_wconf 87' lang='lat' dir='ltr'><strong>TERTIAE</strong></span> <span class='ocrx_word' id='word_1_5' title='bbox 1080 542 1366 601; x_wconf 86' lang='lat' dir='ltr'><strong>(PRIMAE).</strong></span> 
     </span>
    </p>
   </div>
   <div class='ocr_carea' id='block_1_3' title="bbox 344 658 1302 712">
    <p class='ocr_par' dir='ltr' id='par_1_3' title="bbox 344 658 1302 712">
     <span class='ocr_line' id='line_1_4' title="bbox 344 658 1302 712; baseline -0.001 -12"><span class='ocrx_word' id='word_1_6' title='bbox 344 658 589 712; x_wconf 81' lang='lat' dir='ltr'><em>Propositum</em></span> <span class='ocrx_word' id='word_1_7' title='bbox 606 662 698 700; x_wconf 80' lang='lat' dir='ltr'><em>idem</em></span> <span class='ocrx_word' id='word_1_8' title='bbox 715 668 769 700; x_wconf 81' lang='lat' dir='ltr'><em>est</em></span> <span class='ocrx_word' id='word_1_9' title='bbox 789 675 830 699; x_wconf 84' lang='lat' dir='ltr'><em>ac</em></span> <span class='ocrx_word' id='word_1_10' title='bbox 851 663 1002 699; x_wconf 78' lang='lat' dir='ltr'><em>duarum</em></span> <span class='ocrx_word' id='word_1_11' title='bbox 1014 660 1302 710; x_wconf 79' lang='lat' dir='ltr'><em>praecedentium.</em></span> 
     </span>
    </p>
   </div>
   <div class='ocr_carea' id='block_1_4' title="bbox 670 764 987 799">
    <p class='ocr_par' dir='ltr' id='par_1_4' title="bbox 670 764 987 799">
     <span class='ocr_line' id='line_1_5' title="bbox 670 764 987 799; baseline 0.003 -1"><span class='ocrx_word' id='word_1_12' title='bbox 670 764 785 799; x_wconf 82' lang='lat' dir='ltr'><em>Breve</em></span> <span class='ocrx_word' id='word_1_13' title='bbox 798 765 987 799; x_wconf 75' lang='lat' dir='ltr'><em>exordium.</em></span> 
     </span>
    </p>
   </div>
   <div class='ocr_carea' id='block_1_5' title="bbox 99 843 1561 944">
    <p class='ocr_par' dir='ltr' id='par_1_5' title="bbox 99 843 1561 944">
     <span class='ocr_line' id='line_1_6' title="bbox 149 843 1561 889; baseline 0.001 -12"><span class='ocrx_word' id='word_1_14' title='bbox 149 843 442 879; x_wconf 71' lang='lat' dir='ltr'><em>Danosrnnnsss</em></span> <span class='ocrx_word' id='word_1_15' title='bbox 461 844 505 878; x_wconf 84' lang='lat' dir='ltr'><em>ab</em></span> <span class='ocrx_word' id='word_1_16' title='bbox 528 843 813 878; x_wconf 85' lang='lat' dir='ltr'><strong>Atheniensibus</strong></span> <span class='ocrx_word' id='word_1_17' title='bbox 841 845 932 888; x_wconf 87' lang='lat' dir='ltr'><em>petit</em></span> <span class='ocrx_word' id='word_1_18' title='bbox 958 848 1000 877; x_wconf 93' lang='lat' dir='ltr'><em>ut</em></span> <span class='ocrx_word' id='word_1_19' title='bbox 1017 844 1136 888; x_wconf 91' lang='lat' dir='ltr'><em>ipsum</em></span> <span class='ocrx_word' id='word_1_20' title='bbox 1165 846 1202 877; x_wconf 94' lang='lat' dir='ltr'><em>et</em></span> <span class='ocrx_word' id='word_1_21' title='bbox 1233 843 1321 878; x_wconf 87' lang='lat' dir='ltr'><em>alios</em></span> <span class='ocrx_word' id='word_1_22' title='bbox 1347 843 1391 878; x_wconf 90' lang='lat' dir='ltr'><em>de</em></span> <span class='ocrx_word' id='word_1_23' title='bbox 1416 844 1561 889; x_wconf 81' lang='lat' dir='ltr'><em>negotio</em></span> 
     </span>
     <span class='ocr_line' id='line_1_7' title="bbox 99 898 942 944; baseline -0.001 -11"><span class='ocrx_word' id='word_1_24' title='bbox 99 899 221 944; x_wconf 87' lang='lat' dir='ltr'><em>magni</em></span> <span class='ocrx_word' id='word_1_25' title='bbox 236 899 410 934; x_wconf 86' lang='lat' dir='ltr'><em>momenti</em></span> <span class='ocrx_word' id='word_1_26' title='bbox 425 899 608 933; x_wconf 87' lang='lat' dir='ltr'><em>locuturos</em></span> <span class='ocrx_word' id='word_1_27' title='bbox 625 899 762 932; x_wconf 86' lang='lat' dir='ltr'><em>attente</em></span> <span class='ocrx_word' id='word_1_28' title='bbox 780 898 942 932; x_wconf 85' lang='lat' dir='ltr'><em>audiant.</em></span> 
     </span>
    </p>
   </div>
   <div class='ocr_carea' id='block_1_6' title="bbox 705 984 943 1031">
    <p class='ocr_par' dir='ltr' id='par_1_6' title="bbox 705 984 943 1031">
     <span class='ocr_line' id='line_1_8' title="bbox 705 984 943 1031; baseline -0.004 -12"><span class='ocrx_word' id='word_1_29' title='bbox 705 984 943 1031; x_wconf 76' lang='lat' dir='ltr'><em>Confirmatz&#39;O.</em></span> 
     </span>
    </p>
   </div>
   <div class='ocr_carea' id='block_1_7' title="bbox 98 1063 1572 2912">
    <p class='ocr_par' dir='ltr' id='par_1_7' title="bbox 98 1063 1564 1263">
     <span class='ocr_line' id='line_1_9' title="bbox 148 1063 1561 1109; baseline 0.001 -10"><span class='ocrx_word' id='word_1_30' title='bbox 148 1067 196 1099; x_wconf 86' lang='lat'><em>1⁰.</em></span> <span class='ocrx_word' id='word_1_31' title='bbox 222 1064 376 1099; x_wconf 86' lang='lat' dir='ltr'><em>Occasio</em></span> <span class='ocrx_word' id='word_1_32' title='bbox 401 1075 563 1108; x_wconf 83' lang='lat' dir='ltr'><em>praesens</em></span> <span class='ocrx_word' id='word_1_33' title='bbox 587 1065 747 1109; x_wconf 89' lang='lat' dir='ltr'><em>postulat</em></span> <span class='ocrx_word' id='word_1_34' title='bbox 764 1067 806 1098; x_wconf 93' lang='lat' dir='ltr'><em>ut</em></span> <span class='ocrx_word' id='word_1_35' title='bbox 829 1065 1070 1098; x_wconf 82' lang='lat' dir='ltr'><em>decernantur</em></span> <span class='ocrx_word' id='word_1_36' title='bbox 1092 1064 1169 1108; x_wconf 86' lang='lat' dir='ltr'><em>jam</em></span> <span class='ocrx_word' id='word_1_37' title='bbox 1187 1063 1336 1107; x_wconf 86' lang='lat' dir='ltr'><em>auxilia,</em></span> <span class='ocrx_word' id='word_1_38' title='bbox 1359 1066 1401 1098; x_wconf 91' lang='lat' dir='ltr'><em>ut</em></span> <span class='ocrx_word' id='word_1_39' title='bbox 1424 1065 1561 1100; x_wconf 91' lang='lat' dir='ltr'><em>bellum</em></span> 
     </span>
     <span class='ocr_line' id='line_1_10' title="bbox 103 1118 1564 1163; baseline 0 -10"><span class='ocrx_word' id='word_1_40' title='bbox 103 1122 299 1163; x_wconf 77' lang='lat' dir='ltr'>apparetur</span> <span class='ocrx_word' id='word_1_41' title='bbox 314 1128 424 1163; x_wconf 89' lang='lat' dir='ltr'><em>quam</em></span> <span class='ocrx_word' id='word_1_42' title='bbox 438 1118 634 1160; x_wconf 83' lang='lat' dir='ltr'><em>celerrime,</em></span> <span class='ocrx_word' id='word_1_43' title='bbox 651 1120 688 1151; x_wconf 89' lang='lat' dir='ltr'><em>et</em></span> <span class='ocrx_word' id='word_1_44' title='bbox 704 1119 893 1151; x_wconf 79' lang='lat' dir='ltr'><em>mittamur</em></span> <span class='ocrx_word' id='word_1_45' title='bbox 909 1118 1017 1161; x_wconf 80' lang='lat' dir='ltr'><em>legati</em></span> <span class='ocrx_word' id='word_1_46' title='bbox 1030 1118 1090 1162; x_wconf 89' lang='lat' dir='ltr'><em>qui</em></span> <span class='ocrx_word' id='word_1_47' title='bbox 1105 1118 1185 1152; x_wconf 80' lang='lat' dir='ltr'><em>haec</em></span> <span class='ocrx_word' id='word_1_48' title='bbox 1197 1119 1321 1152; x_wconf 88' lang='lat' dir='ltr'><em>dicant</em></span> <span class='ocrx_word' id='word_1_49' title='bbox 1337 1121 1373 1152; x_wconf 92' lang='lat' dir='ltr'><em>et</em></span> <span class='ocrx_word' id='word_1_50' title='bbox 1387 1119 1494 1153; x_wconf 88' lang='lat' dir='ltr'><em>rebus</em></span> <span class='ocrx_word' id='word_1_51' title='bbox 1510 1120 1564 1153; x_wconf 91' lang='lat' dir='ltr'><em>in-</em></span> 
     </span>
     <span class='ocr_line' id='line_1_11' title="bbox 98 1172 1562 1218; baseline 0.001 -11"><span class='ocrx_word' id='word_1_52' title='bbox 98 1173 238 1215; x_wconf 88' lang='lat' dir='ltr'><em>tersint,</em></span> <span class='ocrx_word' id='word_1_53' title='bbox 253 1183 326 1218; x_wconf 94' lang='lat' dir='ltr'><em>quo</em></span> <span class='ocrx_word' id='word_1_54' title='bbox 344 1183 474 1218; x_wconf 83' lang='lat' dir='ltr'><em>nempe</em></span> <span class='ocrx_word' id='word_1_55' title='bbox 489 1172 667 1217; x_wconf 82' lang='lat' dir='ltr'><em>Philippo,</em></span> <span class='ocrx_word' id='word_1_56' title='bbox 680 1173 756 1206; x_wconf 90' lang='lat' dir='ltr'><em>viro</em></span> <span class='ocrx_word' id='word_1_57' title='bbox 769 1173 903 1207; x_wconf 88' lang='lat' dir='ltr'><em>callido</em></span> <span class='ocrx_word' id='word_1_58' title='bbox 919 1175 956 1206; x_wconf 88' lang='lat' dir='ltr'><em>et</em></span> <span class='ocrx_word' id='word_1_59' title='bbox 971 1172 1008 1206; x_wconf 92' lang='lat' dir='ltr'><em>in</em></span> <span class='ocrx_word' id='word_1_60' title='bbox 1022 1174 1130 1207; x_wconf 90' lang='lat' dir='ltr'><em>rebus</em></span> <span class='ocrx_word' id='word_1_61' title='bbox 1146 1174 1312 1216; x_wconf 85' lang='lat' dir='ltr'><em>gerendis</em></span> <span class='ocrx_word' id='word_1_62' title='bbox 1328 1174 1562 1217; x_wconf 85' lang='lat' dir='ltr'><em>dexterrimo,</em></span> 
     </span>
     <span class='ocr_line' id='line_1_12' title="bbox 101 1228 377 1263; baseline 0 -1"><span class='ocrx_word' id='word_1_63' title='bbox 101 1228 248 1263; x_wconf 90' lang='lat' dir='ltr'><em>obviam</em></span> <span class='ocrx_word' id='word_1_64' title='bbox 264 1231 377 1262; x_wconf 90' lang='lat' dir='ltr'><em>eatur.</em></span> 
     </span>
    </p>

    <p class='ocr_par' dir='ltr' id='par_1_8' title="bbox 99 1279 1565 1490">
     <span class='ocr_line' id='line_1_13' title="bbox 145 1279 1565 1326; baseline 0 -10"><span class='ocrx_word' id='word_1_65' title='bbox 145 1284 197 1316; x_wconf 82' lang='lat'><em>2⁰.</em></span> <span class='ocrx_word' id='word_1_66' title='bbox 225 1281 401 1323; x_wconf 84' lang='lat' dir='ltr'><em>Quamvis</em></span> <span class='ocrx_word' id='word_1_67' title='bbox 415 1281 606 1326; x_wconf 90' lang='lat' dir='ltr'><em>Philippus</em></span> <span class='ocrx_word' id='word_1_68' title='bbox 626 1281 741 1314; x_wconf 88' lang='lat' dir='ltr'><em>multa</em></span> <span class='ocrx_word' id='word_1_69' title='bbox 756 1279 888 1315; x_wconf 90' lang='lat' dir='ltr'><em>habeat</em></span> <span class='ocrx_word' id='word_1_70' title='bbox 904 1281 1119 1325; x_wconf 88' lang='lat' dir='ltr'><em>adjumenta</em></span> <span class='ocrx_word' id='word_1_71' title='bbox 1136 1281 1180 1315; x_wconf 88' lang='lat' dir='ltr'><em>ad</em></span> <span class='ocrx_word' id='word_1_72' title='bbox 1203 1292 1260 1315; x_wconf 89' lang='lat' dir='ltr'><em>res</em></span> <span class='ocrx_word' id='word_1_73' title='bbox 1276 1281 1428 1315; x_wconf 85' lang='lat' dir='ltr'><em>feliciter</em></span> <span class='ocrx_word' id='word_1_74' title='bbox 1439 1293 1565 1326; x_wconf 85' lang='lat' dir='ltr'><em>geren-</em></span> 
     </span>
     <span class='ocr_line' id='line_1_14' title="bbox 100 1335 1564 1381; baseline 0.001 -11"><span class='ocrx_word' id='word_1_75' title='bbox 100 1335 177 1378; x_wconf 83' lang='lat' dir='ltr'><em>das,</em></span> <span class='ocrx_word' id='word_1_76' title='bbox 192 1337 308 1370; x_wconf 90' lang='lat' dir='ltr'><em>multa</em></span> <span class='ocrx_word' id='word_1_77' title='bbox 324 1336 433 1371; x_wconf 91' lang='lat' dir='ltr'><em>etiam</em></span> <span class='ocrx_word' id='word_1_78' title='bbox 450 1336 560 1370; x_wconf 88' lang='lat' dir='ltr'><em>habet</em></span> <span class='ocrx_word' id='word_1_79' title='bbox 574 1346 658 1380; x_wconf 81' lang='lat' dir='ltr'><em>quae</em></span> <span class='ocrx_word' id='word_1_80' title='bbox 676 1335 745 1380; x_wconf 93' lang='lat' dir='ltr'><em>ipsi</em></span> <span class='ocrx_word' id='word_1_81' title='bbox 761 1338 931 1377; x_wconf 87' lang='lat' dir='ltr'><em>noceant,</em></span> <span class='ocrx_word' id='word_1_82' title='bbox 949 1336 1235 1380; x_wconf 88' lang='lat' dir='ltr'><em>prohibeantque</em></span> <span class='ocrx_word' id='word_1_83' title='bbox 1253 1346 1298 1369; x_wconf 93' lang='lat' dir='ltr'><em>ne</em></span> <span class='ocrx_word' id='word_1_84' title='bbox 1313 1347 1396 1370; x_wconf 89' lang='lat' dir='ltr'><em>cum</em></span> <span class='ocrx_word' id='word_1_85' title='bbox 1414 1336 1494 1381; x_wconf 90' lang='lat' dir='ltr'><em>ipso</em></span> <span class='ocrx_word' id='word_1_86' title='bbox 1510 1348 1564 1371; x_wconf 90' lang='lat' dir='ltr'><em>re-</em></span> 
     </span>
     <span class='ocr_line' id='line_1_15' title="bbox 99 1390 1565 1437; baseline 0.001 -13"><span class='ocrx_word' id='word_1_87' title='bbox 99 1391 337 1425; x_wconf 88' lang='lat' dir='ltr'><em>concilientur</em></span> <span class='ocrx_word' id='word_1_88' title='bbox 353 1391 530 1434; x_wconf 76' lang='lat' dir='ltr'><em>Olynthii,</em></span> <span class='ocrx_word' id='word_1_89' title='bbox 556 1391 726 1424; x_wconf 90' lang='lat' dir='ltr'><em>nimirum</em></span> <span class='ocrx_word' id='word_1_90' title='bbox 749 1390 847 1434; x_wconf 90' lang='lat' dir='ltr'><em>quod</em></span> <span class='ocrx_word' id='word_1_91' title='bbox 859 1401 928 1424; x_wconf 81' lang='lat' dir='ltr'><em>rex</em></span> <span class='ocrx_word' id='word_1_92' title='bbox 953 1390 1011 1432; x_wconf 84' lang='lat' dir='ltr'><em>sit,</em></span> <span class='ocrx_word' id='word_1_93' title='bbox 1028 1393 1065 1424; x_wconf 92' lang='lat' dir='ltr'><em>et</em></span> <span class='ocrx_word' id='word_1_94' title='bbox 1081 1392 1178 1435; x_wconf 90' lang='lat' dir='ltr'><em>quod</em></span> <span class='ocrx_word' id='word_1_95' title='bbox 1204 1401 1288 1425; x_wconf 91' lang='lat' dir='ltr'><em>cum</em></span> <span class='ocrx_word' id='word_1_96' title='bbox 1305 1393 1486 1426; x_wconf 86' lang='lat' dir='ltr'><em>nonnullis</em></span> <span class='ocrx_word' id='word_1_97' title='bbox 1502 1392 1565 1437; x_wconf 88' lang='lat' dir='ltr'><em>qui</em></span> 
     </span>
     <span class='ocr_line' id='line_1_16' title="bbox 103 1445 931 1490; baseline 0 -12"><span class='ocrx_word' id='word_1_98' title='bbox 103 1454 185 1478; x_wconf 89' lang='lat' dir='ltr'><em>suas</em></span> <span class='ocrx_word' id='word_1_99' title='bbox 201 1445 269 1489; x_wconf 89' lang='lat' dir='ltr'><em>ipsi</em></span> <span class='ocrx_word' id='word_1_100' title='bbox 286 1445 396 1480; x_wconf 91' lang='lat' dir='ltr'><em>urbes</em></span> <span class='ocrx_word' id='word_1_101' title='bbox 411 1445 640 1479; x_wconf 87' lang='lat' dir='ltr'><em>tradiderunt</em></span> <span class='ocrx_word' id='word_1_102' title='bbox 657 1445 791 1490; x_wconf 87' lang='lat' dir='ltr'><em>perfide</em></span> <span class='ocrx_word' id='word_1_103' title='bbox 806 1445 931 1489; x_wconf 86' lang='lat' dir='ltr'><em>egerit.</em></span> 
     </span>
    </p>

    <p class='ocr_par' dir='ltr' id='par_1_9' title="bbox 102 1499 1567 1654">
     <span class='ocr_line' id='line_1_17' title="bbox 146 1499 1565 1545; baseline 0.001 -12"><span class='ocrx_word' id='word_1_104' title='bbox 146 1502 198 1533; x_wconf 86' lang='lat'><em>3⁰.</em></span> <span class='ocrx_word' id='word_1_105' title='bbox 224 1500 466 1534; x_wconf 87' lang='lat' dir='ltr'><em>Athenienses</em></span> <span class='ocrx_word' id='word_1_106' title='bbox 481 1500 617 1534; x_wconf 88' lang='lat' dir='ltr'><em>debent</em></span> <span class='ocrx_word' id='word_1_107' title='bbox 633 1500 825 1545; x_wconf 83' lang='lat' dir='ltr'><em>pecuniam</em></span> <span class='ocrx_word' id='word_1_108' title='bbox 842 1510 886 1533; x_wconf 90' lang='lat' dir='ltr'><em>eo</em></span> <span class='ocrx_word' id='word_1_109' title='bbox 903 1499 1074 1534; x_wconf 89' lang='lat' dir='ltr'><em>libentius</em></span> <span class='ocrx_word' id='word_1_110' title='bbox 1088 1500 1251 1534; x_wconf 88' lang='lat' dir='ltr'><em>conferre</em></span> <span class='ocrx_word' id='word_1_111' title='bbox 1268 1502 1305 1533; x_wconf 92' lang='lat' dir='ltr'><em>et</em></span> <span class='ocrx_word' id='word_1_112' title='bbox 1321 1500 1390 1544; x_wconf 89' lang='lat' dir='ltr'><em>ipsi</em></span> <span class='ocrx_word' id='word_1_113' title='bbox 1410 1501 1565 1535; x_wconf 88' lang='lat' dir='ltr'><em>militare</em></span> 
     </span>
     <span class='ocr_line' id='line_1_18' title="bbox 102 1555 1567 1600; baseline 0.001 -12"><span class='ocrx_word' id='word_1_114' title='bbox 102 1565 146 1588; x_wconf 90' lang='lat' dir='ltr'><em>eo</em></span> <span class='ocrx_word' id='word_1_115' title='bbox 164 1555 330 1596; x_wconf 88' lang='lat' dir='ltr'><em>alacrius,</em></span> <span class='ocrx_word' id='word_1_116' title='bbox 346 1555 443 1599; x_wconf 86' lang='lat' dir='ltr'><em>quod</em></span> <span class='ocrx_word' id='word_1_117' title='bbox 461 1558 590 1599; x_wconf 90' lang='lat' dir='ltr'><em>sponte</em></span> <span class='ocrx_word' id='word_1_118' title='bbox 606 1566 644 1589; x_wconf 88' lang='lat' dir='ltr'><em>se</em></span> <span class='ocrx_word' id='word_1_119' title='bbox 660 1555 785 1589; x_wconf 81' lang='lat' dir='ltr'><em>offerat</em></span> <span class='ocrx_word' id='word_1_120' title='bbox 800 1555 943 1589; x_wconf 87' lang='lat' dir='ltr'><em>occasio</em></span> <span class='ocrx_word' id='word_1_121' title='bbox 960 1565 1068 1599; x_wconf 90' lang='lat' dir='ltr'><em>quam</em></span> <span class='ocrx_word' id='word_1_122' title='bbox 1085 1555 1252 1589; x_wconf 83' lang='lat' dir='ltr'><em>ardenter</em></span> <span class='ocrx_word' id='word_1_123' title='bbox 1265 1557 1494 1600; x_wconf 73' lang='lat' dir='ltr'><em>optaverunt,</em></span> <span class='ocrx_word' id='word_1_124' title='bbox 1510 1557 1567 1590; x_wconf 93' lang='lat' dir='ltr'><em>ni-</em></span> 
     </span>
     <span class='ocr_line' id='line_1_19' title="bbox 103 1609 1533 1654; baseline 0.001 -12"><span class='ocrx_word' id='word_1_125' title='bbox 103 1609 235 1642; x_wconf 90' lang='lat' dir='ltr'><em>mirum</em></span> <span class='ocrx_word' id='word_1_126' title='bbox 252 1609 415 1653; x_wconf 80' lang='lat' dir='ltr'><em>Olynthii</em></span> <span class='ocrx_word' id='word_1_127' title='bbox 432 1610 600 1654; x_wconf 87' lang='lat' dir='ltr'><em>Philippo</em></span> <span class='ocrx_word' id='word_1_128' title='bbox 616 1610 669 1643; x_wconf 86' lang='lat' dir='ltr'><em>ita</em></span> <span class='ocrx_word' id='word_1_129' title='bbox 680 1609 818 1644; x_wconf 87' lang='lat' dir='ltr'><em>inimici</em></span> <span class='ocrx_word' id='word_1_130' title='bbox 835 1609 921 1643; x_wconf 81' lang='lat' dir='ltr'><em>faeti</em></span> <span class='ocrx_word' id='word_1_131' title='bbox 935 1612 977 1643; x_wconf 93' lang='lat' dir='ltr'><em>ut</em></span> <span class='ocrx_word' id='word_1_132' title='bbox 991 1610 1096 1643; x_wconf 89' lang='lat' dir='ltr'><em>amici</em></span> <span class='ocrx_word' id='word_1_133' title='bbox 1108 1610 1186 1653; x_wconf 89' lang='lat' dir='ltr'><em>jam</em></span> <span class='ocrx_word' id='word_1_134' title='bbox 1204 1609 1280 1643; x_wconf 90' lang='lat' dir='ltr'><em>fieri</em></span> <span class='ocrx_word' id='word_1_135' title='bbox 1296 1620 1368 1642; x_wconf 91' lang='lat' dir='ltr'><em>non</em></span> <span class='ocrx_word' id='word_1_136' title='bbox 1382 1610 1533 1654; x_wconf 81' lang='lat' dir='ltr'><em>possint.</em></span> 
     </span>
    </p>

    <p class='ocr_par' dir='ltr' id='par_1_10' title="bbox 101 1664 1571 1868">
     <span class='ocr_line' id='line_1_20' title="bbox 149 1664 1569 1707; baseline 0.001 -10"><span class='ocrx_word' id='word_1_137' title='bbox 149 1666 200 1698; x_wconf 83' lang='lat'><em>4⁰.</em></span> <span class='ocrx_word' id='word_1_138' title='bbox 226 1664 430 1698; x_wconf 90' lang='lat' dir='ltr'><em>Audientes</em></span> <span class='ocrx_word' id='word_1_139' title='bbox 447 1664 608 1698; x_wconf 88' lang='lat' dir='ltr'><em>hortatur</em></span> <span class='ocrx_word' id='word_1_140' title='bbox 624 1666 743 1698; x_wconf 89' lang='lat' dir='ltr'><em>orator</em></span> <span class='ocrx_word' id='word_1_141' title='bbox 755 1675 800 1698; x_wconf 90' lang='lat' dir='ltr'><em>ne</em></span> <span class='ocrx_word' id='word_1_142' title='bbox 815 1664 1042 1698; x_wconf 86' lang='lat' dir='ltr'><em>occasionem</em></span> <span class='ocrx_word' id='word_1_143' title='bbox 1059 1664 1219 1697; x_wconf 88' lang='lat' dir='ltr'><em>oblatam</em></span> <span class='ocrx_word' id='word_1_144' title='bbox 1235 1664 1433 1707; x_wconf 83' lang='lat' dir='ltr'><em>negligant.</em></span> <span class='ocrx_word' id='word_1_145' title='bbox 1471 1665 1569 1699; x_wconf 88' lang='lat' dir='ltr'><em>Non-</em></span> 
     </span>
     <span class='ocr_line' id='line_1_21' title="bbox 101 1716 1569 1762; baseline 0.002 -12"><span class='ocrx_word' id='word_1_146' title='bbox 101 1717 218 1751; x_wconf 89' lang='lat' dir='ltr'><em>nullas</em></span> <span class='ocrx_word' id='word_1_147' title='bbox 233 1718 341 1751; x_wconf 88' lang='lat' dir='ltr'><em>refert</em></span> <span class='ocrx_word' id='word_1_148' title='bbox 351 1718 561 1752; x_wconf 85' lang='lat' dir='ltr'><em>occasiones</em></span> <span class='ocrx_word' id='word_1_149' title='bbox 575 1729 657 1762; x_wconf 73' lang='lat' dir='ltr'><em>quae</em></span> <span class='ocrx_word' id='word_1_150' title='bbox 670 1720 948 1762; x_wconf 82' lang='lat' dir='ltr'><em>praecesserunt,</em></span> <span class='ocrx_word' id='word_1_151' title='bbox 963 1717 1096 1762; x_wconf 83' lang='lat' dir='ltr'><em>quibus</em></span> <span class='ocrx_word' id='word_1_152' title='bbox 1111 1716 1287 1761; x_wconf 86' lang='lat' dir='ltr'><em>neglectis</em></span> <span class='ocrx_word' id='word_1_153' title='bbox 1304 1718 1493 1762; x_wconf 89' lang='lat' dir='ltr'><em>Philippus</em></span> <span class='ocrx_word' id='word_1_154' title='bbox 1508 1730 1569 1753; x_wconf 85' lang='lat' dir='ltr'><em>va-</em></span> 
     </span>
     <span class='ocr_line' id='line_1_22' title="bbox 104 1771 1571 1817; baseline 0.003 -12"><span class='ocrx_word' id='word_1_155' title='bbox 104 1771 209 1805; x_wconf 90' lang='lat' dir='ltr'><em>lidior</em></span> <span class='ocrx_word' id='word_1_156' title='bbox 226 1772 343 1806; x_wconf 88' lang='lat' dir='ltr'><em>factus</em></span> <span class='ocrx_word' id='word_1_157' title='bbox 360 1772 448 1806; x_wconf 87' lang='lat' dir='ltr'><em>fuit:</em></span> <span class='ocrx_word' id='word_1_158' title='bbox 474 1783 558 1816; x_wconf 85' lang='lat' dir='ltr'><em>quae</em></span> <span class='ocrx_word' id='word_1_159' title='bbox 576 1773 800 1805; x_wconf 84' lang='lat' dir='ltr'><em>documento</em></span> <span class='ocrx_word' id='word_1_160' title='bbox 818 1776 904 1805; x_wconf 88' lang='lat' dir='ltr'><em>sunt</em></span> <span class='ocrx_word' id='word_1_161' title='bbox 930 1782 975 1805; x_wconf 87' lang='lat' dir='ltr'><em>ne</em></span> <span class='ocrx_word' id='word_1_162' title='bbox 997 1772 1091 1806; x_wconf 89' lang='lat' dir='ltr'><em>hanc</em></span> <span class='ocrx_word' id='word_1_163' title='bbox 1119 1777 1351 1816; x_wconf 65' lang='lat' dir='ltr'><em>praesentem,</em></span> <span class='ocrx_word' id='word_1_164' title='bbox 1377 1775 1571 1817; x_wconf 86' lang='lat' dir='ltr'><em>praeteritis</em></span> 
     </span>
     <span class='ocr_line' id='line_1_23' title="bbox 107 1826 564 1868; baseline 0 -8"><span class='ocrx_word' id='word_1_165' title='bbox 107 1826 246 1868; x_wconf 84' lang='lat' dir='ltr'><em>moniti,</em></span> <span class='ocrx_word' id='word_1_166' title='bbox 260 1827 372 1860; x_wconf 88' lang='lat' dir='ltr'><em>velint</em></span> <span class='ocrx_word' id='word_1_167' title='bbox 385 1827 564 1860; x_wconf 83' lang='lat' dir='ltr'><em>omittere.</em></span> 
     </span>
    </p>

    <p class='ocr_par' dir='ltr' id='par_1_11' title="bbox 100 1880 1569 2143">
     <span class='ocr_line' id='line_1_24' title="bbox 147 1880 1568 1926; baseline 0.002 -12"><span class='ocrx_word' id='word_1_168' title='bbox 147 1882 199 1914; x_wconf 80' lang='lat'><em>5⁰.</em></span> <span class='ocrx_word' id='word_1_169' title='bbox 226 1880 329 1924; x_wconf 87' lang='lat' dir='ltr'><em>Ipsos</em></span> <span class='ocrx_word' id='word_1_170' title='bbox 351 1883 475 1914; x_wconf 89' lang='lat' dir='ltr'><em>monet</em></span> <span class='ocrx_word' id='word_1_171' title='bbox 490 1883 533 1914; x_wconf 88' lang='lat' dir='ltr'><em>ut</em></span> <span class='ocrx_word' id='word_1_172' title='bbox 548 1880 616 1914; x_wconf 81' lang='lat' dir='ltr'><em>diis</em></span> <span class='ocrx_word' id='word_1_173' title='bbox 632 1883 743 1924; x_wconf 86' lang='lat' dir='ltr'><em>agant</em></span> <span class='ocrx_word' id='word_1_174' title='bbox 759 1883 891 1924; x_wconf 86' lang='lat' dir='ltr'><em>gratias</em></span> <span class='ocrx_word' id='word_1_175' title='bbox 907 1882 953 1915; x_wconf 90' lang='lat' dir='ltr'><em>ob</em></span> <span class='ocrx_word' id='word_1_176' title='bbox 979 1885 1132 1926; x_wconf 86' lang='lat' dir='ltr'><em>accepta</em></span> <span class='ocrx_word' id='word_1_177' title='bbox 1151 1883 1231 1926; x_wconf 88' lang='lat' dir='ltr'><em>jam</em></span> <span class='ocrx_word' id='word_1_178' title='bbox 1250 1881 1437 1923; x_wconf 88' lang='lat' dir='ltr'><em>beneficia,</em></span> <span class='ocrx_word' id='word_1_179' title='bbox 1453 1884 1491 1916; x_wconf 89' lang='lat' dir='ltr'><em>et</em></span> <span class='ocrx_word' id='word_1_180' title='bbox 1506 1883 1568 1917; x_wconf 93' lang='lat' dir='ltr'><em>ob-</em></span> 
     </span>
     <span class='ocr_line' id='line_1_25' title="bbox 102 1934 1569 1981; baseline 0.001 -12"><span class='ocrx_word' id='word_1_181' title='bbox 102 1936 178 1969; x_wconf 84' lang='lat' dir='ltr'><em>lata</em></span> <span class='ocrx_word' id='word_1_182' title='bbox 191 1945 289 1968; x_wconf 91' lang='lat' dir='ltr'><em>nunc</em></span> <span class='ocrx_word' id='word_1_183' title='bbox 306 1945 390 1978; x_wconf 83' lang='lat' dir='ltr'><em>quae</em></span> <span class='ocrx_word' id='word_1_184' title='bbox 408 1936 568 1978; x_wconf 89' lang='lat' dir='ltr'><em>ipsorum</em></span> <span class='ocrx_word' id='word_1_185' title='bbox 585 1935 846 1977; x_wconf 83' lang='lat' dir='ltr'><em>negligentiam</em></span> <span class='ocrx_word' id='word_1_186' title='bbox 863 1940 1114 1980; x_wconf 84' lang='lat' dir='ltr'><em>compensent.</em></span> <span class='ocrx_word' id='word_1_187' title='bbox 1154 1937 1215 1970; x_wconf 92' lang='lat' dir='ltr'><em>Ab</em></span> <span class='ocrx_word' id='word_1_188' title='bbox 1232 1934 1321 1980; x_wconf 88' lang='lat' dir='ltr'><em>ipsis</em></span> <span class='ocrx_word' id='word_1_189' title='bbox 1334 1938 1442 1970; x_wconf 87' lang='lat' dir='ltr'><em>etiam</em></span> <span class='ocrx_word' id='word_1_190' title='bbox 1459 1940 1569 1981; x_wconf 86' lang='lat' dir='ltr'><em>atque</em></span> 
     </span>
     <span class='ocr_line' id='line_1_26' title="bbox 103 1988 1569 2033; baseline 0.001 -10"><span class='ocrx_word' id='word_1_191' title='bbox 103 1989 212 2023; x_wconf 88' lang='lat' dir='ltr'><em>etiam</em></span> <span class='ocrx_word' id='word_1_192' title='bbox 229 1988 323 2032; x_wconf 85' lang='lat' dir='ltr'><em>petit</em></span> <span class='ocrx_word' id='word_1_193' title='bbox 338 1992 381 2023; x_wconf 86' lang='lat' dir='ltr'><em>ut</em></span> <span class='ocrx_word' id='word_1_194' title='bbox 393 1989 604 2032; x_wconf 87' lang='lat' dir='ltr'><em>impressam</em></span> <span class='ocrx_word' id='word_1_195' title='bbox 623 1989 668 2021; x_wconf 90' lang='lat' dir='ltr'><em>ob</em></span> <span class='ocrx_word' id='word_1_196' title='bbox 682 2000 738 2021; x_wconf 91' lang='lat' dir='ltr'><em>res</em></span> <span class='ocrx_word' id='word_1_197' title='bbox 760 1989 853 2022; x_wconf 91' lang='lat' dir='ltr'><em>male</em></span> <span class='ocrx_word' id='word_1_198' title='bbox 881 1989 1146 2024; x_wconf 83' lang='lat' dir='ltr'><em>administratas</em></span> <span class='ocrx_word' id='word_1_199' title='bbox 1162 1991 1370 2033; x_wconf 66' lang='lat' dir='ltr'><em>ignominiae</em></span> <span class='ocrx_word' id='word_1_200' title='bbox 1387 1993 1569 2026; x_wconf 88' lang='lat' dir='ltr'><em>maculam</em></span> 
     </span>
     <span class='ocr_line' id='line_1_27' title="bbox 104 2043 1569 2092; baseline 0.002 -15"><span class='ocrx_word' id='word_1_201' title='bbox 104 2044 239 2084; x_wconf 84' lang='lat' dir='ltr'><em>eluant,</em></span> <span class='ocrx_word' id='word_1_202' title='bbox 260 2053 307 2076; x_wconf 90' lang='lat' dir='ltr'><em>ne</em></span> <span class='ocrx_word' id='word_1_203' title='bbox 333 2043 374 2085; x_wconf 89' lang='lat' dir='ltr'><em>si,</em></span> <span class='ocrx_word' id='word_1_204' title='bbox 400 2043 582 2077; x_wconf 84' lang='lat' dir='ltr'><em>destitutis</em></span> <span class='ocrx_word' id='word_1_205' title='bbox 612 2043 806 2092; x_wconf 83' lang='lat' dir='ltr'><em>OlynthiiS,</em></span> <span class='ocrx_word' id='word_1_206' title='bbox 833 2044 1038 2087; x_wconf 82' lang='lat' dir='ltr'><em>Olynthum</em></span> <span class='ocrx_word' id='word_1_207' title='bbox 1063 2045 1235 2079; x_wconf 84' lang='lat' dir='ltr'><em>everterit</em></span> <span class='ocrx_word' id='word_1_208' title='bbox 1255 2045 1456 2090; x_wconf 90' lang='lat' dir='ltr'><em>Philippus,</em></span> <span class='ocrx_word' id='word_1_209' title='bbox 1481 2046 1569 2081; x_wconf 90' lang='lat' dir='ltr'><em>nihil</em></span> 
     </span>
     <span class='ocr_line' id='line_1_28' title="bbox 100 2098 999 2143; baseline 0 -10"><span class='ocrx_word' id='word_1_210' title='bbox 100 2100 176 2143; x_wconf 87' lang='lat' dir='ltr'><em>jam</em></span> <span class='ocrx_word' id='word_1_211' title='bbox 194 2101 298 2134; x_wconf 89' lang='lat' dir='ltr'><em>illum</em></span> <span class='ocrx_word' id='word_1_212' title='bbox 312 2102 512 2133; x_wconf 89' lang='lat' dir='ltr'><em>remoretur</em></span> <span class='ocrx_word' id='word_1_213' title='bbox 529 2098 724 2143; x_wconf 91' lang='lat' dir='ltr'><em>quominus</em></span> <span class='ocrx_word' id='word_1_214' title='bbox 741 2101 801 2132; x_wconf 88' lang='lat' dir='ltr'><em>eat</em></span> <span class='ocrx_word' id='word_1_215' title='bbox 814 2110 887 2143; x_wconf 92' lang='lat' dir='ltr'><em>quo</em></span> <span class='ocrx_word' id='word_1_216' title='bbox 902 2100 999 2133; x_wconf 88' lang='lat' dir='ltr'><em>velit.</em></span> 
     </span>
    </p>

    <p class='ocr_par' dir='ltr' id='par_1_12' title="bbox 105 2153 1569 2352">
     <span class='ocr_line' id='line_1_29' title="bbox 150 2153 1569 2198; baseline 0.001 -10"><span class='ocrx_word' id='word_1_217' title='bbox 150 2157 202 2188; x_wconf 87' lang='lat'><em>6⁰.</em></span> <span class='ocrx_word' id='word_1_218' title='bbox 229 2154 372 2188; x_wconf 80' lang='lat' dir='ltr'><em>Vividis</em></span> <span class='ocrx_word' id='word_1_219' title='bbox 386 2153 535 2198; x_wconf 86' lang='lat' dir='ltr'><em>exponit</em></span> <span class='ocrx_word' id='word_1_220' title='bbox 552 2153 730 2186; x_wconf 89' lang='lat' dir='ltr'><em>coloribus</em></span> <span class='ocrx_word' id='word_1_221' title='bbox 747 2154 928 2197; x_wconf 90' lang='lat' dir='ltr'><em>quomodo</em></span> <span class='ocrx_word' id='word_1_222' title='bbox 945 2154 1004 2188; x_wconf 90' lang='lat' dir='ltr'><em>ille</em></span> <span class='ocrx_word' id='word_1_223' title='bbox 1019 2165 1083 2188; x_wconf 84' lang='lat' dir='ltr'><em>rex</em></span> <span class='ocrx_word' id='word_1_224' title='bbox 1109 2164 1263 2198; x_wconf 86' lang='lat' dir='ltr'><em>magnus</em></span> <span class='ocrx_word' id='word_1_225' title='bbox 1279 2155 1454 2197; x_wconf 82' lang='lat' dir='ltr'><em>evaserit3</em></span> <span class='ocrx_word' id='word_1_226' title='bbox 1471 2156 1569 2190; x_wconf 89' lang='lat' dir='ltr'><em>unde</em></span> 
     </span>
     <span class='ocr_line' id='line_1_30' title="bbox 105 2207 1568 2254; baseline 0.001 -12"><span class='ocrx_word' id='word_1_227' title='bbox 105 2209 308 2253; x_wconf 88' lang='lat' dir='ltr'><em>periculum</em></span> <span class='ocrx_word' id='word_1_228' title='bbox 327 2211 383 2242; x_wconf 89' lang='lat' dir='ltr'><em>est</em></span> <span class='ocrx_word' id='word_1_229' title='bbox 412 2219 459 2242; x_wconf 90' lang='lat' dir='ltr'><em>ne</em></span> <span class='ocrx_word' id='word_1_230' title='bbox 482 2208 630 2241; x_wconf 87' lang='lat' dir='ltr'><em>tandem</em></span> <span class='ocrx_word' id='word_1_231' title='bbox 658 2207 794 2241; x_wconf 89' lang='lat' dir='ltr'><em>bellum</em></span> <span class='ocrx_word' id='word_1_232' title='bbox 816 2209 861 2241; x_wconf 90' lang='lat' dir='ltr'><em>ad</em></span> <span class='ocrx_word' id='word_1_233' title='bbox 878 2209 1119 2242; x_wconf 87' lang='lat' dir='ltr'><em>Athenienses</em></span> <span class='ocrx_word' id='word_1_234' title='bbox 1132 2210 1267 2251; x_wconf 85' lang='lat' dir='ltr'><em>veniat,</em></span> <span class='ocrx_word' id='word_1_235' title='bbox 1293 2210 1462 2254; x_wconf 87' lang='lat' dir='ltr'><em>ipsisque,</em></span> <span class='ocrx_word' id='word_1_236' title='bbox 1480 2211 1568 2245; x_wconf 93' lang='lat' dir='ltr'><em>dum</em></span> 
     </span>
     <span class='ocr_line' id='line_1_31' title="bbox 105 2263 1568 2310; baseline 0.003 -13"><span class='ocrx_word' id='word_1_237' title='bbox 105 2264 273 2297; x_wconf 89' lang='lat' dir='ltr'><em>socordes</em></span> <span class='ocrx_word' id='word_1_238' title='bbox 290 2267 407 2304; x_wconf 88' lang='lat' dir='ltr'><em>erunt,</em></span> <span class='ocrx_word' id='word_1_239' title='bbox 425 2266 462 2296; x_wconf 86' lang='lat' dir='ltr'><em>et</em></span> <span class='ocrx_word' id='word_1_240' title='bbox 480 2263 539 2296; x_wconf 90' lang='lat' dir='ltr'><em>ille</em></span> <span class='ocrx_word' id='word_1_241' title='bbox 556 2264 630 2296; x_wconf 86' lang='lat' dir='ltr'><em>otio</em></span> <span class='ocrx_word' id='word_1_242' title='bbox 648 2272 718 2296; x_wconf 91' lang='lat' dir='ltr'><em>non</em></span> <span class='ocrx_word' id='word_1_243' title='bbox 741 2263 875 2306; x_wconf 90' lang='lat' dir='ltr'><em>poterit</em></span> <span class='ocrx_word' id='word_1_244' title='bbox 891 2264 1135 2308; x_wconf 88' lang='lat' dir='ltr'><em>acquiescere,</em></span> <span class='ocrx_word' id='word_1_245' title='bbox 1153 2265 1199 2298; x_wconf 88' lang='lat' dir='ltr'><em>de</em></span> <span class='ocrx_word' id='word_1_246' title='bbox 1216 2275 1282 2298; x_wconf 94' lang='lat' dir='ltr'><em>suo</em></span> <span class='ocrx_word' id='word_1_247' title='bbox 1305 2265 1463 2309; x_wconf 87' lang='lat' dir='ltr'><em>ipsorum</em></span> <span class='ocrx_word' id='word_1_248' title='bbox 1482 2277 1568 2310; x_wconf 88' lang='lat' dir='ltr'><em>agro</em></span> 
     </span>
     <span class='ocr_line' id='line_1_32' title="bbox 106 2318 425 2352; baseline -0.003 0"><span class='ocrx_word' id='word_1_249' title='bbox 106 2318 151 2352; x_wconf 84' lang='lat' dir='ltr'><em>sit</em></span> <span class='ocrx_word' id='word_1_250' title='bbox 167 2318 425 2352; x_wconf 89' lang='lat' dir='ltr'><em>dimicandum.</em></span> 
     </span>
    </p>

    <p class='ocr_par' dir='ltr' id='par_1_13' title="bbox 106 2372 1571 2581">
     <span class='ocr_line' id='line_1_33' title="bbox 152 2372 1571 2418; baseline 0.001 -12"><span class='ocrx_word' id='word_1_251' title='bbox 152 2375 202 2407; x_wconf 85' lang='lat'><em>7⁰.</em></span> <span class='ocrx_word' id='word_1_252' title='bbox 227 2373 263 2407; x_wconf 94' lang='lat' dir='ltr'><strong>A</strong></span> <span class='ocrx_word' id='word_1_253' title='bbox 279 2372 545 2418; x_wconf 85' lang='lat' dir='ltr'><em>vituperatione</em></span> <span class='ocrx_word' id='word_1_254' title='bbox 567 2383 694 2407; x_wconf 90' lang='lat' dir='ltr'><em>eorum</em></span> <span class='ocrx_word' id='word_1_255' title='bbox 720 2384 803 2418; x_wconf 80' lang='lat' dir='ltr'><em>quae</em></span> <span class='ocrx_word' id='word_1_256' title='bbox 823 2373 928 2416; x_wconf 87' lang='lat' dir='ltr'><em>fiunt,</em></span> <span class='ocrx_word' id='word_1_257' title='bbox 951 2374 1081 2408; x_wconf 87' lang='lat' dir='ltr'><em>transit</em></span> <span class='ocrx_word' id='word_1_258' title='bbox 1097 2373 1143 2407; x_wconf 92' lang='lat' dir='ltr'><em>ad</em></span> <span class='ocrx_word' id='word_1_259' title='bbox 1167 2375 1383 2408; x_wconf 86' lang='lat' dir='ltr'><em>sententiam</em></span> <span class='ocrx_word' id='word_1_260' title='bbox 1397 2374 1508 2408; x_wconf 89' lang='lat' dir='ltr'><em>libere</em></span> <span class='ocrx_word' id='word_1_261' title='bbox 1533 2377 1571 2409; x_wconf 88' lang='lat' dir='ltr'><em>et</em></span> 
     </span>
     <span class='ocr_line' id='line_1_34' title="bbox 107 2427 1571 2473; baseline 0.001 -13"><span class='ocrx_word' id='word_1_262' title='bbox 107 2427 207 2462; x_wconf 86' lang='lat' dir='ltr'><em>nulla</em></span> <span class='ocrx_word' id='word_1_263' title='bbox 223 2427 279 2461; x_wconf 91' lang='lat' dir='ltr'><em>sui</em></span> <span class='ocrx_word' id='word_1_264' title='bbox 304 2427 426 2462; x_wconf 88' lang='lat' dir='ltr'><em>habita</em></span> <span class='ocrx_word' id='word_1_265' title='bbox 441 2428 579 2462; x_wconf 85' lang='lat' dir='ltr'><em>ratione</em></span> <span class='ocrx_word' id='word_1_266' title='bbox 597 2428 754 2462; x_wconf 89' lang='lat' dir='ltr'><em>dandam</em></span> <span class='ocrx_word' id='word_1_267' title='bbox 773 2428 818 2462; x_wconf 92' lang='lat' dir='ltr'><em>de</em></span> <span class='ocrx_word' id='word_1_268' title='bbox 841 2428 884 2461; x_wconf 88' lang='lat' dir='ltr'><em>iis</em></span> <span class='ocrx_word' id='word_1_269' title='bbox 907 2439 990 2473; x_wconf 86' lang='lat' dir='ltr'><em>quae</em></span> <span class='ocrx_word' id='word_1_270' title='bbox 1014 2429 1089 2462; x_wconf 86' lang='lat' dir='ltr'><em>fieri</em></span> <span class='ocrx_word' id='word_1_271' title='bbox 1112 2428 1260 2462; x_wconf 89' lang='lat' dir='ltr'><em>debent.</em></span> <span class='ocrx_word' id='word_1_272' title='bbox 1307 2428 1445 2462; x_wconf 89' lang='lat' dir='ltr'><em>Censet</em></span> <span class='ocrx_word' id='word_1_273' title='bbox 1460 2428 1571 2473; x_wconf 81' lang='lat' dir='ltr'><em>igitur</em></span> 
     </span>
     <span class='ocr_line' id='line_1_35' title="bbox 106 2481 1571 2527; baseline 0.001 -13"><span class='ocrx_word' id='word_1_274' title='bbox 106 2481 299 2516; x_wconf 84' lang='lat' dir='ltr'><em>mittendas</em></span> <span class='ocrx_word' id='word_1_275' title='bbox 315 2492 394 2516; x_wconf 87' lang='lat' dir='ltr'><em>esse</em></span> <span class='ocrx_word' id='word_1_276' title='bbox 411 2483 534 2527; x_wconf 89' lang='lat' dir='ltr'><em>copias</em></span> <span class='ocrx_word' id='word_1_277' title='bbox 550 2494 632 2527; x_wconf 87' lang='lat' dir='ltr'><em>quae</em></span> <span class='ocrx_word' id='word_1_278' title='bbox 650 2486 687 2517; x_wconf 88' lang='lat' dir='ltr'><em>et</em></span> <span class='ocrx_word' id='word_1_279' title='bbox 703 2483 894 2526; x_wconf 87' lang='lat' dir='ltr'><em>Olynthios</em></span> <span class='ocrx_word' id='word_1_280' title='bbox 908 2482 1104 2517; x_wconf 87' lang='lat' dir='ltr'><em>defendant</em></span> <span class='ocrx_word' id='word_1_281' title='bbox 1118 2485 1154 2516; x_wconf 88' lang='lat' dir='ltr'><em>et</em></span> <span class='ocrx_word' id='word_1_282' title='bbox 1171 2482 1330 2527; x_wconf 91' lang='lat' dir='ltr'><em>Philippi</em></span> <span class='ocrx_word' id='word_1_283' title='bbox 1343 2494 1493 2527; x_wconf 82' lang='lat' dir='ltr'><em>regnum</em></span> <span class='ocrx_word' id='word_1_284' title='bbox 1509 2483 1571 2516; x_wconf 91' lang='lat' dir='ltr'><em>de-</em></span> 
     </span>
     <span class='ocr_line' id='line_1_36' title="bbox 109 2536 1281 2581; baseline 0.002 -13"><span class='ocrx_word' id='word_1_285' title='bbox 109 2538 263 2570; x_wconf 89' lang='lat' dir='ltr'><em>vastent.</em></span> <span class='ocrx_word' id='word_1_286' title='bbox 313 2536 495 2571; x_wconf 87' lang='lat' dir='ltr'><em>Neutrum</em></span> <span class='ocrx_word' id='word_1_287' title='bbox 513 2548 592 2571; x_wconf 89' lang='lat' dir='ltr'><em>esse</em></span> <span class='ocrx_word' id='word_1_288' title='bbox 606 2537 862 2581; x_wconf 86' lang='lat' dir='ltr'><em>negligendum</em></span> <span class='ocrx_word' id='word_1_289' title='bbox 874 2537 1030 2571; x_wconf 87' lang='lat' dir='ltr'><em>breviter</em></span> <span class='ocrx_word' id='word_1_290' title='bbox 1048 2537 1281 2571; x_wconf 88' lang='lat' dir='ltr'><em>demonstrat.</em></span> 
     </span>
    </p>

    <p class='ocr_par' dir='ltr' id='par_1_14' title="bbox 109 2590 1572 2912">
     <span class='ocr_line' id='line_1_37' title="bbox 155 2590 1568 2638; baseline 0.001 -13"><span class='ocrx_word' id='word_1_291' title='bbox 155 2593 205 2625; x_wconf 86' lang='lat'><em>8⁰.</em></span> <span class='ocrx_word' id='word_1_292' title='bbox 235 2590 294 2625; x_wconf 92' lang='lat' dir='ltr'><em>De</em></span> <span class='ocrx_word' id='word_1_293' title='bbox 310 2591 465 2636; x_wconf 88' lang='lat' dir='ltr'><em>pecunia</em></span> <span class='ocrx_word' id='word_1_294' title='bbox 479 2593 722 2638; x_wconf 89' lang='lat' dir='ltr'><em>comparanda</em></span> <span class='ocrx_word' id='word_1_295' title='bbox 750 2591 924 2637; x_wconf 83' lang='lat' dir='ltr'><em>loquitur.</em></span> <span class='ocrx_word' id='word_1_296' title='bbox 967 2592 1042 2626; x_wconf 92' lang='lat' dir='ltr'><em>Hic</em></span> <span class='ocrx_word' id='word_1_297' title='bbox 1070 2603 1187 2636; x_wconf 86' lang='lat' dir='ltr'><em>pauca</em></span> <span class='ocrx_word' id='word_1_298' title='bbox 1210 2593 1449 2636; x_wconf 83' lang='lat' dir='ltr'><em>praenotanda</em></span> <span class='ocrx_word' id='word_1_299' title='bbox 1473 2595 1568 2626; x_wconf 86' lang='lat' dir='ltr'><em>sunt.</em></span> 
     </span>
     <span class='ocr_line' id='line_1_38' title="bbox 110 2644 1570 2692; baseline 0.002 -14"><span class='ocrx_word' id='word_1_300' title='bbox 110 2644 352 2679; x_wconf 87' lang='lat' dir='ltr'><em>Athenienses</em></span> <span class='ocrx_word' id='word_1_301' title='bbox 377 2646 611 2681; x_wconf 87' lang='lat' dir='ltr'><em>decreverant</em></span> <span class='ocrx_word' id='word_1_302' title='bbox 627 2648 664 2681; x_wconf 92' lang='lat' dir='ltr'><em>in</em></span> <span class='ocrx_word' id='word_1_303' title='bbox 690 2647 856 2681; x_wconf 89' lang='lat' dir='ltr'><em>aerarium</em></span> <span class='ocrx_word' id='word_1_304' title='bbox 874 2647 1068 2692; x_wconf 89' lang='lat' dir='ltr'><em>quotannis</em></span> <span class='ocrx_word' id='word_1_305' title='bbox 1097 2648 1293 2681; x_wconf 88' lang='lat' dir='ltr'><em>deferenda</em></span> <span class='ocrx_word' id='word_1_306' title='bbox 1309 2649 1405 2681; x_wconf 90' lang='lat' dir='ltr'><em>mille</em></span> <span class='ocrx_word' id='word_1_307' title='bbox 1422 2649 1570 2691; x_wconf 88' lang='lat' dir='ltr'><em>talenta,</em></span> 
     </span>
     <span class='ocr_line' id='line_1_39' title="bbox 109 2699 1570 2747; baseline 0.003 -15"><span class='ocrx_word' id='word_1_308' title='bbox 109 2699 264 2733; x_wconf 83' lang='lat' dir='ltr'><em>conflata</em></span> <span class='ocrx_word' id='word_1_309' title='bbox 276 2701 476 2744; x_wconf 81' lang='lat' dir='ltr'><em>praesertim</em></span> <span class='ocrx_word' id='word_1_310' title='bbox 493 2712 541 2735; x_wconf 87' lang='lat' dir='ltr'><em>ex</em></span> <span class='ocrx_word' id='word_1_311' title='bbox 558 2703 720 2747; x_wconf 79' lang='lat' dir='ltr'><em>pecuniis</em></span> <span class='ocrx_word' id='word_1_312' title='bbox 737 2703 928 2736; x_wconf 82' lang='lat' dir='ltr'><em>sociorum.</em></span> <span class='ocrx_word' id='word_1_313' title='bbox 953 2702 1191 2746; x_wconf 88' lang='lat' dir='ltr'><em>Promulgata</em></span> <span class='ocrx_word' id='word_1_314' title='bbox 1213 2706 1289 2736; x_wconf 87' lang='lat' dir='ltr'><em>erat</em></span> <span class='ocrx_word' id='word_1_315' title='bbox 1307 2702 1429 2735; x_wconf 82' lang='lat' dir='ltr'><em>mortis</em></span> <span class='ocrx_word' id='word_1_316' title='bbox 1445 2713 1570 2746; x_wconf 85' lang='lat' dir='ltr'><em>poena,</em></span> 
     </span>
     <span class='ocr_line' id='line_1_40' title="bbox 109 2754 1569 2801; baseline 0.003 -15"><span class='ocrx_word' id='word_1_317' title='bbox 109 2754 138 2787; x_wconf 91' lang='lat' dir='ltr'><em>si</em></span> <span class='ocrx_word' id='word_1_318' title='bbox 155 2754 232 2798; x_wconf 89' lang='lat' dir='ltr'><em>quis</em></span> <span class='ocrx_word' id='word_1_319' title='bbox 251 2755 463 2789; x_wconf 86' lang='lat' dir='ltr'><em>decerneret</em></span> <span class='ocrx_word' id='word_1_320' title='bbox 480 2756 571 2791; x_wconf 86' lang='lat' dir='ltr'><em>hanc</em></span> <span class='ocrx_word' id='word_1_321' title='bbox 589 2758 780 2801; x_wconf 89' lang='lat' dir='ltr'><em>pecuniam</em></span> <span class='ocrx_word' id='word_1_322' title='bbox 798 2758 844 2791; x_wconf 90' lang='lat' dir='ltr'><em>ad</em></span> <span class='ocrx_word' id='word_1_323' title='bbox 863 2758 961 2791; x_wconf 86' lang='lat' dir='ltr'><em>aliud</em></span> <span class='ocrx_word' id='word_1_324' title='bbox 976 2756 1229 2791; x_wconf 89' lang='lat' dir='ltr'><em>insumendam</em></span> <span class='ocrx_word' id='word_1_325' title='bbox 1256 2768 1362 2800; x_wconf 85' lang='lat' dir='ltr'><em>quarn</em></span> <span class='ocrx_word' id='word_1_326' title='bbox 1385 2760 1426 2790; x_wconf 93' lang='lat' dir='ltr'><em>ut</em></span> <span class='ocrx_word' id='word_1_327' title='bbox 1449 2758 1569 2790; x_wconf 88' lang='lat' dir='ltr'><em>hostes</em></span> 
     </span>
     <span class='ocr_line' id='line_1_41' title="bbox 110 2810 1567 2856; baseline 0.002 -15"><span class='ocrx_word' id='word_1_328' title='bbox 110 2812 358 2844; x_wconf 81' lang='lat' dir='ltr'><em>averterentur</em></span> <span class='ocrx_word' id='word_1_329' title='bbox 375 2811 420 2844; x_wconf 90' lang='lat' dir='ltr'><em>ab</em></span> <span class='ocrx_word' id='word_1_330' title='bbox 436 2810 641 2845; x_wconf 84' lang='lat' dir='ltr'><em>invadenda</em></span> <span class='ocrx_word' id='word_1_331' title='bbox 655 2813 793 2846; x_wconf 84' lang='lat' dir='ltr'><em>Attica.</em></span> <span class='ocrx_word' id='word_1_332' title='bbox 837 2813 909 2846; x_wconf 88' lang='lat' dir='ltr'><em>Sed</em></span> <span class='ocrx_word' id='word_1_333' title='bbox 926 2822 1015 2846; x_wconf 82' lang='lat' dir='ltr'><em>mox</em></span> <span class='ocrx_word' id='word_1_334' title='bbox 1032 2813 1190 2846; x_wconf 87' lang='lat' dir='ltr'><em>Pericles</em></span> <span class='ocrx_word' id='word_1_335' title='bbox 1207 2812 1339 2856; x_wconf 86' lang='lat' dir='ltr'><em>aliique</em></span> <span class='ocrx_word' id='word_1_336' title='bbox 1358 2811 1567 2855; x_wconf 72' lang='lat' dir='ltr'><em>reipublicae</em></span> 
     </span>
     <span class='ocr_line' id='line_1_42' title="bbox 111 2863 1572 2912; baseline 0.002 -16"><span class='ocrx_word' id='word_1_337' title='bbox 111 2863 310 2898; x_wconf 83' lang='lat' dir='ltr'><em>administri</em></span> <span class='ocrx_word' id='word_1_338' title='bbox 336 2868 592 2910; x_wconf 88' lang='lat' dir='ltr'><em>persuaserunt</em></span> <span class='ocrx_word' id='word_1_339' title='bbox 606 2868 649 2900; x_wconf 88' lang='lat' dir='ltr'><em>ut</em></span> <span class='ocrx_word' id='word_1_340' title='bbox 664 2867 792 2902; x_wconf 85' lang='lat' dir='ltr'><em>eadem</em></span> <span class='ocrx_word' id='word_1_341' title='bbox 809 2867 888 2902; x_wconf 81' lang='lat' dir='ltr'><em>haec</em></span> <span class='ocrx_word' id='word_1_342' title='bbox 902 2868 1064 2912; x_wconf 83' lang='lat' dir='ltr'><em>pecunia</em></span> <span class='ocrx_word' id='word_1_343' title='bbox 1081 2867 1127 2900; x_wconf 89' lang='lat' dir='ltr'><em>ad</em></span> <span class='ocrx_word' id='word_1_344' title='bbox 1144 2867 1236 2900; x_wconf 86' lang='lat' dir='ltr'><em>duos</em></span> <span class='ocrx_word' id='word_1_345' title='bbox 1252 2866 1376 2900; x_wconf 88' lang='lat' dir='ltr'><em>obolos</em></span> <span class='ocrx_word' id='word_1_346' title='bbox 1393 2865 1490 2911; x_wconf 87' lang='lat' dir='ltr'><em>plebi</em></span> <span class='ocrx_word' id='word_1_347' title='bbox 1507 2865 1572 2899; x_wconf 83' lang='lat' dir='ltr'><em>ali-</em></span> 
     </span>
    </p>
   </div>
  </div>
 </body>
</html>
