1923 3149
299 110 349 145 74
664 107 871 146 ORATIO
910 109 982 147 DE
1009 108 1389 149 CHERSONESO.

300 210 352 246 tio
371 209 496 257 datur,
515 209 585 248 sed
605 209 700 249 illud
719 212 887 250 omnium
910 225 1068 263 operum
1083 212 1341 263 justissimum
1361 209 1600 262 maximeque
1621 222 1756 249 neces-

299 271 439 307 sarium
463 271 702 322 relinquitur,
724 273 828 323 quod
856 273 920 311 isti
938 274 987 312 de
1007 274 1200 312 industria
1221 275 1453 313 transiliunt.
1484 274 1692 316 Quodnam
1711 273 1755 310 il-

298 331 365 368 lud
385 332 471 369 est?
500 339 543 370 ut
561 345 649 370 eum
676 333 920 380 ulciscamur,
949 334 1012 385 qui
1035 335 1137 386 prior
1164 335 1309 373 bellum
1340 336 1450 373 nobis
1480 335 1620 372 intulit.
1669 333 1756 371 Nisi

297 391 395 430 forte
410 393 505 431 illud
521 394 738 432 mehercule
753 395 899 441 dicunt,
915 395 1033 447 quod,
1045 396 1075 434 sl
1091 397 1283 434 abstineat
1296 396 1431 434 Attica
1446 396 1645 446 Piraeoque
1661 395 1755 433 Phi-

297 453 441 505 lippus,
460 468 585 507 neque
606 456 743 507 injuria
761 457 891 495 urbem
913 457 1032 495 afficit
1049 471 1174 508 neque
1193 457 1337 496 bellum
1363 457 1477 495 facit:
1507 458 1572 506 qui
1592 457 1622 494 si
1636 457 1698 508 jus
1717 463 1759 494 et

298 528 450 566 aequum
470 516 544 555 ista
562 517 697 568 regula
717 518 927 556 metiuntur
945 526 984 557 et
1003 519 1097 557 istos
1118 519 1223 570 pacis
1251 518 1390 557 limites
1411 518 1666 564 constituunt,
1687 530 1754 556 eos

297 576 428 627 utique
448 591 519 616 nec
538 591 650 629 aequa
669 592 740 618 nec
760 579 919 618 ferenda
939 580 1065 619 dicere
1086 593 1158 618 nec
1179 586 1264 618 tuta
1287 581 1407 626 vobis,
1426 579 1671 630 perspicuum
1697 584 1758 616 est

298 640 497 684 omnibus;
531 654 576 680 ac
601 649 787 694 praeterea
814 642 965 690 accidit,
987 650 1031 681 ut
1059 643 1143 681 haec
1163 643 1246 694 ipsa
1274 656 1361 694 quae
1388 642 1536 692 dicunt,
1565 640 1759 680 contraria

298 699 374 738 sint
393 703 703 742 accusationibus
724 717 819 755 quas
840 711 974 742 contra
992 703 1202 756 Diopithcn
1223 704 1365 742 ferunt.

353 762 389 800 3.
420 762 519 801 Nam
534 765 599 815 qui
613 766 807 812 convenit,
822 773 866 804 ut
884 765 1061 818 Philippo
1076 765 1226 816 quidvis
1243 765 1382 817 agendi
1397 765 1591 803 licentiam
1607 764 1755 809 demus,

296 822 412 861 modo
433 824 599 864 Atticam
618 840 696 864 non
715 826 895 871 invadat;
927 827 1139 878 Diopithen
1158 841 1248 865 vero
1262 840 1333 866 nec
1347 826 1560 865 Thracibus
1577 823 1756 877 opitulari

298 883 481 933 sinamus,
497 894 564 924 aut
581 887 613 924 si
631 888 841 938 opituletur,
864 888 1058 926 concitare
1076 889 1221 926 bellum
1241 889 1413 926 dicamus
1429 887 1445 925 ἲ
1478 888 1557 926 Sed
1576 887 1662 924 haec
1682 885 1758 924 sci-

295 943 388 983 licet
400 947 657 997 exagitantur,
672 961 717 1003 ac
729 961 809 986 non
821 949 947 987 minus
964 957 1054 986 sunt
1070 950 1200 1000 gravia
1211 962 1298 999 quae
1313 956 1434 1000 agunt
1449 947 1672 987 mercenarii
1685 947 1758 985 mi-

295 1005 396 1053 lites,
426 1021 514 1046 cum
545 1009 845 1061 Hellespontum
863 1010 1111 1062 populantur,
1132 1016 1171 1048 et
1188 1010 1328 1061 injuste
1349 1009 1441 1048 facit
1460 1009 1666 1061 Diopithes
1686 1021 1757 1047 na·

295 1067 397 1118 vigia
421 1068 710 1121 intercipiendo,
730 1084 856 1123 neque
876 1071 950 1109 hoc
970 1077 1030 1109 est
1047 1071 1361 1123 permittendum.
1411 1070 1524 1117 Esto,
1543 1071 1638 1109 fiant
1655 1070 1755 1116 haec,

296 1128 391 1167 nihil
408 1131 645 1170 contradico.
675 1132 938 1170 Veruntamen
960 1132 1097 1171 decere
1118 1133 1293 1180 arbitror,
1314 1133 1346 1170 si
1364 1146 1411 1171 ex
1426 1133 1553 1171 animo
1572 1132 1646 1170 ista
1664 1145 1755 1171 con-

296 1191 429 1230 sulunt
447 1194 745 1245 aequitatemque
765 1195 1019 1247 spectandam
1039 1201 1192 1247 putant,
1205 1202 1248 1233 ut
1265 1195 1593 1246 quemadmodum
1611 1194 1757 1233 consti-

296 1258 399 1291 tutas
430 1262 571 1294 nostrae
597 1256 700 1295 urbis
721 1256 852 1308 copias
873 1256 1060 1308 dissipare
1081 1263 1287 1303 conantur,
1307 1257 1443 1295 ducem
1467 1270 1613 1302 earum,
1631 1261 1760 1306 suapte

295 1314 475 1354 industria
482 1323 595 1367 parta
609 1318 799 1370 stipendia
811 1319 1040 1367 solventem,
1052 1318 1156 1371 apud
1170 1332 1238 1357 vos
1252 1318 1540 1363 calumniando,
1560 1319 1613 1356 ita
1625 1326 1756 1357 osten-

297 1374 403 1422 dant,
424 1378 456 1415 si
473 1379 582 1416 vobis
605 1379 690 1418 haec
707 1393 895 1431 persuasa
914 1380 1069 1427 fuerint,
1089 1381 1203 1419 etiam
1229 1380 1393 1432 Philippi
1423 1380 1632 1419 exercitum
1659 1380 1757 1418 dila-

294 1451 467 1489 psurum.
500 1441 617 1483 Quod
632 1441 712 1479 nisi-
724 1442 1017 1489 demonstrarint,
1037 1443 1130 1480 nihil
1150 1442 1255 1480 aliud
1274 1455 1338 1480 eos
1358 1455 1471 1493 agere
1491 1441 1758 1492 cogitate,nisi

296 1506 340 1537 ut
356 1499 484 1539 denuo
498 1502 773 1553 rempublicam
789 1510 961 1541 nostram
978 1503 1017 1541 in
1030 1517 1118 1541 eum
1132 1503 1319 1542 reducant
1329 1511 1486 1549 statum,
1496 1515 1573 1554 quo
1586 1516 1644 1540 res
1657 1515 1757 1553 prae-

297 1568 426 1599 sentes
446 1574 580 1600 omnes
599 1563 807 1614 peirerunt.
851 1564 967 1602 Scitis
996 1564 1097 1603 enim
1117 1565 1307 1616 profecto,
1327 1565 1422 1602 nihil
1442 1564 1611 1602 omnium
1630 1577 1756 1602 rerum

296 1629 375 1660 tam
395 1624 584 1674 profuisse
604 1625 784 1677 Philippo
808 1625 857 1664 ad
876 1633 1047 1665 nostram
1067 1628 1201 1665 urbem
1221 1626 1493 1678 superandam,
1515 1639 1632 1677 quam
1651 1627 1756 1677 quod

294 1683 398 1734 prior
418 1697 550 1724 omnes
565 1686 790 1725 occasiones
811 1688 978 1739 arripuit.
1011 1687 1192 1738 Namque
1204 1688 1251 1734 is,
1266 1700 1352 1725 cum
1369 1700 1522 1738 semper
1536 1687 1757 1738 expeditum

295 1745 439 1783 circum
453 1759 493 1784 se
509 1753 625 1797 atque
638 1748 866 1786 instructum
882 1748 1092 1788 exercitum
1106 1748 1260 1794 habeat,
1273 1754 1311 1786 et
1323 1748 1416 1798 quid
1431 1748 1604 1786 facturus
1619 1748 1669 1786 sit
1673 1748 1756 1800 jam

297 1813 410 1844 antea
429 1807 660 1851 deliberarit,
691 1809 899 1860 derepente
919 1823 1018 1860 quos
1039 1809 1186 1847 libitum
1207 1816 1268 1848 est
1286 1809 1532 1860 aggreditur:
1562 1822 1633 1847 nos
1653 1823 1756 1858 vero,

296 1868 362 1905 ubi
375 1868 458 1919 jam
478 1868 623 1920 aliquid
643 1871 790 1908 factum
809 1884 895 1909 esse
911 1870 1142 1917 audivimus,
1161 1877 1242 1908 tum
1255 1870 1411 1908 demum
1427 1871 1706 1909 tumultuamur
1719 1879 1758 1910 et

297 1929 421 1967 bellum
440 1944 631 1981 paramus.
663 1933 761 1971 Inde
780 1934 957 1971 nimirum
978 1933 1130 1979 accidit,
1150 1939 1194 1971 ut
1211 1933 1274 1970 ille
1294 1932 1436 1978 omnia,
1453 1946 1540 1984 quae
1560 1933 1756 1980 invaserit,

298 2004 449 2029 summa
473 2006 562 2031 cum
582 1994 859 2045 tranquillitate
878 1995 1063 2046 potiatur;
1092 2007 1163 2033 nos
1193 2001 1322 2033 autem
1351 1995 1474 2033 serius
1495 1996 1620 2045 ubique
1640 1995 1756 2034 adve-

298 2052 447 2092 niamus
463 2061 502 2092 et
520 2055 662 2094 frustra
680 2057 874 2107 impensas
895 2069 1028 2095 omnes
1048 2056 1248 2103 faciamus,
1268 2056 1433 2095 ostensis
1453 2056 1604 2108 quidem
1631 2057 1756 2094 inimi-

296 2114 396 2152 citiis
415 2122 455 2153 et
473 2118 551 2165 ejus
575 2118 761 2155 conatibus
780 2118 994 2156 obsistendi
1012 2117 1226 2164 voluntate,
1245 2118 1314 2156 sed
1332 2118 1522 2169 neglectis
1543 2118 1756 2156 occasioni-

296 2176 368 2213 bus
389 2182 427 2214 et
447 2178 562 2215 rebus
578 2178 729 2217 infectis
745 2179 914 2217 dedecus
935 2179 1050 2217 etiam
1069 2179 1224 2231 insuper
1243 2179 1510 2230 suscipiamus.

348 2241 386 2275 4.
419 2239 478 2277 Ne
498 2240 612 2290 igitur
631 2241 829 2292 ignoretis,
850 2240 1123 2287 Athenienses,
1153 2243 1267 2280 etiam
1299 2254 1400 2279 nunc
1428 2248 1569 2279 caetera
1600 2240 1756 2292 quidem

296 2302 414 2339 verba
432 2315 517 2340 esse
538 2310 653 2354 atque
674 2311 906 2348 commenta,
925 2303 999 2342 hoc
1019 2316 1109 2342 vero
1129 2304 1192 2354 agi
1213 2310 1253 2342 et
1278 2303 1381 2341 omni
1410 2303 1557 2341 ratione
1587 2304 1694 2350 strui,
1714 2311 1759 2342 ut

298 2362 391 2399 dum
417 2375 488 2401 vos
509 2364 612 2402 domi
631 2366 818 2404 maneatis
838 2374 877 2403 et
894 2364 1010 2402 nullae
1030 2372 1172 2403 nostrae
1197 2365 1301 2403 urbis
1323 2364 1446 2416 copiae
1467 2364 1557 2402 foris
1577 2365 1667 2410 sint,
1688 2377 1758 2417 per

299 2437 490 2462 summum
506 2426 624 2464 otium
642 2439 897 2478 quaecumque
909 2426 992 2464 vult
1006 2426 1208 2477 Philippus
1224 2425 1416 2465 conficiat.
1461 2426 1601 2464 Videte
1617 2427 1757 2466 etenim

297 2486 475 2538 primum,
496 2487 589 2538 quid
609 2488 646 2526 in
676 2490 881 2540 praesentia
907 2489 985 2526 fiat.
1043 2488 1158 2526 Nunc
1179 2488 1241 2526 ille
1259 2501 1348 2526 cum
1367 2501 1511 2539 magno
1531 2489 1700 2528 exercitu
1719 2490 1758 2527 in

300 2547 468 2586 Thracia
487 2556 673 2596 versatur,
690 2557 728 2588 et
743 2551 874 2600 copias,
890 2557 931 2588 ut
949 2557 1163 2602 praesentes
1183 2549 1221 2587 hi
1241 2550 1388 2596 dicunt,
1402 2550 1564 2589 accersit
1582 2564 1602 2589 e
1623 2551 1758 2590 Mace·

299 2607 416 2647 donia
434 2616 473 2647 et
491 2609 701 2648 Thessalia.
739 2611 854 2654 Quod
874 2612 905 2648 si
925 2611 1160 2662 exspectatis
1181 2610 1324 2649 Etesiis
1350 2611 1579 2664 Byzantium
1599 2625 1759 2663 aggres-

299 2683 365 2707 sus
382 2670 587 2716 obsederit,
608 2672 773 2722 primum
789 2685 838 2710 an
851 2672 992 2723 putatis
1008 2673 1102 2719 sore,
1117 2679 1161 2710 ut
1174 2672 1347 2723 Byzantii
1361 2673 1399 2710 in
1414 2672 1549 2711 eadem
1563 2686 1640 2723 qua
1654 2686 1758 2711 nunc

300 2739 389 2769 sunt
408 2731 577 2769 amentia
595 2740 789 2778 maneant,
811 2740 849 2771 et
867 2746 935 2771 vos
963 2747 1041 2771 non
1072 2741 1275 2772 accersant
1295 2735 1511 2785 auxiliaque
1530 2741 1658 2772 vestra
1677 2747 1757 2772 non

299 2792 524 2842 postulent?
555 2792 743 2845 Equidem
764 2807 840 2833 non
861 2795 1010 2846 opinor,
1031 2794 1100 2834 sed
1120 2795 1149 2834 si
1175 2796 1312 2845 quibus
1346 2796 1470 2834 minus
1490 2795 1604 2834 etiam
1633 2795 1758 2834 fidunt
