1923 3149
717 187 790 224 DE
820 185 1057 224 CORONA.
1534 186 1607 222 211

166 299 242 325 non
263 287 361 325 enim
381 300 620 339 quaecunque
640 288 676 325 in
695 301 741 326 eo
760 288 883 325 inesse
901 299 1057 338 possum
1089 286 1291 323 ostendere
1316 288 1452 336 probra
1471 299 1514 326 ac
1542 287 1609 325 de-

163 348 314 394 decora,
332 349 457 387 omnia
468 357 560 392 puto
581 362 603 386 a
621 362 680 386 me
694 349 775 399 jam
796 349 922 386 statim
939 360 1024 385 esse
1045 347 1283 396 proferenda,
1305 348 1371 384 sed
1391 361 1436 385 ea
1455 348 1606 386 demum

161 422 249 459 quae
268 411 359 448 mihi
381 412 504 461 turpia
524 411 628 448 dictu
646 422 722 447 non
740 416 841 447 sunt.

215 472 277 508 80.
316 472 498 522 Expende
518 472 631 522 igitur
649 471 810 509 collatas
830 470 927 506 inter
946 481 986 506 se
1006 469 1200 518 utriusque
1220 475 1391 506 nostrum
1411 469 1522 516 vitas,
1554 471 1607 507 le-

160 531 258 569 niter
278 540 316 570 et
334 546 410 570 non
429 534 579 577 acerbe,
608 531 814 569 AEschine:
845 529 983 568 deinde
1014 542 1061 567 ex
1090 530 1148 567 his
1180 530 1354 580 quaerito,
1386 530 1504 567 utrius
1537 532 1608 569 sibi

160 593 322 643 quisque
342 594 533 631 fortunam
554 592 634 629 dari
655 591 771 629 malit.
801 592 858 628 Tu
878 591 1007 628 literas
1028 591 1208 636 docebas,
1230 604 1302 641 ego
1330 591 1379 628 ad
1408 591 1542 628 ludum
1564 591 1607 627 li-

158 660 324 691 terarum
345 654 458 691 ibam.
494 652 552 689 Tu
572 652 762 699 initiabas‚
782 665 854 703 ego
882 652 1068 690 initiabar.
1102 653 1160 689 Tu
1180 665 1266 690 cum
1286 652 1403 689 choro
1424 651 1605 696 saltabas,

158 727 231 764 ego
251 714 407 752 chorum
427 714 590 751 alebam.
638 713 695 750 Tu
716 713 840 751 scriba
859 726 955 759 eras,
975 726 1048 764 ego
1067 713 1336 751 concionabar.
1396 712 1457 749 Tu
1478 713 1606 750 tertias

158 776 314 824 agebas,
335 787 406 825 ego
427 774 659 825 spectabam.
689 773 747 810 Tu
767 773 982 820 excfflebas,
1003 787 1076 824 ego
1089 773 1354 817 xexsibilabam.
1402 773 1459 810 Tu
1480 773 1606 810 omnIa

155 847 224 884 pro
252 834 423 872 hostibus
454 835 492 872 in
521 848 600 885 rep.
632 836 799 885 gessisti,
832 848 905 886 ego
936 848 1005 885 pro
1041 835 1175 886 patria.
1224 835 1338 873 Mitto
1368 842 1509 873 caetera
1526 849 1534 872 :
1569 845 1606 873 a:

124 915 126 917 >
155 908 258 932 nunc
277 894 392 933 hodie
412 909 483 946 ego
503 903 544 933 ut
565 908 706 933 corona
734 896 853 934 doner
881 896 1167 947 inquisitionem
1197 897 1330 942 subeo,
1352 897 1446 933 nihil
1477 903 1605 934 autem

155 956 361 1006 deliquisse
390 970 450 994 me
470 957 508 994 in
528 957 706 994 confesso
726 964 809 1001 est;
841 964 883 995 tu
914 971 1001 995 cum
1030 957 1105 995 hoc
1136 965 1336 995 assecutus
1376 971 1415 995 es
1442 963 1484 994 ut
1502 958 1607 995 calu-

154 1017 318 1056 mniator
330 1017 518 1064 habearis,
533 1025 612 1056 tum
632 1018 670 1055 in
691 1018 894 1056 discrimen
914 1019 1033 1065 venis,
1047 1025 1173 1056 utrum
1188 1019 1349 1070 amplius
1366 1019 1404 1056 id
1425 1025 1462 1057 te
1482 1019 1607 1056 facere

155 1085 342 1129 oporteat,
365 1092 412 1116 an
427 1079 507 1129 jam
535 1079 741 1130 compesci,
760 1080 932 1129 quintam
962 1078 1226 1129 suffragiorum
1246 1086 1388 1130 partem
1413 1092 1491 1117 non
1514 1093 1606 1117 con-

155 1148 341 1179 secutum.
372 1143 573 1181 Enimvero
589 1143 692 1179 bona
707 1149 746 1179 tu
762 1142 941 1179 videlicet
951 1155 1018 1192 per
1034 1155 1184 1179 omnem
1200 1143 1313 1179 vitam
1329 1143 1482 1179 fortuna
1500 1156 1605 1189 usus,

153 1215 275 1239 meam
314 1210 498 1252 tanquam
527 1203 711 1253 abjectam
742 1203 950 1240 criminaris
966 1207 973 1240 ἰ
1012 1203 1096 1252 Age
1134 1209 1260 1240 autern
1296 1210 1332 1241 et
1369 1204 1603 1253 publicorum

153 1276 369 1309 munerum,
389 1277 475 1314 quae
495 1263 585 1307 obii,
616 1263 835 1301 testimonia
854 1264 1022 1301 recitabo
1041 1262 1148 1300 vobis
1167 1264 1306 1301 omnia.
1361 1265 1498 1302 Recita
1515 1278 1605 1302 vero

153 1325 264 1363 nobis
284 1339 304 1363 e
324 1331 456 1363 contra
485 1332 526 1363 tu
545 1338 679 1363 versus
701 1325 801 1370 illos,
827 1339 920 1376 quos
939 1326 1018 1361 olim
1033 1324 1237 1375 jugulasti,
1271 1338 1293 1362 a
1309 1325 1334 1362 d
1348 1339 1399 1362 su
1413 1338 1449 1362 m
1482 1339 1499 1362 r
1515 1326 1559 1364 el
1574 1326 1604 1363 i-

153 1387 251 1424 ctis
283 1387 571 1424 inferorum
601 1386 815 1423 sedibus
841 1394 880 1424 et
907 1386 1032 1424 mala
1060 1386 1191 1424 scito
1222 1399 1320 1424 non
1348 1387 1603 1425 volentem

151 1461 177 1485 n
192 1461 216 1484 u
229 1448 295 1486 nti
310 1461 360 1485 ar
375 1462 394 1486 e
429 1461 466 1485 m
479 1461 512 1493 e,
546 1454 585 1485 et
607 1449 750 1485 malum
770 1448 867 1486 male
887 1455 925 1485 te
946 1448 1107 1498 primum
1125 1447 1176 1484 dii
1194 1447 1440 1493 immortales,
1462 1447 1601 1486 deinde

152 1507 191 1545 hi
219 1521 363 1555 omnes,
384 1508 560 1560 perdant,
590 1509 799 1559 improbum
831 1517 870 1546 et
889 1509 1011 1546 civem
1030 1515 1068 1545 et
1085 1508 1314 1558 proditorem
1334 1515 1372 1546 et
1397 1509 1602 1547 tertianum

152 1569 385 1608 histrionem.
444 1570 583 1607 Recita
609 1569 834 1607 testimonia.

694 1680 1043 1718 TESTIMONIA.

205 1759 268 1796 81.
305 1759 348 1795 In
368 1759 411 1796 iis
431 1758 546 1809 igitur
577 1771 662 1808 quae
682 1759 729 1796 ad
750 1758 1023 1809 rempublicam
1049 1762 1227 1808 spectant
1257 1756 1343 1794 talis
1372 1758 1521 1794 exstiti:
1559 1759 1597 1795 in

149 1819 303 1869 privatis
323 1826 462 1865 autem,
483 1819 513 1856 si
535 1832 610 1856 non
631 1815 763 1856 omnes
785 1832 845 1856 me
866 1831 1014 1856 comem
1035 1825 1074 1855 et
1092 1818 1300 1854 humanum
1322 1825 1359 1855 et
1382 1819 1420 1855 in
1439 1825 1597 1869 egentes

148 1880 363 1917 beneficum
378 1879 624 1930 cognovisti5‚
640 1887 750 1917 taceo
765 1886 803 1917 et
822 1879 913 1916 nihil
934 1879 1056 1916 dicam
1072 1891 1197 1929 neque
1212 1879 1330 1915 ullum
1343 1879 1401 1915 his
1418 1879 1465 1916 de
1485 1881 1597 1916 rebus

147 1941 335 1992 proferam
355 1942 627 1987 testimonium,
654 1954 731 1979 non
752 1941 782 1978 si
801 1954 897 1991 quos
918 1942 965 1979 ab
985 1941 1156 1979 hostibus
1177 1940 1334 1985 redemi,
1354 1954 1430 1978 non
1450 1941 1481 1977 si
1502 1953 1595 1990 quo-

148 2016 231 2040 rum
249 2003 346 2040 filias
361 2003 397 2040 in
420 2003 697 2040 matrimonium
717 2002 917 2047 collocavi,
939 2009 1015 2039 non
1032 2002 1237 2052 quicquam
1258 2001 1390 2039 horum
1409 2001 1498 2039 tale.
1533 2002 1597 2039 Sic

149 2064 248 2102 enim
264 2064 447 2101 existimo.
478 2064 573 2100 Eum
597 2064 661 2113 qui
680 2064 909 2101 beneficium
929 2064 1119 2114 acceperit
1138 2063 1239 2100 omni
1272 2062 1310 2100 id
1328 2070 1499 2113 tempore
1518 2076 1597 2100 me-

150 2125 269 2163 moria
297 2132 427 2163 tenere
447 2132 540 2176 puto
572 2131 758 2175 oportere,
785 2138 873 2162 eum
905 2138 996 2163 vero
1026 2125 1090 2176 qui
1116 2124 1320 2162 contulerit
1346 2124 1395 2161 de
1415 2124 1598 2162 memoria

148 2187 274 2224 statim
299 2186 507 2237 deponere,
528 2185 558 2223 si
577 2186 692 2223 modo
712 2186 793 2223 vult
811 2186 873 2223 ille
893 2186 960 2223 viri
980 2187 1083 2231 boni,
1103 2185 1167 2223 hic
1188 2198 1263 2222 non
1283 2185 1410 2235 pusilli
1429 2185 1594 2223 hominis

148 2249 263 2286 animi
290 2248 414 2286 officio
432 2247 559 2298 fungi:
590 2261 660 2284 sua
678 2260 764 2284 vero
783 2247 972 2285 beneficia
1001 2258 1297 2284 commemorare
1329 2252 1366 2282 et
1385 2246 1594 2296 praedieare

145 2310 423 2361 propemodum
444 2309 671 2359 exprobrare
691 2316 762 2345 est.
813 2309 943 2352 Quare
963 2307 1056 2345 nihil
1072 2321 1156 2345 sum
1175 2307 1251 2344 tale
1270 2307 1452 2351 facturus,
1472 2321 1594 2357 neque

147 2384 270 2421 usque
289 2383 334 2408 eo
356 2370 555 2422 provehar,
576 2370 645 2407 sed
670 2369 948 2420 qualiscunque
974 2368 1170 2406 hominurn
1189 2367 1228 2405 in
1247 2367 1305 2405 his
1331 2368 1443 2405 rebus
1465 2367 1512 2404 de
1532 2381 1593 2406 me

148 2432 274 2483 opinio
293 2438 364 2477 est,
379 2445 424 2469 ea
442 2430 534 2468 mihi
555 2431 648 2469 satis
669 2437 741 2468 est.

200 2494 263 2529 82.
292 2492 391 2530 Volo
410 2498 551 2538 autem,
571 2492 725 2542 privatis
735 2491 816 2542 jam
836 2490 1022 2541 explicitis
1038 2491 1165 2537 rebus,
1179 2503 1303 2540 pauca
1316 2489 1492 2539 quaedam
1513 2502 1592 2526 am-

144 2554 243 2605 plius
264 2552 366 2603 apud
393 2566 461 2590 vos
491 2553 539 2590 de
566 2553 730 2603 publicis
759 2552 957 2589 disserere.
1008 2552 1048 2588 Si
1076 2564 1187 2602 quem
1224 2551 1340 2600 igitur
1377 2551 1589 2587 mortalium

147 2627 244 2666 quos
268 2614 334 2651 hic
354 2612 412 2650 sol
440 2613 557 2658 videt,
582 2613 778 2659 AEschine,
795 2612 962 2664 proferre
980 2619 1102 2663 potes,
1122 2613 1185 2662 qui
1213 2611 1416 2649 incolumis
1437 2617 1549 2648 antea
1568 2623 1592 2647 a

147 2675 312 2726 Philippi
341 2680 380 2711 et
404 2687 506 2711 nunc
526 2675 572 2711 ab
597 2674 808 2712 Alexandri
836 2674 1035 2711 dominatu
1055 2673 1230 2718 evaserit,
1257 2672 1337 2709 sive
1367 2671 1590 2708 Graecorum

146 2737 225 2775 sive
243 2737 503 2779 barbarorum,
517 2740 613 2779 esto,
630 2735 805 2773 concedo
824 2735 905 2780 tibi,
919 2747 1043 2772 meam
1064 2735 1142 2771 sive
1162 2734 1353 2770 fortunam
1374 2732 1451 2768 sive
1472 2731 1588 2767 infor-

145 2798 290 2836 tunium
306 2796 501 2834 nominare
513 2795 646 2840 mavis,
659 2796 828 2833 omnium
839 2795 1026 2833 malorum
1040 2808 1197 2833 causam
1214 2793 1341 2830 fuisse.
1372 2792 1439 2827 Sin
1459 2798 1587 2828 autem

147 2858 359 2909 eorum,qui
371 2870 492 2907 neque
503 2868 562 2893 me
571 2855 748 2893 viderunt
756 2869 924 2906 unquam
933 2869 1057 2906 neque
1065 2868 1199 2893 vocem
1209 2865 1331 2890 meam
1346 2852 1588 2897 audiverunt,

148 2919 254 2959 multi
272 2918 393 2957 multa
412 2925 450 2956 et
476 2916 604 2968 gravia
625 2922 715 2954 sunt
733 2917 917 2967 perpessi,
937 2930 1014 2955 non
1033 2916 1157 2954 solum
1179 2913 1393 2964 singulares
1413 2912 1588 2950 homines
