1923 3149
252 173 333 210 254
576 170 648 208 DE
677 169 826 208 MALE
855 169 1033 208 GESTA
1062 168 1393 210 LEGATIONE.

251 285 337 311 cum
354 272 425 309 sim
444 279 485 310 et
499 279 556 311 tot
579 286 601 311 a
616 280 652 311 te
665 273 704 311 in
720 281 802 312 toto
818 274 950 311 itinere
966 272 1114 310 insidiis
1138 273 1343 324 appetitus,
1358 277 1400 310 et
1417 273 1580 312 duarum
1602 286 1707 313 nunc

246 334 338 371 mihi
352 346 478 371 rerum
498 334 610 372 detur
628 335 744 386 optio,
759 343 826 372 aut
843 342 887 373 ut
900 334 1034 372 talium
1054 341 1226 372 actorum
1241 341 1453 372 vestrorum
1472 335 1599 373 sosius
1619 348 1704 374 esse

248 395 391 440 videar,
403 402 471 433 aut
485 408 553 434 vos
575 403 618 433 ut
633 409 826 442 accusem,
841 409 913 447 ego
933 408 1021 433 vero
1040 401 1149 432 tuum
1164 408 1225 433 me
1247 394 1436 445 collegam
1455 395 1571 433 fuisse
1590 408 1707 446 nego,

250 465 289 496 et
303 465 340 495 te
353 457 391 494 in
407 457 601 508 legatione
613 458 736 495 multa
751 465 790 496 et
807 471 884 496 non
903 457 1060 495 ferenda
1079 456 1305 507 designasse
1321 469 1330 499 ;
1361 463 1400 493 et
1417 469 1462 493 ea
1481 469 1542 493 me
1566 456 1706 494 fecisse

248 519 351 564 dico,
371 532 459 568 quae
478 526 609 557 essent
627 519 848 569 reipublicae
868 519 1084 566 utilissima.
1116 517 1355 556 Philocrates
1374 517 1530 567 quidem
1557 517 1710 569 collega

246 586 335 617 tuus
353 578 439 624 fuit,
457 586 497 617 et
515 587 557 617 tu
582 580 698 625 illius,
713 587 752 616 et
768 579 936 631 Phryno.
967 581 1046 617 Vos
1062 579 1165 617 enim
1184 580 1256 616 ista
1277 578 1492 628 agitabatis,
1512 578 1587 614 ista
1601 577 1707 615 vobis

247 641 423 678 omnibus
445 640 719 691 probabantur.
750 640 828 678 Ubi
848 648 975 679 autem
1004 640 1087 678 sal?
1118 641 1181 678 ubi
1202 639 1362 677 mensa?
1390 639 1456 677 ubi
1475 637 1706 677 libationes?

246 702 333 739 Hoc
349 701 450 739 enim
466 702 607 751 passim
623 702 767 752 tragice
783 701 1016 747 declamitat,
1032 702 1142 752 quasi
1162 714 1239 739 non
1255 701 1429 738 homines
1445 699 1566 748 injurii
1580 711 1707 737 rerum

244 762 395 800 illarum
412 762 489 800 sint
507 763 734 814 proditores,
758 763 827 801 sed
847 764 871 801 ii
892 764 957 814 qui
983 764 1109 802 officio
1130 764 1355 814 funguntur.
1387 762 1471 813 Ego
1497 774 1585 799 vero
1613 761 1707 806 scio,

246 837 311 863 eos
330 837 463 862 omnes
483 824 548 875 qui
567 838 725 862 summae
750 837 875 862 rerum
901 832 1085 876 praesunt,
1111 838 1259 876 semper
1284 837 1363 861 rem
1387 823 1555 861 divinam
1580 823 1707 860 facere

245 886 513 931 communiter,
536 893 575 923 et
593 899 820 924 concoenare
835 888 934 924 inter
956 900 1011 931 se,
1033 893 1072 924 et
1085 899 1162 924 una
1175 887 1307 928 libare,
1323 897 1445 934 neque
1472 892 1601 921 tamen
1618 895 1705 935 pro-

243 954 378 998 pterea
397 948 489 985 boni
511 948 634 985 malos
654 947 860 993 imitantur,
875 948 950 985 sed
976 948 1007 984 si
1026 960 1140 997 quem
1157 958 1313 984 suorum
1328 945 1366 981 in
1386 944 1553 982 facinore
1572 944 1708 994 depre-

241 1008 463 1053 henderint,
485 1009 588 1059 apud
609 1015 785 1046 senatum
801 1017 840 1046 et
859 1008 1045 1059 populum
1067 1009 1257 1045 deferunt.
1297 1007 1461 1043 Senatus
1490 1006 1583 1043 item
1602 1018 1707 1043 com-

242 1070 376 1107 munia
391 1081 502 1106 sacra
515 1069 634 1106 habet
648 1069 920 1119 auspiciorum,
938 1070 1158 1106 communia
1173 1068 1369 1105 convivia:
1391 1080 1469 1104 una
1481 1066 1615 1112 libant,
1630 1079 1709 1104 una

243 1130 463 1167 sacrificant
477 1130 608 1175 duces,
624 1143 760 1180 parum
777 1132 899 1175 abest,
913 1130 1006 1179 quin
1020 1130 1270 1179 magistratus
1288 1129 1414 1166 dicam
1427 1142 1573 1165 omnes.
1596 1128 1707 1164 Nun-

243 1190 337 1241 quid
365 1198 569 1241 propterea
598 1191 758 1241 collegis
778 1191 1089 1241 delinquentibus
1111 1190 1205 1227 dant
1223 1189 1515 1240 impunitatem?
1552 1189 1707 1226 minime

242 1265 345 1289 vero.
401 1252 478 1289 Leo
504 1251 746 1302 Timagoram
772 1251 981 1297 accusavit,
1013 1264 1102 1288 cum
1123 1250 1418 1301 quadriennium
1446 1250 1485 1286 in
1513 1249 1707 1300 legatione

240 1325 327 1349 cum
355 1324 402 1348 eo
430 1312 592 1349 suisset:
627 1312 799 1349 Eubulus
830 1311 1076 1356 Tharrecem,
1106 1318 1146 1349 et
1168 1311 1422 1361 Smicythum‚
1450 1324 1539 1348 cum
1566 1311 1706 1360 quibus

243 1385 485 1410 communem
510 1385 683 1410 mensam
710 1373 867 1410 habuit:
900 1373 1009 1410 Cono
1034 1372 1216 1422 antiquus
1245 1372 1324 1415 ille,
1352 1372 1616 1418 Adimantum,
1636 1373 1706 1409 im—

243 1433 337 1484 perii
356 1433 528 1471 militaris
550 1435 709 1471 socium.
740 1434 825 1471 Utri
844 1434 972 1484 igitur,
987 1434 1183 1479 AEschine,
1198 1433 1316 1470 salem
1337 1439 1376 1470 et
1395 1433 1595 1470 libationes
1611 1446 1706 1484 neg-

242 1494 442 1545 ligebant?
473 1495 553 1532 Iine
580 1495 643 1545 qui
672 1495 899 1545 prodebant,
917 1502 956 1532 et
975 1495 1206 1545 legationem
1227 1494 1548 1545 ementiebantur,
1575 1501 1613 1532 et
1632 1495 1707 1532 lar—

244 1556 451 1607 gitionibus
472 1557 830 1606 corrumpebantur,
859 1569 908 1593 an
934 1556 959 1594 ii
989 1557 1054 1606 qui
1084 1556 1349 1594 accusabant?
1380 1557 1410 1594 Ii
1429 1556 1619 1603 nimirum,
1640 1557 1706 1608 qui

243 1618 361 1655 totius
383 1618 516 1668 patriae
535 1617 735 1655 libationes
754 1617 963 1662 violabant,
985 1625 1027 1655 ut
1046 1625 1101 1665 tu,
1131 1625 1170 1655 et
1189 1631 1267 1655 non
1287 1617 1408 1655 solum
1429 1618 1612 1668 privatas.

298 1680 363 1715 58.
394 1678 448 1730 Ut
466 1684 593 1715 autem
613 1678 744 1715 sciatis
765 1679 858 1716 istos
877 1691 955 1716 non
975 1692 1107 1716 eorum
1131 1680 1246 1716 modo
1267 1679 1331 1729 qui
1350 1679 1502 1729 publice
1524 1693 1704 1730 unquam,

245 1739 314 1776 sed
334 1752 466 1777 eorum
487 1738 600 1777 etiam
621 1739 685 1789 qui
711 1739 887 1789 privatim
918 1740 968 1777 ad
1000 1740 1218 1790 Philippum
1245 1747 1447 1787 venerunt,
1475 1748 1589 1791 atque
1608 1741 1707 1780 adeo

243 1801 460 1839 mortalium
487 1802 657 1838 omnium
677 1802 928 1852 nequissimos
954 1809 993 1839 et
1012 1803 1314 1852 improbissimos
1341 1803 1552 1849 exstitisse,
1581 1817 1707 1854 pauca

244 1876 292 1900 ex
307 1875 369 1900 me
385 1863 529 1907 audite,
549 1876 637 1912 quae
655 1863 705 1900 ad
720 1863 820 1900 hanc
835 1863 1069 1913 legationem
1085 1863 1179 1900 nihil
1197 1863 1374 1900 attinent.
1405 1864 1579 1914 Olyntho
1593 1872 1707 1916 capta

243 1923 444 1974 Philippus
471 1923 656 1974 Olympia
675 1923 916 1962 celebrabat:
949 1924 997 1961 ad
1017 1925 1055 1961 id
1079 1931 1207 1962 autem
1234 1925 1466 1962 sacrificium
1485 1933 1524 1962 et
1544 1926 1704 1964 celebri-

243 1992 375 2031 tatem,
396 1997 530 2023 omnes
553 1985 718 2022 artifices
742 1992 1010 2035 congregarat.
1050 1985 1159 2028 Quos
1180 1998 1268 2022 cum
1295 1986 1487 2036 exciperet
1514 1987 1651 2037 epulis,
1668 1994 1708 2025 et

243 2047 407 2084 victores
426 2046 576 2084 coronis
596 2052 766 2090 ornaret,
779 2045 1046 2097 interrogabat
1059 2047 1252 2097 Satyrum,
1268 2046 1456 2083 comicum
1471 2047 1706 2096 histrionem,

243 2121 310 2146 cur
330 2108 487 2145 tandem
517 2107 621 2145 solus
646 2107 740 2144 nihil
766 2107 1010 2158 postularet?
1039 2121 1130 2145 num
1158 2108 1196 2144 in
1229 2120 1270 2144 se
1300 2107 1447 2157 aliquas
1473 2108 1621 2154 sordes,
1643 2117 1709 2148 aut

246 2170 414 2219 aliquam
435 2169 549 2206 animi
576 2180 668 2219 erga
686 2168 811 2219 ipsum
836 2167 1090 2206 offensionem
1118 2167 1402 2219 perspexisset?
1442 2168 1706 2219 Respondisse

247 2231 353 2269 aiunt
368 2231 563 2281 Satyrum,
582 2243 668 2281 quae
683 2229 746 2267 alii
759 2230 1010 2280 requirerent,
1028 2243 1158 2268 eorum
1175 2229 1246 2266 sibi
1265 2228 1357 2266 nihil
1374 2241 1457 2266 esse
1475 2242 1572 2280 opus
1588 2243 1596 2267 :
1617 2243 1705 2280 quae

245 2304 334 2329 vero
353 2292 435 2341 ipse
453 2292 615 2328 libenter
626 2291 854 2342 postularet,
876 2304 922 2329 ea
944 2291 1123 2342 Philippo
1143 2290 1297 2341 quidem
1319 2289 1409 2326 datu
1429 2302 1514 2327 esse
1535 2291 1706 2328 omnium

244 2352 438 2398 facillima,
458 2359 498 2390 et
513 2351 670 2398 donatii,
693 2352 760 2389 sed
783 2352 901 2390 vereri
920 2365 974 2397 se,
995 2365 1044 2389 ne
1065 2350 1341 2402 repudiaretur.
1374 2349 1473 2387 Cum
1495 2357 1621 2388 autem
1641 2351 1706 2389 ille

246 2414 373 2452 dicere
393 2415 589 2465 jussisset,
610 2421 648 2452 et
667 2414 875 2465 juvenilius
902 2413 1047 2464 aliquid
1075 2411 1302 2457 addidisset,
1331 2424 1373 2448 se
1394 2411 1487 2449 nihil
1517 2425 1592 2450 non
1619 2425 1706 2451 esse

247 2475 452 2520 facturum,
479 2476 725 2525 respondisse
755 2476 862 2513 illum
881 2476 1021 2520 ferunt,
1051 2473 1358 2525 Apollophanem
1392 2473 1607 2524 Pydnaeum
1636 2475 1707 2512 sibi

244 2538 364 2576 fuisse
383 2536 573 2587 hospitem
587 2544 626 2574 et
644 2538 831 2580 amicum3
854 2550 931 2587 quo
952 2550 1018 2587 per
1033 2535 1191 2573 insidias
1211 2536 1351 2580 occiso,
1368 2549 1390 2572 a
1416 2537 1594 2586 cognatis
1609 2537 1706 2588 ejus,

243 2606 349 2637 metu
362 2598 583 2650 perterritis,
598 2598 732 2636 filiolas
749 2599 832 2649 ejus
849 2598 1038 2649 puellulas
1054 2597 1369 2648 Olynthuni‚quo
1385 2599 1543 2635 tutiores
1559 2605 1703 2643 essent,

246 2674 332 2699 esse
362 2661 510 2698 missas.
560 2660 627 2696 Eae
656 2672 773 2705 nunc,
802 2659 940 2711 inquit,
967 2665 1187 2710 expugnata
1218 2659 1324 2703 urbe,
1353 2666 1493 2709 captae,
1521 2671 1637 2709 penes
1670 2666 1705 2696 te

246 2730 350 2768 sunt,
370 2729 484 2760 aetate
497 2724 578 2769 jam
597 2721 727 2758 nubili.
769 2720 846 2758 Eas
866 2734 888 2758 a
907 2728 943 2758 te
963 2727 1065 2770 pet0,
1086 2728 1125 2757 et
1145 2732 1278 2769 quaeso
1298 2727 1341 2756 ut
1359 2719 1448 2756 mihi
1469 2719 1551 2757 des.
1601 2719 1706 2762 Quas

247 2785 278 2822 si
308 2783 397 2821 mihi
417 2782 581 2829 dederis,
601 2781 714 2832 quale
735 2794 876 2819 munus
903 2782 1062 2819 daturus
1085 2781 1151 2826 sis,
1181 2780 1313 2818 audire
1339 2787 1377 2818 et
1405 2793 1638 2831 cognoscere
1670 2788 1707 2819 te

247 2846 370 2883 velim.
400 2845 488 2888 Quo
507 2857 579 2896 ego
599 2844 692 2882 lucri
709 2843 799 2881 nihil
821 2843 972 2888 faciam,
988 2842 1057 2880 sed
1079 2855 1143 2880 eas
1163 2842 1254 2880 dote
1274 2841 1366 2879 data
1385 2841 1559 2886 elocabo‚
1580 2854 1706 2892 neque

248 2906 497 2951 committam,
536 2913 577 2943 ut
615 2904 758 2955 aliquid
786 2904 985 2955 indignum
1015 2904 1074 2941 vel
1104 2903 1226 2947 nobis,
1260 2903 1317 2941 vel
1356 2911 1460 2953 patre
1498 2902 1704 2953 patiantur.
