1923 3149
726 176 797 213 DE
827 176 1071 214 CORONA.
1548 176 1614 213 191

180 278 435 328 cognoscetis.
468 278 556 316 Non
574 278 713 316 licebat
725 278 857 327 utique
874 276 1014 322 Locris,
1028 278 1096 314 nisi
1111 289 1149 314 re
1166 276 1268 327 prius
1280 277 1388 314 nobis
1401 277 1625 314 denuntiata

178 338 282 376 litem
302 339 483 378 adversus
508 345 676 377 nostram
701 339 890 376 civitatem
919 337 1121 375 conficere.
1178 338 1275 379 Quis
1296 337 1408 387 igitur
1430 350 1501 375 nos
1531 337 1625 376 cita-

180 399 233 436 vit
262 400 311 437 ad
336 414 449 450 quem
477 399 718 451 judicatum?
766 399 875 437 Cedo
905 397 1097 436 hominem
1126 398 1189 448 qui
1219 399 1327 443 sciat,
1346 399 1519 436 ostende.
1575 399 1627 436 At

180 473 256 498 non
283 469 407 511 poteS,
436 462 505 500 sed
537 462 688 499 inanem
722 460 827 499 illum
855 472 1054 511 perperam
1087 459 1294 498 adhibuisti
1323 465 1551 510 praetextum
1589 466 1627 498 et

180 523 416 561 mendacem.

232 585 296 621 50.
328 584 570 622 Obeuntibus
592 582 708 632 igitur
727 582 923 633 regionem
944 594 1028 619 eam
1057 581 1166 619 istius
1195 581 1348 619 hortatu
1371 579 1625 631 Amphictyo-

180 645 304 692 nibus,
325 646 440 684 Locri
457 645 600 696 impetu
615 644 719 682 facto
731 658 829 696 pene
845 657 975 681 omncs
988 643 1129 694 jaculis
1151 644 1406 688 confixerunt,
1422 642 1628 681 nonnullos

179 707 293 744 etiam
319 720 366 744 ex
384 706 758 744 hieromnemonibus
778 705 1055 756 corripuerunt.
1113 705 1166 742 Ut
1184 718 1272 743 vero
1288 717 1337 742 ex
1355 704 1415 742 his
1435 704 1623 754 querimo—

179 767 250 804 niae
268 772 355 805 ortae
371 767 590 819 bellumque
621 773 755 806 contra
784 767 1080 818 Amphissenses
1093 767 1344 816 ³concitatum
1377 772 1446 812 est,
1465 765 1628 817 primum

181 828 396 880 Cottyphus
427 829 755 882 Amphictyonum
789 829 995 880 praesectus
1029 835 1088 866 est
1119 829 1315 875 exercitui,
1353 828 1507 874 deinde,
1539 841 1628 865 cum

179 889 242 927 alii
260 903 337 928 non
362 891 548 938 venirent,
567 891 629 929 alii
644 891 708 941 qui
728 897 910 929 venerant
928 890 1020 927 nihil
1036 890 1217 928 effectum
1237 890 1385 937 darent,
1405 890 1442 926 in
1463 902 1627 939 sequen-

180 958 217 988 te
243 959 432 990 conventu
447 952 578 1004 Pylaeo
595 953 643 990 ad
658 953 878 1003 Philippum
899 952 1028 990 statim
1055 951 1309 1003 principatum
1335 951 1507 988 detulere
1536 963 1630 988 non-

181 1011 272 1049 nulli
291 1012 465 1051 homines
484 1014 534 1051 ad
553 1026 636 1051 eam
662 1026 741 1051 rem
770 1013 946 1051 instructi
962 1020 1003 1050 et
1015 1013 1243 1064 Jampridem
1263 1011 1468 1064 profligati,
1490 1012 1627 1062 partim

181 1088 228 1112 ex
261 1075 470 1123 Thessalis,
500 1077 637 1127 partlm
670 1089 717 1114 ex
748 1076 831 1114 aliis
864 1075 1097 1114 civitatibus.
1153 1075 1377 1125 Causasque
1403 1074 1509 1111 nacti
1537 1082 1627 1111 sunt

181 1136 399 1186 speciosas:
430 1145 496 1174 aut
525 1138 625 1175 enim
657 1139 761 1189 ipsos
790 1137 973 1188 pecunias
1003 1135 1175 1175 conferre
1205 1142 1460 1186 externosque
1488 1135 1626 1172 milites

181 1196 280 1234 alere
300 1204 474 1248 oportere
494 1198 690 1244 dicebant,
717 1206 756 1236 et
773 1199 839 1249 qui
858 1200 944 1237 haec
971 1204 1194 1236 recusarent
1215 1198 1416 1243 mulctare,
1436 1202 1502 1234 aut
1522 1196 1628 1233 illum

180 1256 319 1294 ducem
347 1257 501 1309 eligere.
555 1259 659 1300 Quid
687 1259 838 1297 multa?
868 1266 1022 1297 creatus
1051 1259 1116 1297 ille
1143 1258 1249 1296 hisce
1278 1259 1419 1295 artibus
1449 1257 1526 1295 dux
1554 1264 1627 1295 est.

183 1317 234 1355 Et
267 1319 397 1356 statim
428 1324 563 1370 postea
592 1319 792 1371 Philippus
825 1320 945 1371 copiis
984 1320 1215 1371 comparatis
1250 1331 1476 1370 progressus
1523 1318 1632 1368 quasi

179 1393 357 1431 campum
377 1380 591 1418 Cirrhaeum
606 1381 807 1421 invasurus
827 1389 939 1429 esset,
958 1382 1116 1433 longum
1130 1382 1257 1420 valere
1271 1381 1391 1433 jussis
1412 1387 1450 1419 et
1466 1380 1630 1419 Cirrhae-

176 1441 206 1478 is
226 1448 264 1479 et
282 1441 550 1489 Locrensibus,
573 1441 746 1480 Elateam
765 1451 942 1497 occupat.
999 1444 1113 1488 Quod
1141 1445 1172 1482 si
1195 1457 1272 1481 non
1297 1442 1437 1486 statim,
1454 1448 1498 1480 ut
1515 1442 1552 1479 id
1576 1442 1631 1479 vi-

179 1502 326 1550 derant,
345 1504 547 1542 consilium
566 1510 780 1542 mutassent
797 1505 971 1544 Thebani
996 1519 1160 1557 seseque
1186 1505 1384 1544 vobiscum
1413 1503 1633 1555 conjunxis-

180 1571 280 1610 sent,
300 1564 478 1603 torrentis
497 1565 617 1602 instar
643 1565 821 1603 universa
845 1567 899 1604 rei
930 1568 1052 1605 moles
1085 1568 1124 1604 in
1152 1568 1251 1605 hanc
1282 1568 1417 1604 urbem
1436 1564 1630 1602 irruisset:

180 1639 285 1663 nunc
301 1632 429 1663 autem
447 1638 534 1663 eum
555 1625 762 1676 derepente
781 1626 835 1663 illi
855 1634 1117 1674 coercuerunt,
1137 1629 1300 1666 maxime
1325 1627 1490 1678 quidem,
1512 1625 1633 1664 Athe-

179 1685 345 1731 nienses,
361 1686 421 1723 dei
437 1686 600 1737 alicujus
629 1687 868 1737 benignitate
886 1701 978 1739 erga
995 1702 1063 1726 vos
1080 1702 1089 1732 ;
1120 1689 1261 1727 deinde
1278 1702 1368 1727 vero
1389 1694 1572 1739 quantum
1593 1687 1631 1724 in

180 1760 258 1785 uno
271 1748 351 1786 viro
367 1747 482 1785 situm
497 1755 556 1786 est
576 1761 694 1798 opera
708 1761 808 1786 mea.
867 1749 976 1787 Cedo
1001 1750 1094 1786 mihi
1113 1750 1198 1785 haec
1217 1750 1373 1785 decreta
1391 1756 1429 1786 ct
1444 1755 1630 1800 tempora,

177 1809 314 1860 quibus
332 1809 486 1859 singula
502 1816 659 1859 peracta
679 1812 786 1852 sunt3
817 1816 860 1846 ut
875 1810 1016 1854 sciatis,
1031 1808 1184 1860 quantis
1199 1809 1321 1846 turbis
1333 1808 1631 1859 impurissimum

179 1870 282 1909 istud
304 1876 422 1922 caput
439 1870 612 1908 excitatis
632 1883 766 1921 poenas
784 1870 958 1908 nondum
977 1870 1214 1921 persolverit.
1245 1870 1383 1907 Recita
1401 1870 1567 1909 decreta.

235 2017 303 2056 51.
550 2015 855 2054 DECRETUM
885 2014 1354 2053 AMPHICTYONUM.

226 2109 394 2139 Sacerdote
409 2109 582 2148 Clinagora,
606 2109 714 2148 Pylaeo
736 2108 866 2138 concilio
887 2119 992 2146 vernn,
1007 2108 1106 2139 visum
1121 2113 1169 2140 est
1185 2110 1347 2149 Pylagoris
1362 2113 1392 2140 et
1403 2110 1633 2141 consessoribus

181 2158 435 2199 Amphictyonum
452 2165 484 2188 et
495 2159 646 2189 communi
661 2159 933 2200 Amphictyonum,
946 2160 1086 2199 quoniam
1099 2159 1336 2199 Amphissenses
1350 2160 1380 2190 in
1398 2170 1514 2190 sacrum
1527 2171 1633 2200 agrum

180 2207 403 2248 ingrediuntur,
416 2220 543 2249 eumque
559 2215 719 2240 conserunt
735 2216 767 2240 et
782 2210 923 2240 armentis
939 2210 1135 2247 distribuunt,
1151 2216 1186 2240 ut
1201 2221 1237 2240 eo
1250 2221 1281 2240 se
1303 2211 1460 2241 conferant
1475 2211 1634 2251 Pylagorae

181 2270 215 2290 ac
232 2271 438 2297 consessores,
454 2266 485 2291 et
497 2261 644 2291 terminos
659 2261 807 2292 columnis
822 2261 1021 2301 distinguant,
1029 2266 1059 2292 et
1072 2261 1343 2301 Amphissensibus
1359 2262 1542 2293 interdicant
1554 2273 1592 2293 ne
1602 2263 1633 2293 in

180 2316 337 2349 posterum
351 2310 568 2352 ingrediantur.

632 2419 802 2457 ALIUD
833 2419 1154 2459 DECRETUM.

225 2510 390 2541 Sacerdote
406 2512 578 2552 Clinagora‚
591 2514 698 2553 Pylaeo
715 2513 845 2544 coneilio
862 2524 968 2549 verno,
982 2514 1080 2544 visum
1094 2521 1141 2544 est
1157 2513 1317 2553 Pylagoris
1334 2518 1364 2544 et
1376 2514 1633 2554 Amphictyonum

182 2561 414 2592 consessoribus
431 2568 462 2592 et
485 2565 634 2595 communi
660 2565 932 2604 Amphictyonum,
955 2566 1096 2605 quoniam
1118 2565 1354 2604 Amphisseuses
1386 2576 1491 2606 agrum
1514 2576 1632 2595 sacrum

183 2611 263 2641 inter
279 2623 311 2641 se
328 2612 461 2642 divisum
473 2615 574 2645 colunt
589 2621 619 2646 et
633 2621 767 2646 armenta
781 2616 813 2646 in
837 2627 873 2646 eo
889 2621 1031 2656 pascunt,
1049 2622 1091 2653 et,
1114 2627 1182 2646 cum
1197 2617 1254 2646 hoc
1270 2617 1369 2647 facere
1385 2622 1570 2652 vetarentur,
1589 2627 1635 2646 ar-

180 2664 256 2693 mati
270 2668 420 2694 venerunt
441 2669 472 2693 et
493 2675 649 2697 commune
664 2669 839 2698 Graecorum
864 2668 1025 2698 concilium
1048 2669 1079 2698 vi
1104 2669 1330 2709 propulsarunt,
1355 2669 1516 2699 nonnullos
1541 2668 1631 2698 etiam

181 2714 387 2750 vulnerarunt,
405 2714 466 2755 [et]
481 2715 669 2758 Cuttyplmm
683 2719 834 2749 Arcadem
860 2719 968 2749 ducem
994 2720 1031 2748 ab
1054 2719 1330 2758 Amphictyonibus
1348 2723 1482 2749 creatum
1497 2718 1577 2747 mitti
1594 2719 1632 2748 ad

182 2764 360 2806 Philippum
384 2767 596 2803 Macedonem,
621 2770 659 2798 ab
683 2780 780 2809 eoque
797 2771 871 2811 peti,
889 2775 922 2800 ut
937 2770 1074 2810 Apollini
1090 2775 1121 2800 et
1136 2771 1413 2810 Amphictyonibus
1436 2780 1524 2809 opem
1546 2770 1634 2806 serat,

183 2825 282 2855 neque
297 2817 387 2847 deum
411 2819 546 2859 negligat
571 2820 607 2849 ab
627 2820 730 2861 impiis
751 2822 1024 2862 Amphissensibus
1047 2822 1162 2852 nefarie
1185 2823 1349 2852 violatum:
1372 2822 1511 2851 nunciari
1527 2832 1637 2862 quoque

184 2875 253 2895 eum
267 2867 479 2907 imperatorem
497 2880 565 2899 cum
586 2881 700 2901 summa
715 2876 866 2911 potestate
879 2885 896 2904 a
911 2874 1027 2904 Graecis
1043 2873 1187 2904 constitui
1204 2873 1343 2903 omnibus
1357 2873 1408 2912 qui
1426 2872 1545 2902 concilii
1562 2873 1635 2902 Am-

186 2916 371 2957 phictyonici
385 2924 453 2950 sunt
469 2920 644 2961 participes.
