1923 3149
230 153 309 188 474
753 151 812 188 IN
844 152 1119 190 APHOBUM
1153 153 1181 190 1.

231 253 507 303 consequendo
533 252 737 305 adjuvetis.
806 254 946 293 Dicam
977 262 1105 292 autem
1138 266 1254 306 quam
1283 260 1417 305 potero
1443 255 1681 293 brevissime.

233 315 362 364 Atque
395 314 484 351 inde
508 315 764 353 narrationem
790 316 1036 366 auspicabor,
1062 316 1164 353 unde
1194 328 1261 354 vos
1287 315 1484 366 negotium
1504 315 1683 353 facillime

234 376 485 426 perspicietis.

291 439 328 474 2.
361 437 647 476 Demosthenes
667 444 774 489 pater
801 451 925 485 meus,
944 438 1120 486 Judiees,
1141 451 1218 476 rem
1247 437 1472 475 familiarem
1501 438 1689 476 talentum

231 498 381 536 circiter
400 499 704 549 quatuordecim,
734 512 795 537 me
819 506 1060 551 septennem,
1089 512 1257 538 sororem
1287 499 1574 550 quinquennem
1597 496 1685 536 reli-

233 560 338 610 quit;
369 567 606 611 matremque
626 567 811 607 nostram,
843 574 930 611 quae
963 562 1085 599 minas
1107 561 1389 612 quinquaginta
1410 560 1565 597 nomine
1585 558 1687 596 dotis

234 620 272 657 in
305 620 386 671 ejus
415 621 520 659 aedes
548 622 741 659 intulerat.
811 621 1039 668 Moriturus‚
1066 622 1160 659 inito
1189 622 1237 659 de
1267 622 1375 659 nobis
1404 621 1576 665 consilio,
1603 619 1689 656 haec

233 683 361 720 omnia
381 682 535 732 Aphobi
552 689 590 720 et
606 682 888 734 Demophontis
906 684 949 721 F.
961 683 1163 730 Demonis,
1177 696 1345 729 suorum,
1359 682 1474 732 hujus
1494 694 1540 719 ex
1556 680 1687 723 fratre,

233 743 334 781 illius
368 756 414 781 ex
452 756 592 790 sorore,
622 751 824 795 nepotum,
861 744 949 782 fidei
979 744 1195 783 commisit:
1236 744 1388 782 tertium
1419 743 1478 780 his
1515 740 1691 790 adjunxit

234 805 505 856 Therippidem
522 805 802 852 Paeaniensem‚
819 819 896 843 non
916 806 1073 856 quidem
1092 806 1324 855 cognatione
1344 805 1486 854 aliqua,
1508 803 1578 841 sed
1596 802 1690 840 ami-

235 865 325 902 citia
351 867 432 915 jam
460 865 549 903 inde
570 879 592 903 a
611 879 731 917 puero
751 867 821 903 sibi
847 867 1112 917 conjunctum.
1171 865 1287 910 Huic,
1312 878 1360 902 ne
1383 864 1596 914 cupiditate
1624 875 1692 913 pe-

235 926 360 963 cuniae
382 926 534 964 illectus
550 939 675 964 meum
696 927 843 976 aliquid
869 928 977 978 pejus
999 926 1297 970 administraret,
1318 925 1600 963 usumfructum
1629 935 1694 959 se-

236 986 440 1037 ptuaginta
462 988 650 1024 minarum
664 999 710 1023 ex
722 988 951 1037 patrimonio
974 1000 1059 1023 meo
1083 987 1270 1038 tantisper
1291 986 1499 1032 concessit,
1512 985 1605 1022 dum
1620 995 1693 1033 ego

236 1048 289 1086 ad·
299 1048 444 1086 virilem
460 1055 614 1087 aetatem
634 1049 918 1099 pervenissem:
950 1047 1217 1098 Demophonti
1236 1061 1405 1086 sororem
1417 1060 1542 1084 meam
1561 1052 1600 1083 et
1617 1045 1694 1082 duo

237 1109 385 1147 talenta
405 1110 534 1147 statim
561 1109 742 1147 habenda
760 1109 892 1147 dedit:
922 1109 985 1146 isti
1004 1109 1076 1160 ipsi
1096 1115 1257 1147 matrem
1279 1121 1366 1146 cum
1388 1108 1479 1145 dote
1498 1106 1697 1156 octoginta

238 1169 426 1208 minarum
446 1176 484 1207 et
509 1170 632 1214 aedes,
654 1183 732 1207 una
751 1183 838 1207 cum
858 1182 930 1207 usu
949 1169 1192 1208 instrumenti
1213 1176 1252 1207 et
1271 1168 1563 1220 suppellectilis,
1578 1174 1705 1213 ratus,-

240 1243 307 1269 eos
328 1232 442 1269 etiarn
457 1237 564 1269 tanto
579 1244 641 1269 me
655 1231 878 1281 diligentius
894 1237 1110 1276 curaturos,
1123 1237 1268 1281 quanto
1289 1243 1355 1268 eos
1374 1229 1467 1266 mihi
1487 1228 1698 1267 accedente

237 1291 311 1330 hae
331 1292 616 1330 necessitudine
637 1293 923 1343 conjunctiores
943 1292 1187 1329 reddidisset.
1229 1291 1297 1329 Isti
1313 1297 1440 1328 autem
1459 1290 1697 1340 portionibus

238 1353 299 1390 his
321 1353 370 1390 de
390 1352 617 1403 patrimonio
637 1354 686 1391 ad
707 1366 748 1391 se
768 1353 946 1403 receptis,
967 1359 1005 1389 et
1026 1352 1180 1402 reliquis
1208 1353 1343 1402 opibus
1363 1351 1402 1388 in
1423 1351 1585 1389 decenni
1605 1365 1699 1390 cura

241 1421 280 1453 et
305 1415 427 1453 tutela
458 1415 577 1452 nostri
610 1415 797 1461 tractatis,
827 1428 898 1452 nos
931 1416 1080 1452 caeteris
1110 1414 1288 1452 omnibus
1323 1414 1564 1460 fraudarunt,
1594 1415 1699 1452 aedes

241 1476 433 1514 duntaxat
460 1482 498 1513 et
529 1475 721 1525 mancipia
739 1475 1029 1526 quatuordecim
1051 1482 1089 1512 et
1110 1475 1258 1524 argenti
1278 1475 1399 1511 minas
1419 1474 1590 1525 triginta,
1611 1488 1699 1525 quae

240 1538 420 1576 universa
450 1537 613 1575 collecta
637 1537 674 1574 in
695 1550 815 1575 unum
847 1537 1094 1588 septuaginta
1119 1537 1239 1574 minas
1261 1536 1310 1574 ad
1335 1549 1524 1575 summum
1544 1537 1699 1575 confici-

241 1606 324 1646 unt,
342 1598 451 1637 nobis
468 1599 722 1637 tradiderunt.

297 1662 333 1698 3.
365 1659 494 1710 Caput
512 1659 627 1709 igitur
647 1659 881 1710 injuriarum,
902 1672 1017 1710 quam
1038 1659 1119 1696 fieri
1137 1659 1360 1697 brevissime
1390 1658 1514 1709 potuit
1545 1658 1699 1709 exposi-

242 1727 338 1767 tum,
358 1720 433 1758 hoc
452 1727 526 1766 est,
543 1720 727 1758 Judices:
757 1720 932 1771 pecuniae
952 1727 1081 1758 autem
1106 1726 1256 1758 tantum
1276 1719 1395 1758 fuisse
1416 1719 1604 1766 relictum,
1628 1720 1701 1770 ipsi

243 1781 334 1819 mihi
351 1781 565 1832 locupletes
583 1787 698 1819 testes
718 1781 882 1819 fuerunt.
940 1782 1043 1819 Nam
1062 1781 1100 1818 in
1121 1782 1286 1819 classem
1308 1793 1377 1831 pro
1400 1793 1473 1826 me,
1489 1779 1537 1818 de
1557 1780 1701 1819 vicenis

243 1842 368 1893 quinis
388 1842 515 1886 minis,
537 1841 742 1879 drachmas
762 1840 948 1892 quigenas
975 1842 1235 1887 contulerunt,
1262 1841 1489 1878 tantundem
1515 1849 1701 1890 quantum

244 1903 473 1941 Timotheus
496 1902 666 1940 Cononis
686 1902 787 1939 filius
820 1909 859 1940 et
888 1903 1194 1953 pecuniosissimi
1223 1902 1363 1952 quique
1394 1902 1495 1938 cives
1530 1901 1703 1940 confere-

243 1965 353 2001 bant.
391 1963 598 2012 Sigillatim
619 1969 745 2000 autem
761 1963 872 2000 etiam
892 1964 997 2001 vobis
1015 1962 1285 2013 explicandum
1307 1968 1380 2008 est,
1399 1975 1485 2012 quae
1504 1962 1702 2000 fructuosa

243 2025 395 2070 fuerint,
416 2037 503 2074 quae
520 2036 597 2061 non
624 2024 775 2068 fuerint,
794 2030 832 2062 et
853 2024 984 2074 quanti
1000 2037 1166 2074 quaeque
1183 2023 1335 2061 fuerint.
1392 2022 1463 2060 His
1487 2022 1587 2060 enirn
1609 2035 1703 2074 cog-

245 2085 335 2123 nitis
355 2084 501 2135 liquido
531 2084 764 2134 intelligetis,
784 2084 912 2122 nullos
933 2097 1104 2135 unquam
1123 2090 1283 2130 tutores,
1303 2095 1419 2132 quam
1446 2089 1577 2120 nostra
1598 2083 1703 2121 bona

245 2146 355 2191 istos,
376 2145 434 2183 vel
464 2145 725 2196 impudentius
756 2145 816 2182 vel
841 2145 1082 2183 manifestius
1116 2145 1315 2195 diripuisse
1347 2157 1425 2181 rem
1456 2144 1703 2195 pupillorum.

248 2207 306 2244 Ac
325 2206 503 2256 primum,
521 2218 589 2243 eos
617 2219 686 2257 pro
713 2219 773 2243 me
799 2206 873 2244 hoc
899 2206 1082 2243 tributum
1111 2206 1149 2242 in
1176 2206 1337 2244 classem
1358 2205 1613 2243 aestimatione
1633 2218 1703 2243 sua

247 2267 472 2313 contulisse,
491 2273 610 2304 testes
625 2267 860 2317 producam:
891 2267 1044 2313 deinde,
1062 2280 1122 2304 me
1143 2280 1165 2304 a
1184 2272 1293 2317 patre
1313 2279 1391 2303 non
1409 2279 1616 2316 pauperem
1637 2273 1705 2304 aut

247 2327 311 2376 qui
328 2340 407 2364 rem
423 2328 671 2378 septuaginta
689 2328 873 2365 minarum
888 2327 1083 2373 haberem,
1099 2327 1168 2364 sed
1180 2334 1341 2371 tantam,
1362 2333 1406 2363 ut
1425 2327 1626 2365 exactione
1646 2326 1704 2363 in-

250 2387 367 2431 dicta,
397 2400 467 2425 nec
500 2388 569 2439 ipsi
591 2388 783 2426 occultare
804 2388 957 2439 publice
982 2394 1136 2438 propter
1163 2387 1469 2437 magnitudinem
1499 2387 1702 2437 potuerint,

248 2448 424 2486 relictum
449 2461 531 2486 esse
552 2449 766 2488 ostendam.
824 2449 932 2500 Cape
951 2449 1023 2487 hoc
1044 2449 1300 2487 testimonium
1321 2460 1367 2486 ac
1389 2447 1518 2486 recita.

769 2593 1178 2634 TESTIMONIUM.

251 2680 410 2722 Quanta
443 2693 592 2720 summa
624 2683 750 2729 fuerit,
788 2684 877 2721 hinc
916 2685 1030 2723 etiam
1068 2693 1239 2736 apparet.
1297 2685 1528 2727 Quindecim
1566 2696 1703 2734 nempe

252 2740 464 2784 talentum3
486 2755 604 2792 quum
624 2756 760 2781 census
783 2744 934 2783 nomine
956 2747 1027 2784 tria
1047 2747 1190 2785 talenta
1208 2746 1381 2784 conferre
1402 2746 1602 2784 voluerint.

307 2804 343 2837 4.
377 2802 456 2839 Sed
472 2802 560 2850 hoc,
583 2804 713 2842 audita
735 2819 772 2842 re
793 2806 983 2852 familiari,
1004 2809 1144 2846 certius
1160 2808 1414 2859 cognoscetis.
1453 2807 1570 2845 Pater
1584 2818 1704 2851 meus,

252 2861 428 2908 amices,
448 2864 544 2903 duas
561 2866 734 2904 officinas
755 2866 917 2917 reliquit,
934 2869 1072 2918 opificii
1090 2877 1284 2920 utramque
1308 2882 1382 2906 non
1405 2867 1526 2919 parvi:
1558 2866 1704 2917 gladio-
