1923 3149
271 148 346 183 228
578 146 650 184 DE
681 147 831 186 MALE
861 149 1040 187 GESTA
1071 148 1399 189 LEGATIONE.

272 259 388 297 quam
408 246 653 284 id·munitum
674 248 800 295 suerit,
820 262 1012 300 quamque
1033 250 1211 301 Philippo
1229 250 1420 297 diffidens,
1442 256 1612 288 secutam
1629 256 1717 300 post

268 314 423 358 repente
452 307 567 345 fidem
597 316 637 346 et
661 310 864 348 amicitiam
884 311 1147 348 consideretis.
1189 311 1357 357 Deinde,
1386 311 1416 348 si
1443 318 1652 349 evenerunt
1671 323 1717 348 ea

267 381 355 418 quoe
375 368 444 406 iste
462 369 570 407 vobis
590 372 839 417 renunciavit,
859 379 898 409 et
916 381 1001 410 acta
1026 372 1211 422 praeclara
1233 372 1399 417 fuerunt,
1418 379 1461 409 ut
1479 378 1631 422 propter
1649 384 1713 408 ve-

265 429 416 467 ritatem
445 437 484 468 et
508 431 726 481 reipublicae
756 433 960 471 utilitatem
983 446 1066 471 esse
1096 433 1199 470 facta
1232 433 1477 471 existimetis:
1509 433 1566 470 sin
1587 432 1714 469 omnia

264 498 399 529 contra
418 505 534 541 quam
552 493 624 530 iste
644 493 751 539 dixit,
770 501 858 532 acta
882 502 986 542 sunt,
1012 502 1051 533 et
1077 495 1239 532 multum
1273 494 1471 532 dedecoris
1505 501 1543 531 et
1572 506 1714 542 magna

262 552 483 603 reipublicae
503 553 672 604 pericula
686 554 909 602 attulerunt,
929 563 1083 607 propter
1106 556 1238 593 sordes
1258 555 1368 593 istius
1391 562 1430 593 et
1447 555 1644 593 veritatem
1664 553 1712 590 ab

264 624 310 649 eo
325 614 489 663 pecunia
507 615 715 661 venditam,
737 622 780 652 ut
797 624 986 655 mutatum
1008 631 1095 655 eum
1112 630 1198 655 esse
1217 616 1393 655 videatis.

320 674 382 711 11.
413 674 553 712 Dicam
573 682 715 722 autem,
734 678 891 726 quando
908 677 984 716 huc
1008 686 1190 729 provecta
1208 685 1268 716 est
1290 677 1424 723 oratio,
1444 677 1604 727 primum
1631 688 1712 713 om-

261 734 379 780 nium,
398 748 476 785 quo
496 742 607 786 pacto
622 737 730 774 vobis
746 738 947 775 Phocense
961 739 1159 789 negotium
1173 739 1387 789 eripuerint.
1425 737 1486 775 Ne
1500 750 1588 774 vero
1608 737 1714 786 quis-

260 808 375 845 quam
393 803 574 840 vestrum‚
597 797 766 846 judices,
787 798 1090 847 magnitudinem
1112 812 1237 835 rerum
1258 799 1423 842 intuens,
1446 797 1710 835 accusationes

259 862 298 892 et
319 854 478 893 crimina
496 855 643 906 majora
662 869 749 893 esse
767 864 889 906 putet,
905 871 1018 907 quam
1035 871 1103 908 pro
1122 858 1233 896 istius
1249 859 1475 896 auctoritate
1492 871 1501 900 ;
1533 857 1602 894 sed
1617 857 1712 894 illud

259 924 446 967 spectate,
467 917 498 954 si
513 930 780 967 quemcunque
801 931 868 955 vos
890 919 943 955 illi
960 920 1106 956 muneri
1122 920 1401 969 praefecissetis,
1421 925 1460 956 et
1480 918 1630 955 oblatas
1647 930 1712 954 oc-

258 977 436 1014 casiones
456 977 488 1028 ej
497 990 538 1014 us
553 978 642 1015 fidei
658 977 931 1025 mandassetis,
951 979 1059 1016 illum
1082 979 1209 1025 etiam,
1230 980 1257 1015 si
1278 979 1385 1016 istius
1411 979 1585 1029 exemplo
1604 978 1713 1016 volu-

257 1036 366 1082 isset,
377 1050 494 1088 opera
509 1051 578 1075 sua
592 1039 718 1076 locata
737 1040 925 1086 hostibus,
940 1053 1006 1078 vos
1020 1040 1211 1091 decipere,
1227 1047 1267 1078 et
1278 1041 1410 1078 fraude
1427 1040 1711 1084 circumvenire,

257 1096 392 1134 eadem
414 1112 501 1149 quae
522 1107 561 1136 et
581 1101 694 1137 istum
715 1102 883 1138 excitare
902 1102 1004 1139 mala
1023 1102 1203 1152 potuisse
1240 1101 1329 1139 Non
1350 1101 1464 1148 enim,
1485 1102 1516 1139 si
1535 1114 1604 1139 vos
1619 1101 1713 1138 levi-

255 1158 330 1195 bus
347 1172 450 1209 saepe
470 1160 688 1199 hominibus
708 1162 861 1212 publica
879 1162 1070 1200 mandatis
1091 1162 1259 1213 negotia,
1280 1176 1339 1200 res
1355 1164 1467 1201 etiam
1484 1162 1587 1200 leves
1608 1168 1711 1208 sunt,

256 1230 345 1268 quae
364 1219 498 1258 honori
518 1221 680 1260 civitatis
700 1230 842 1260 nostrae
864 1224 911 1261 ab
932 1224 1014 1261 aliis
1033 1223 1270 1263 deferuntur.
1291 1224 1428 1274 Neque
1444 1224 1573 1261 multis
1589 1223 1714 1260 verbis

258 1287 320 1318 est
341 1294 452 1332 opus.
487 1283 622 1334 Itaque
644 1284 865 1322 Phocenses
885 1285 998 1322 etiam
1020 1285 1220 1336 Philippus
1241 1299 1333 1322 sane
1364 1284 1542 1335 perdidit,
1564 1284 1631 1321 sed
1650 1283 1713 1320 isti

254 1342 289 1379 ei
309 1342 502 1393 adjutores
518 1345 686 1382 fuerunt.
740 1346 825 1383 Hoc
850 1347 964 1396 igitur
989 1346 1314 1385 considerandum
1344 1353 1382 1383 et
1405 1345 1613 1383 videndum
1636 1352 1709 1389 est,

255 1408 398 1449 utrum,
417 1411 606 1454 quatenus
629 1406 885 1443 Phocensium
907 1408 1010 1445 salus
1043 1421 1065 1445 a
1098 1407 1291 1457 legatione
1324 1407 1530 1457 pendebat,
1550 1413 1710 1444 eatenus

253 1461 317 1501 isti
348 1466 602 1516 corruperint,
635 1473 674 1504 et
699 1467 936 1517 perdiderint
965 1469 1117 1511 omnia;
1148 1481 1225 1505 non
1246 1468 1355 1517 quasi
1381 1469 1453 1505 iste
1480 1480 1545 1517 per
1565 1480 1606 1504 se
1626 1479 1711 1518 per-

255 1523 347 1562 dere
369 1525 595 1564 Phocenses
615 1528 816 1577 potuisset.
856 1530 943 1571 Quo
965 1529 1058 1580 quid
1077 1529 1307 1567 absurdius?
1327 1529 1395 1566 sed
1416 1529 1467 1565 da
1486 1528 1578 1565 mihi
1598 1540 1710 1565 sena-

255 1588 554 1633 tusconsultum,
574 1589 679 1638 quod
699 1602 759 1627 me
778 1590 966 1628 referente
1005 1591 1148 1628 sactum
1175 1597 1248 1636 est,
1275 1597 1313 1627 et
1339 1590 1599 1627 testimonium
1629 1589 1712 1640 ejus

257 1647 322 1696 qui
339 1655 420 1685 tum
442 1648 477 1686 id
495 1649 597 1694 fecit,
617 1657 659 1686 ut
680 1650 824 1697 sciatis,
844 1658 884 1688 et
909 1664 968 1688 me
1000 1665 1078 1688 non
1111 1658 1192 1688 turn
1220 1651 1401 1696 tacuisse,
1425 1664 1527 1688 nunc
1547 1652 1594 1688 ab
1615 1650 1710 1689 actis

254 1722 315 1748 me
331 1725 539 1757 removere,
553 1713 621 1750 sed
637 1714 765 1750 statim
779 1727 999 1761 accusasse,
1014 1723 1051 1753 et
1071 1715 1294 1766 praevidisse
1310 1716 1451 1760 futura,
1466 1723 1505 1752 et
1520 1723 1710 1761 senatum,

255 1771 320 1820 qui
341 1785 386 1809 ex
416 1786 476 1809 me
497 1773 626 1810 audire
647 1787 776 1811 verum
799 1775 1013 1825 prohibitus
1035 1789 1111 1812 non
1131 1776 1215 1819 fuit,
1240 1789 1364 1825 neque
1389 1776 1569 1814 laudasse
1599 1774 1709 1822 istos,

254 1845 380 1882 neque
401 1833 438 1869 in
459 1834 602 1871 curiam
623 1835 818 1872 vocandos
835 1837 1049 1873 censuisse.
1072 1837 1189 1886 Atqui
1208 1837 1245 1874 id
1265 1837 1313 1873 ab
1334 1837 1427 1873 urbe
1448 1837 1604 1874 condita
1623 1837 1709 1874 ullis

255 1894 442 1931 accidisse
465 1894 615 1944 legatis,
637 1909 749 1933 nemo
770 1897 958 1934 meminit:
989 1910 1036 1934 ne
1057 1897 1273 1947 Timagorae
1307 1897 1475 1947 quidem,
1503 1911 1617 1948 quem
1643 1911 1707 1935 ca-

252 1953 342 2004 pitis
362 1954 556 1992 damnavit
589 1956 764 2006 populus.
823 1959 880 1993 At
910 1957 993 1994 istis
1023 1957 1107 1995 haec
1137 1958 1373 1996 acciderunt.
1402 1981 1406 1985 ›
1431 1958 1569 1997 Recita
1588 1958 1708 2009 primo

253 2013 526 2062 testiinonium,
543 2015 681 2053 deinde
698 2018 1092 2059 senatusconsultum.

466 2163 871 2204 TESTIMONIUM.
903 2166 1520 2206 SENATUSCONSULTUM.

256 2264 330 2302 Hic
349 2279 473 2316 neque
495 2267 592 2313 laus,
607 2282 732 2319 neque
753 2269 926 2308 invitatio
945 2271 1162 2321 legatorum
1183 2270 1219 2307 in
1240 2270 1384 2307 curiam
1405 2283 1427 2307 a
1446 2277 1598 2320 senatu,
1618 2283 1709 2308 con-

254 2326 411 2365 tinetur.
474 2329 540 2367 Sin
562 2331 631 2368 iste
653 2332 839 2370 contineri
856 2333 919 2377 ait,
942 2333 1124 2371 ostendat
1143 2339 1259 2383 atque
1279 2332 1470 2377 exhibeat,
1492 2339 1530 2370 et
1549 2346 1622 2384 ego
1641 2333 1708 2371 de-

254 2388 449 2426 scendam.
506 2391 582 2428 Sed
604 2405 680 2429 non
700 2394 931 2431 continetur.

311 2451 372 2486 12.
404 2449 521 2492 Quod
539 2452 570 2488 si
590 2465 721 2491 omnes
742 2455 878 2491 eadem
899 2455 935 2491 in
962 2455 1153 2504 legatione
1173 2454 1401 2503 egissemus,
1415 2456 1502 2506 jure
1520 2455 1709 2493 neminem

251 2509 450 2547 laudasset
467 2519 625 2549 senatus
646 2517 793 2559 (revera
812 2516 912 2552 enim
926 2514 1175 2565 vituperanda
1187 2523 1316 2553 essent
1334 2524 1420 2554 acta
1439 2517 1623 2561 omnium)
1647 2518 1706 2555 sin

253 2569 315 2607 alii
344 2571 447 2608 bona
480 2571 555 2609 fide
576 2586 653 2610 rem
674 2583 891 2623 gesserunt,
911 2576 972 2613 alii
989 2582 1135 2620 contra,
1156 2576 1248 2613 satis
1269 2585 1440 2627 apparet,
1460 2586 1616 2629 propter
1635 2578 1705 2615 im-

250 2632 454 2681 proborum
477 2633 637 2679 scelera,
659 2635 771 2672 etiarn
793 2638 914 2674 bonos
934 2638 1033 2674 viros
1054 2636 1216 2673 eandem
1250 2637 1496 2687 ignominiam
1528 2639 1705 2677 subiisse.

254 2692 342 2732 Quo
361 2699 474 2741 pacto
495 2693 608 2744 igitur
636 2695 747 2732 facile
778 2696 1019 2747 cognoscetis
1048 2709 1194 2741 omnes,
1220 2698 1394 2747 quisnam
1429 2700 1621 2751 improbus
1642 2699 1704 2737 ille

253 2751 330 2789 sit?
361 2753 403 2790 ln
424 2756 641 2793 memoriam
665 2757 735 2806 ipsi
756 2766 931 2796 revocate
951 2758 1071 2802 vobis,
1095 2759 1269 2808 quisnam
1290 2760 1351 2798 ille
1373 2761 1434 2805 sit,
1447 2761 1511 2812 qui
1532 2762 1579 2798 ab
1600 2761 1705 2799 initio

253 2820 341 2850 acta
360 2816 561 2853 accusarit.
612 2817 858 2868 Perspicuum
880 2819 980 2856 enim
995 2826 1068 2864 est,
1090 2820 1189 2857 sonti
1209 2822 1300 2859 satis
1322 2822 1439 2860 fuisse
1458 2822 1627 2859 futurum
1645 2828 1703 2859 ta-

254 2885 351 2919 cere,
371 2881 408 2912 et
427 2876 534 2915 eluso
563 2891 609 2916 eo
640 2886 825 2931 tempore,
847 2880 991 2920 nullam
1013 2886 1183 2919 actorum
1215 2882 1375 2922 reddere
1395 2884 1578 2923 rationem
1598 2896 1607 2923 z
1637 2884 1703 2935 qui
