1923 3149
696 144 1107 184 ARGUMENTUM.
1553 138 1627 175 5313

168 246 309 284 cluisset,
328 247 454 278 Midirun
474 259 526 278 eos
544 248 736 279 vellicantem
753 248 886 283 dixisse,
902 246 1108 276 Demosthene
1131 248 1272 285 excepto.
1296 242 1501 282 Quamobrem
1519 241 1633 270 Demo-

169 298 293 328 sthenes
310 299 504 335 exclamavit,
518 310 646 340 eumque
663 299 775 339 arguit.
801 298 938 328 Tandem
950 296 979 326 in
997 306 1063 326 eam
1083 295 1168 324 venit
1183 294 1330 325 insaniam
1345 292 1473 327 Midias,
1488 296 1522 322 ut
1537 291 1630 321 etiam

133 374 140 382 .
169 350 199 379 in
226 350 344 381 theatro
361 351 387 381 ei
405 352 522 391 alapam
546 352 741 392 impingeret,
757 355 788 380 et
804 355 919 380 vestem
938 358 1052 378 sacram
1068 346 1263 376 dilaceraret.
1295 346 1341 375 Ea
1356 354 1389 374 re
1406 343 1539 384 populus
1555 342 1631 376 vitm.

169 400 296 433 Midiam
313 401 476 432 exsibilat:
503 413 569 441 qum
583 402 750 442 antiquitus
766 402 818 431 irae
834 405 904 430 nota
924 403 1000 434 erat,
1016 402 1047 428 et
1063 396 1309 437 vituperationis.
1332 394 1556 425 Demosthenes
1573 393 1631 432 igi-

168 454 218 481 tur
234 451 391 490 digressus
406 458 437 483 et
454 454 621 483 orationem
636 454 713 489 hauc
729 452 905 486 meditatus,
923 459 991 480 eum
1009 447 1127 488 publici
1143 446 1282 477 criminis
1299 456 1381 475 reum
1396 446 1466 475 facit
1481 456 1486 473 :
1520 444 1548 473 in
1572 454 1633 483 qua

168 501 298 532 Midiam
315 503 404 533 etiam
423 503 609 540 criminatur,
625 504 707 544 quod
723 513 761 533 ex
775 501 896 533 coronis
910 500 1009 530 aureis
1026 509 1114 529 unam
1132 499 1171 528 sit
1183 497 1302 527 aurifici
1316 496 1497 526 suffuratus.
1520 496 1634 525 Orator

167 553 263 592 igitur
287 564 356 584 eum
380 555 409 584 in
422 555 573 593 judicium
597 554 734 590 adducit,
757 562 865 591 magno
893 552 1008 590 impetu
1037 555 1067 580 et
1090 550 1158 579 loco
1176 547 1348 579 vehementi
1369 546 1516 576 adhibito.
1553 546 1632 575 Nam

171 604 278 634 Midiae
292 616 432 645 persona,
447 610 476 635 et
492 606 561 644 ipsa
576 615 675 635 rernm
693 610 846 644 gestarum
862 600 1062 642 protervitas,
1078 599 1315 638 exagitationem
1332 595 1634 634 adversariijuvant.

206 658 310 686 Status
323 657 457 686 finitivus
473 662 531 692 cst,
545 656 700 695 proprium
716 655 795 685 enim
813 653 953 684 criminis
974 662 1082 682 nomen
1096 651 1259 691 quaeritur:
1286 649 1367 688 quod
1384 647 1500 678 crimen
1517 646 1635 676 Midias

169 706 333 745 privatum,
349 712 450 736 orator
467 707 621 745 publicum
639 717 707 736 esse
734 704 903 735 contendit.
935 703 1050 734 Finitio
1067 703 1145 732 enim
1162 706 1210 732 est
1226 703 1292 740 ejus
1308 700 1364 736 rei,
1379 701 1466 739 cujus
1489 707 1559 738 pars
1575 707 1635 727 una

167 758 246 786 sacta
262 762 319 793 est,
336 758 430 787 altera
446 758 545 794 deest,
563 768 623 797 qno
640 757 739 788 minus
756 757 801 787 rei
817 766 925 786 nomen
950 754 1066 794 imponi
1083 757 1184 793 queat.
1224 754 1269 782 Ut
1285 752 1314 781 in
1332 751 1385 781 illo
1402 749 1559 789 exempto,
1578 748 1635 778 ubi

168 807 193 836 is
215 808 265 846 qui
282 809 496 848 cenotaphium
520 808 693 848 effregerat,
710 807 843 847 sepulcri
865 806 969 837 violati
987 806 1021 835 lit
1037 815 1117 835 reus.
1167 803 1230 833 Hic
1247 803 1325 833 enim
1345 802 1382 831 de
1399 800 1534 831 fossione
1562 809 1634 829 con-

169 863 249 890 stat:
274 860 307 889 id
320 870 394 889 vero
411 860 586 899 ambigitur,
606 870 642 889 an
659 859 835 899 sepulcrum
853 858 891 888 sit
908 857 1064 887 effossum.
1099 856 1186 885 Reus
1209 854 1301 889 enim,
1325 852 1429 887 effodi,
1445 850 1555 891 inquit,
1579 849 1634 880 sed

169 921 228 940 non
253 911 448 949 sepulcrum:
474 922 541 941 nam
562 912 693 941 cadaver
708 921 767 941 non
789 909 904 940 inveni.
939 910 1110 939 Accusator
1133 916 1207 937 vcro
1230 904 1350 944 objicit,
1375 913 1433 943 ego
1459 900 1635 941 cenotaphii

168 963 401 1001 perfossionem,
418 963 553 1003 sepulcri
571 962 768 992 violationem
786 972 874 993 voco.
905 961 973 990 Nec
985 960 1063 990 enirn
1080 965 1113 989 tu
1127 957 1245 988 sciebas
1258 956 1290 986 id
1309 966 1377 986 esse
1396 954 1612 994 cenotaphium
1626 963 1633 982 :

170 1013 225 1047 sed
249 1023 318 1042 cum
334 1014 447 1044 foderis
463 1019 606 1053 tanquam
623 1013 809 1054 sepulcrum,
826 1023 917 1048 nnnc,
941 1016 1104 1052 postquam
1127 1010 1159 1039 id
1184 1008 1398 1048 cenotaphium
1420 1017 1488 1037 esse
1503 1009 1636 1041 constat,

168 1064 294 1104 impune
311 1065 395 1095 abire
411 1066 527 1095 studes.
559 1065 674 1094 Eadem
691 1064 781 1094 etiam
799 1064 848 1094 hic
864 1064 943 1094 ratio
961 1068 1019 1099 est,
1035 1066 1155 1092 constat
1171 1060 1251 1090 enim
1267 1059 1432 1099 vapulasse
1449 1057 1634 1088 Demosthe-

170 1125 255 1145 nem:
281 1116 335 1145 sed
356 1115 386 1145 in
411 1116 621 1146 controversia
637 1120 695 1152 est,
712 1120 813 1146 utrum
829 1116 856 1145 is
873 1114 925 1154 qui
942 1114 1023 1145 ultro
1047 1123 1115 1144 sese
1130 1111 1254 1147 obtulit,
1270 1110 1372 1141 aeditis
1398 1109 1437 1140 sit
1460 1109 1635 1140 vocandus.

169 1166 248 1195 Nam
265 1167 488 1197 Demosthenes
501 1166 554 1202 ait,
570 1167 691 1196 melitem
709 1166 898 1197 verberasti:
932 1164 1059 1200 Midias,
1075 1174 1134 1194 non
1150 1161 1313 1194 verberavi
1334 1161 1457 1191 aedilem
1472 1159 1559 1202 (nam
1581 1164 1635 1190 tuo

170 1216 315 1256 suffragio
337 1227 371 1247 es
386 1217 523 1257 creatus)
538 1219 593 1247 sed
610 1218 763 1248 bominem
778 1217 943 1257 privatum.
990 1217 1063 1246 Hoc
1080 1226 1154 1246 vero
1176 1225 1236 1245 non
1259 1218 1308 1244 est
1324 1213 1439 1248 crimen
1464 1212 1635 1252 publicum.

213 1268 339 1308 Duplex
351 1272 453 1298 autem
475 1273 523 1298 est
540 1268 637 1298 {initio
651 1270 717 1307 ejus
732 1269 855 1308 generis
880 1268 961 1307 quod
980 1265 1254 1306 comprehensione
1279 1269 1410 1295 constat.
1449 1265 1507 1294 Est
1533 1266 1635 1292 autem

169 1318 414 1358 comprehensio,
431 1329 521 1359 quum
539 1324 624 1350 actor
650 1329 733 1350 suam
750 1319 947 1349 intentionem
964 1323 995 1348 et
1014 1317 1059 1348 rei
1083 1317 1292 1348 defensionem
1310 1316 1340 1346 in
1364 1323 1456 1345 unum
1473 1313 1636 1344 contrahit.

169 1369 245 1399 Cum
257 1369 335 1400 enim
348 1381 406 1402 uon
415 1371 543 1402 alterum
557 1370 652 1410 ejicit,
665 1371 793 1401 alterum
802 1370 926 1409 accipit,
941 1370 994 1400 sed
1007 1374 1168 1409 utrumque
1185 1365 1345 1406 conjungit
1361 1371 1393 1397 et
1407 1365 1638 1406 complectitur,

169 1419 201 1450 id
214 1420 285 1450 huic
308 1421 412 1460 generi
444 1421 634 1461 subjicimus.
670 1422 758 1452 Facit
783 1427 884 1452 autem
912 1421 970 1452 boc
989 1425 1092 1451 noster
1104 1424 1205 1450 orator
1221 1419 1251 1448 in
1269 1418 1374 1448 multis
1389 1417 1540 1457 partibus,
1555 1421 1588 1447 et
1603 1427 1638 1446 se

170 1476 201 1500 et
214 1481 272 1501 una
287 1482 390 1502 secum
407 1472 563 1503 civitatem
579 1473 623 1502 ait
638 1472 758 1512 injuriis
775 1478 806 1502 et
821 1472 1015 1503 contumeliis
1031 1471 1120 1502 affici.
1143 1471 1188 1501 Ac
1205 1470 1306 1510 capita
1329 1469 1358 1499 in
1376 1468 1514 1499 oratione
1530 1467 1638 1498 ordine

168 1521 282 1560 posita,
297 1523 362 1552 haec
377 1527 459 1554 sunt.
497 1522 655 1563 Principia
671 1534 744 1554 vero
761 1523 935 1563 impetuosa
952 1527 1034 1558 sunt,
1058 1522 1200 1552 habentia
1217 1522 1355 1551 crebram
1378 1519 1638 1559 complexionem,

168 1577 200 1610 ct
211 1572 505 1606 circumstantiarum
516 1574 796 1613 amplificationem.
831 1574 868 1604 Id
885 1574 967 1613 quod
982 1574 1054 1609 hoc,
1070 1584 1106 1602 nn
1123 1582 1180 1603 non
1198 1573 1348 1602 adversus
1365 1570 1491 1601 omnes?
1514 1575 1556 1605 et,
1579 1580 1639 1601 non

171 1628 277 1654 contra
292 1634 340 1655 me
362 1625 479 1656 solum:
504 1625 589 1662 item,
607 1625 807 1664 petulantiam
824 1636 945 1665 semper
960 1625 1125 1656 meditatus
1139 1635 1145 1653 :
1171 1629 1212 1660 et,
1228 1634 1286 1653 non
1305 1622 1398 1653 semel
1414 1620 1544 1652 fortuito
1561 1621 1638 1651 deli-

169 1675 286 1715 quisse,
302 1677 477 1707 ostendunt.
503 1676 613 1716 Capita
628 1677 774 1707 orationis
797 1681 866 1707 sunt
887 1677 965 1715 haec,
979 1675 1129 1712 delinitio,
1151 1674 1303 1705 contraria
1318 1673 1469 1709 definitio,
1486 1671 1639 1703 sententia

170 1726 367 1766 legislatoris,
392 1728 598 1765 ratiocinatio,
623 1729 816 1768 magnitudo,
840 1739 899 1759 una
930 1740 948 1758 e
977 1738 1102 1758 numero
1129 1727 1371 1762 contentionum,
1393 1736 1481 1764 quam
1499 1724 1639 1765 sequitur

169 1778 341 1814 translatio,
358 1782 389 1808 et
414 1771 555 1810 absoluta
579 1779 729 1810 defensio.
758 1780 809 1810 Ibi
826 1785 929 1810 orator
945 1783 1075 1819 quatuor
1091 1778 1320 1809 definitionibus
1336 1776 1560 1807 accusationem
1581 1776 1639 1806 im-

167 1829 275 1869 plicat,
286 1835 321 1860 ut
337 1830 491 1867 ostendat,
507 1830 638 1861 Midiam
652 1831 812 1871 publicum
829 1830 944 1861 crimen
962 1830 1136 1860 admisisse.
1171 1830 1229 1860 Est
1245 1833 1345 1860 autem
1369 1829 1434 1858 haec
1450 1827 1549 1867 prima
1564 1826 1639 1857 defi-

168 1880 266 1918 nitio:
290 1880 343 1920 qui
366 1881 397 1911 in
411 1882 492 1912 festo
518 1881 711 1922 delinquunt,
733 1882 891 1922 publicum
913 1881 1026 1912 crimen
1041 1881 1222 1912 admittunt.
1244 1881 1352 1910 Altera
1375 1878 1534 1909 definitio:
1560 1888 1639 1918 prae-

169 1931 272 1962 sertim
289 1932 317 1962 si
330 1931 438 1962 aediles
455 1932 620 1964 laeduntur.
651 1933 773 1963 Tertia:
807 1932 905 1964 omnis
921 1931 1106 1963 contumelia
1123 1936 1172 1962 est
1188 1931 1300 1962 crimen
1314 1930 1495 1971 publicum
1522 1928 1641 1969 decipit

167 1986 268 2013 autem
283 1983 335 2013 hic
351 1994 406 2023 per
420 1983 645 2024 homonymiam
662 1983 803 2015 vocabuli
820 1982 906 2025 ,
919 1983 987 2014 sive
1003 1982 1082 2012 enim
1098 1981 1246 2022 flagitium
1258 1981 1480 2017 committatur,
1497 1979 1566 2010 sive
1582 1980 1638 2010 ali-

167 2032 236 2072 quis
253 2034 368 2070 verbis,
381 2034 446 2064 sive
462 2035 645 2064 verberibus
660 2035 802 2071 laedatur,
816 2033 891 2075 &6319
906 2034 968 2064 dici
986 2038 1103 2074 potest,
1119 2033 1277 2073 publicum
1302 2038 1402 2063 autem
1425 2032 1540 2062 crimen
1557 2030 1638 2061 arbi-

168 2084 325 2114 trabantur
334 2085 696 2124 flagitium,homonymia
705 2086 811 2125 igitur,
821 2090 854 2115 ut
863 2085 941 2120 dixi,
954 2085 1130 2124 decipiendi
1138 2094 1232 2114 causa
1244 2088 1291 2115 est
1301 2095 1386 2115 usus.
1398 2085 1515 2123 Quarta
1529 2082 1638 2113 finitio:

168 2136 222 2175 qui
239 2147 359 2178 semper
375 2137 480 2168 studet
491 2137 643 2168 insultare
659 2138 813 2175 omnibus,
827 2138 857 2167 in
870 2139 1011 2177 rempub.
1027 2142 1157 2176 peccat:
1180 2148 1248 2168 nam
1265 2138 1292 2168 si
1304 2138 1429 2177 respub.
1441 2148 1480 2167 ex
1497 2136 1638 2167 omnibus

168 2193 299 2226 constat,
315 2199 389 2229 ergo
401 2189 560 2229 publicum
577 2190 635 2220 hoc
645 2190 760 2220 crimen
773 2194 831 2220 est.
852 2189 943 2219 Ponit
955 2194 1055 2219 autem
1071 2188 1202 2229 sparsim
1217 2190 1247 2219 in
1257 2189 1388 2220 exordio
1401 2193 1530 2229 quatuor
1545 2188 1638 2218 hasce

168 2239 332 2270 finitiones.
409 2241 521 2280 quibus
545 2241 576 2271 in
605 2240 835 2271 confirmatione
863 2246 934 2271 sunt
961 2245 1034 2270 tres.
1065 2242 1212 2279 Quartam
1238 2240 1269 2270 in
1294 2240 1488 2280 digressione
1518 2239 1636 2270 inserit.

169 2291 257 2322 Bono
274 2291 414 2322 consilio.
449 2292 551 2330 Quum
567 2292 647 2322 enim
663 2293 748 2322 dicat
763 2302 867 2323 omnes
884 2293 921 2322 ab
938 2302 974 2322 eo
990 2291 1074 2327 laedi,
1089 2302 1126 2321 ao
1151 2291 1222 2321 ideo
1238 2292 1378 2330 rempub.
1395 2290 1518 2326 violari,
1534 2291 1638 2330 digre-

169 2343 253 2373 ditur
268 2342 298 2373 in
322 2343 491 2384 superioris
517 2345 583 2383 ejus
608 2344 680 2374 vitae
705 2343 1037 2374 commemorationem.
1071 2343 1177 2373 Habet
1200 2343 1299 2373 oratio
1323 2343 1388 2373 baec
1408 2343 1470 2373 duo
1493 2342 1638 2378 exordia,

166 2393 254 2434 prius
270 2405 310 2424 ex
322 2394 491 2425 adversarii
504 2394 657 2425 calumnia
671 2399 702 2424 et
718 2404 758 2424 ex
775 2393 1040 2424 commendatione
1057 2404 1120 2424 suae
1137 2404 1288 2433 personae,
1303 2398 1394 2433 atque
1403 2404 1443 2423 ex
1456 2393 1636 2424 attentione.

162 2447 228 2476 Est
242 2449 343 2475 autem
358 2446 528 2486 propositio
546 2446 705 2486 bipertita,
725 2456 762 2476 ac
776 2445 862 2484 prior
877 2445 1003 2485 quidem
1018 2455 1090 2484 pars
1111 2444 1339 2476 confirmatione
1353 2449 1456 2475 caret:
1480 2444 1635 2485 posterius

168 2501 271 2526 antem
287 2500 320 2526 et
340 2496 441 2537 ipsum
457 2497 651 2537 bipertitum,
672 2502 703 2528 et
718 2507 755 2528 eo
771 2501 933 2536 utrumque
949 2497 1118 2528 confirmat.
1152 2496 1273 2526 Deinde
1289 2495 1383 2526 insert
1399 2496 1635 2532 conclusionem,

167 2546 201 2576 in
226 2557 287 2586 qna
300 2551 349 2577 est
363 2548 502 2578 attentio.
546 2548 661 2579 Finitio
676 2558 734 2588 per
757 2547 1071 2588 comprehensionem.
1109 2547 1235 2578 Dicitur
1250 2552 1352 2578 autem
1370 2546 1429 2584 sic,
1445 2547 1565 2587 qnando
1581 2557 1635 2576 reo

169 2609 278 2628 nomen
294 2597 429 2628 criminis
442 2599 524 2628 aliud
534 2603 679 2639 ponente,
694 2604 778 2630 actor
792 2609 862 2630 eum
876 2604 907 2629 et
922 2599 981 2629 hoo
997 2604 1030 2629 et
1044 2599 1141 2629 altero
1159 2598 1280 2629 nomine
1296 2598 1393 2629 teneri
1410 2598 1546 2628 affirmat.
1567 2598 1635 2626 Du-

169 2650 243 2690 plex
259 2649 355 2689 igitur
371 2654 430 2686 est,
445 2661 538 2690 quum
553 2651 615 2682 duo
631 2651 760 2682 crimina
774 2651 1006 2691 complectatur.
1031 2650 1176 2691 Exempli
1196 2649 1305 2690 gratia.
1329 2650 1404 2680 Dux
1421 2648 1473 2689 qui
1490 2648 1601 2687 puellae
1617 2660 1635 2678 a

169 2701 273 2741 legato
297 2711 360 2731 suae
375 2702 525 2732 mandatae
541 2702 615 2732 fidei
631 2706 771 2742 stuprum
787 2703 943 2739 intulerat,
959 2701 1076 2742 publici
1097 2702 1233 2733 criminis
1258 2705 1432 2737 accusatus,
1454 2700 1633 2739 respondet,

166 2762 202 2783 se
218 2762 277 2782 non
295 2752 488 2783 commisisse
510 2753 543 2782 in
561 2753 726 2793 rempubl
752 2754 807 2784 sed
831 2753 894 2784 vim
920 2753 1033 2794 puella:
1057 2753 1186 2784 fecisse:
1209 2754 1328 2793 legatus
1345 2759 1444 2782 autem
1472 2755 1632 2794 utrumque

164 2803 286 2836 crimen
300 2803 331 2834 in
348 2813 385 2834 eo
400 2803 517 2835 haerere
534 2803 699 2835 contendit.
