1923 3149
254 160 332 197 454
584 159 807 197 CONTRA
839 160 1300 199 ARISTOGIT'ONEM
1335 163 1366 199 Ι.

253 259 401 309 legibus
421 268 459 297 et
478 261 718 299 observantia
737 262 862 312 legum
884 265 1005 301 orimri
1025 265 1161 308 omnia,
1178 278 1263 302 cum
1286 278 1352 303 vos
1373 265 1456 315 ipsi,
1477 265 1590 302 modo
1610 276 1691 302 om-

251 320 364 357 nibus
399 321 695 360 Atheniensibus
724 324 983 369 sortientibus,
1010 332 1048 362 et
1076 325 1178 374 quod
1206 327 1299 363 satis
1328 326 1421 372 scio,
1449 326 1691 375 cupientibus

253 381 426 419 omnibus
441 383 551 432 hujus
565 383 698 433 judicii
719 385 887 421 ordinem
905 385 1077 434 adipisci,
1100 386 1170 422 soli
1190 387 1297 424 nobis
1313 389 1377 434 jus
1394 386 1553 424 dicatis?
1586 386 1691 423 Cur?

253 442 355 484 Quia
375 455 457 480 sors
477 445 581 480 vobis
601 445 749 493 obtigit,
780 445 867 494 quia
894 446 1025 483 sortito
1056 446 1186 483 selecti
1207 447 1311 490 estis,
1331 447 1420 496 quia
1440 447 1544 495 leges
1565 445 1614 482 ita
1629 447 1690 494 ju-

250 503 356 538 bent.
391 503 464 544 Qui
487 504 596 553 igitur
623 505 693 554 ipsi
713 519 758 541 ex
779 504 929 555 legibus
950 506 1040 543 estis
1061 506 1097 543 in
1126 506 1228 544 hunc
1250 507 1419 544 ordinem
1442 507 1564 550 asciti,
1589 506 1690 542 nacti

250 575 352 606 cum,
365 563 428 612 qui
446 574 578 601 contr-„t
596 565 699 614 leges
713 565 747 602 vi
762 564 887 603 dicere
902 572 969 603 aut
982 579 1094 615 agere
1111 566 1255 616 aliquid
1275 567 1450 611 instituit,
1470 565 1692 604 dimittetis?

252 623 387 673 Neque
407 632 572 661 vestrum
597 626 795 675 quisquam
826 626 918 663 iram
947 633 985 663 et
1014 627 1313 676 indignationem
1346 640 1452 664 suam
1485 626 1694 664 declarabit

250 691 384 721 contra
410 685 540 721 nefarii
563 693 600 721 et
627 685 861 735 impudentis
891 686 1053 725 hominis
1083 687 1285 725 violentam
1319 688 1446 737 legum
1477 686 1692 736 abrogatio-

248 744 366 782 nem?
395 745 518 789 Tune,
557 745 811 794 impurissime
840 747 1009 784 omnium
1044 748 1274 794 mortalium,
1303 748 1366 797 qui
1396 761 1560 798 usquam
1589 755 1691 789 sunt,

247 818 334 841 cum
355 803 538 842 effraenuti
558 805 608 841 tui
630 806 703 843 oris
725 807 887 844 audacia
906 820 981 844 non
1000 807 1199 850 cancellis,
1218 820 1293 845 non
1310 809 1468 851 foribus,
1484 821 1570 858 quoe
1589 808 1688 845 clam

249 865 382 914 aperiri
401 865 564 902 fortasse
584 874 740 915 queant,
761 867 829 904 sed
850 874 906 904 tot
926 875 964 904 et
983 868 1096 905 tantis
1116 868 1283 914 mulctis,
1303 868 1427 918 iisque
1447 868 1483 904 in
1505 869 1593 905 fano
1616 867 1688 904 Mi-

246 938 372 962 nervae
393 925 613 975 assignatis,
635 935 868 973 coerceatur,
888 929 987 964 ultra
1006 929 1088 965 haec
1107 935 1284 978 penetras
1305 928 1355 971 vi,
1375 934 1413 965 et
1431 928 1469 965 in
1499 941 1546 965 ea
1576 934 1613 964 te
1634 929 1690 964 in-

247 986 362 1033 geris,
383 999 404 1022 a
421 987 559 1035 quibus
576 994 611 1024 te
631 987 736 1037 leges
753 997 897 1032 arcent,
918 989 1098 1026 exclusus
1119 988 1294 1026 omnibus
1310 988 1472 1026 civitatis
1494 989 1689 1033 institutis,

245 1047 464 1096 cognitione
483 1049 595 1096 trium
619 1049 865 1098 judiciorum,
890 1050 1136 1087 accusatione
1167 1050 1413 1094 sexvimrum,
1442 1050 1689 1087 accusatione

246 1114 481 1152 exactorum,
503 1108 651 1146 actione
672 1109 824 1160 injustae
846 1110 1114 1159 inscriptionis,
1139 1122 1251 1160 quam
1272 1110 1354 1160 ipse
1372 1110 1626 1160 persequeris,
1652 1116 1691 1146 et

246 1175 394 1205 tautum
415 1181 490 1205 non
507 1168 630 1207 ferrea
649 1177 786 1208 catena
803 1169 943 1220 ligatus
960 1183 1027 1220 per
1044 1170 1126 1208 haec
1144 1170 1272 1207 omnia
1288 1177 1481 1220 penetras,
1496 1170 1580 1207 hoec
1597 1182 1689 1207 con*

245 1229 368 1273 vellis,
390 1236 428 1266 et
455 1230 717 1279 contingendis
739 1232 879 1276 causis,
901 1238 940 1268 et
956 1231 1062 1268 falsis
1090 1230 1307 1268 criminibus
1335 1231 1620 1281 componendis,
1650 1238 1688 1267 te

245 1290 518 1339 rempublicam
540 1304 759 1329 eversurum
780 1291 924 1342 putas?

300 1352 337 1387 8.
366 1351 484 1400 Atqui
504 1364 685 1401 magnum
706 1359 744 1389 et
763 1352 1004 1402 perspicuum
1025 1352 1130 1390 vobis
1150 1351 1275 1389 dicam
1301 1352 1531 1402 exemplum,
1549 1364 1619 1388 eur
1639 1352 1688 1389 ad

245 1410 319 1448 ista
332 1411 437 1448 nullo
454 1412 566 1449 modo
580 1413 627 1449 sit
641 1413 936 1450 connivendum.
959 1414 997 1450 Si
1013 1413 1097 1462 quis
1113 1413 1240 1449 subito
1251 1412 1324 1449 huc
1341 1412 1554 1461 irrumpens
1571 1410 1689 1456 dicat,

245 1483 266 1507 e
288 1478 378 1508 natu
399 1471 576 1518 minimis,
609 1479 674 1510 aut
694 1473 901 1517 ditissimis,
932 1480 999 1510 aut
1023 1472 1243 1510 muneribus
1268 1472 1495 1522 perfunctis,
1528 1480 1595 1509 aut
1624 1471 1688 1508 tali

246 1531 375 1582 aliqua
394 1540 501 1582 parte
523 1540 738 1583 segregata,
767 1540 936 1571 oratores
956 1546 1040 1571 esse
1059 1533 1274 1583 eligendos,
1294 1546 1381 1570 eum
1413 1532 1528 1569 dubio
1557 1531 1687 1582 procul

245 1591 479 1630 interfecturi
513 1594 608 1638 sitis,
630 1601 669 1630 ut
690 1594 963 1644 rempublicam
981 1601 1227 1640 evertentem,
1260 1594 1373 1644 idque
1386 1593 1473 1644 jure
1500 1593 1690 1631 faceretis.

246 1653 304 1690 At
323 1653 473 1703 quidvis
493 1653 627 1690 horum
661 1653 780 1692 levius
800 1661 872 1696 est,
898 1667 1011 1704 quam
1033 1654 1064 1691 si
1092 1654 1178 1705 quis
1208 1667 1353 1699 earum,
1386 1667 1431 1691 ex
1460 1654 1599 1702 quibus
1619 1654 1688 1690 iste

245 1720 318 1758 est,
337 1715 516 1764 partium,
537 1714 652 1759 dieat,
671 1714 706 1752 vi
737 1728 776 1752 se
798 1715 1055 1764 ingerentibus
1084 1715 1238 1752 dicendi
1266 1714 1481 1752 faciendam
1511 1727 1594 1751 esse
1622 1727 1691 1764 po-

245 1781 436 1819 testatem,
457 1782 523 1812 aut
542 1787 564 1811 e
583 1788 732 1813 carcere
752 1776 906 1826 elapsis,
929 1783 994 1814 aut
1012 1777 1057 1814 iis
1079 1789 1238 1826 quornm
1260 1782 1386 1826 patres
1405 1775 1547 1812 occidit
1564 1788 1688 1825 popu-

245 1834 320 1879 lus,
341 1842 405 1872 aut
423 1836 485 1885 qui
508 1836 628 1872 sortiti
649 1837 908 1885 magistratum
935 1836 1134 1887 improbati
1163 1844 1266 1881 sunt,
1294 1844 1361 1873 aut
1385 1837 1450 1887 qui
1470 1835 1687 1885 reipublicae

245 1896 401 1940 debent,
434 1903 499 1932 aut
518 1896 554 1932 in
576 1896 793 1933 universum
814 1897 1094 1946 ignominiosis,
1113 1903 1180 1934 aut
1197 1897 1240 1933 iis
1261 1897 1327 1945 qui
1353 1895 1617 1947 improbissimi
1649 1903 1689 1932 et

246 1964 350 2001 sunt,
371 1963 409 1993 et
427 1956 626 1993 habentur.
673 1957 769 1994 Haec
804 1957 904 2006 enim
938 1958 975 1994 in
997 1957 1071 1994 isto
1089 1956 1326 2007 reperiuntur
1343 1958 1483 2003 omnia,
1502 1964 1541 1994 et
1559 1956 1602 1993 iis
1630 1957 1686 1993 in-

245 2024 336 2054 sunt
361 2016 422 2066 qui
445 2017 527 2067 ejus
555 2018 724 2055 referunt
750 2017 959 2067 ingenium.
1009 2018 1106 2055 Nam
1127 2030 1199 2067 ego
1221 2017 1389 2068 quidem,
1419 2017 1687 2062 Athenienses,

245 2077 433 2121 existimo,
449 2090 533 2114 enm
555 2079 602 2115 ob
616 2077 697 2115 haec
717 2079 829 2115 etiam
852 2092 938 2129 qnae
959 2091 1060 2116 nunc
1074 2079 1179 2123 facit,
1192 2078 1280 2129 jure
1295 2079 1460 2116 occisum
1477 2079 1540 2116 iri:
1569 2079 1688 2116 multo

245 2145 372 2175 autem
403 2138 540 2187 magis,
562 2145 629 2175 aut
649 2138 765 2176 nihilo
785 2147 886 2177 certe
905 2140 1042 2184 minus,
1064 2140 1113 2177 ob
1142 2151 1188 2176 ea
1207 2151 1293 2188 quae
1321 2151 1364 2176 se
1392 2139 1579 2176 facturum
1601 2151 1687 2175 esse

245 2199 424 2243 ostendit,
444 2199 473 2236 si
495 2198 683 2236 licentiam
702 2211 725 2235 a
744 2200 850 2237 vobis
870 2201 1072 2250 acceperit,
1091 2206 1129 2236 et
1148 2199 1401 2245 occasionem,
1415 2199 1519 2249 quod
1535 2198 1584 2235 dii
1600 2211 1686 2248 pro-

245 2258 416 2295 hibeant.
447 2259 575 2307 Atque
591 2259 688 2296 adeo
702 2259 913 2296 mirandum
931 2259 1055 2304 fuerit,
1070 2272 1300 2309 quemqnam
1318 2259 1490 2309 ignorare
1506 2265 1689 2303 vestrum,

241 2318 357 2355 istum
381 2319 429 2356 ad
452 2319 597 2356 nullum
618 2320 836 2363 honestum,
856 2326 922 2357 aut
941 2319 1046 2363 utile,
1081 2326 1147 2357 aut
1169 2319 1365 2369 republica
1392 2319 1549 2368 dignuin
1579 2318 1698 2356 ndhi-.

243 2379 320 2416 beri
343 2392 454 2428 posse
487 2380 747 2422 munus,—dii
775 2381 873 2416 enim
901 2392 1048 2424 omnes,
1069 2387 1107 2416 et
1135 2379 1283 2429 Jupiter
1313 2379 1405 2429 Opt.
1432 2379 1537 2416 Max.
1560 2378 1686 2429 prohi-

243 2439 372 2483 beant,
402 2452 450 2476 ne
478 2440 691 2489 respublica
715 2452 761 2476 ea
780 2440 942 2476 virorum
973 2439 1119 2476 laboret
1136 2439 1277 2488 inopia,
1295 2446 1337 2475 ut
1358 2439 1405 2475 ab
1428 2439 1686 2488 Aristogitone

244 2499 399 2538 honesti
415 2499 556 2548 aliquid
576 2500 624 2537 sit
644 2499 1053 2544 administ.randum-—‚
1070 2499 1207 2549 quibus
1223 2506 1350 2535 autem
1366 2499 1403 2535 in
1418 2499 1531 2535 rebus
1548 2499 1686 2549 aliquis

244 2559 382 2596 belluae
403 2559 510 2596 istius
534 2573 622 2596 usus
653 2572 738 2596 esse
759 2559 891 2609 possit,
918 2572 972 2596 eae
993 2572 1040 2596 ne
1059 2558 1302 2602 usuveniant‚
1329 2566 1387 2596 est
1411 2546 1686 2609 exoptandum.

245 2620 343 2659 Quae
363 2619 392 2656 si
414 2620 508 2656 sorte
529 2619 717 2662 eveniant,
741 2618 859 2668 major
880 2626 941 2656 est
960 2618 1176 2668 reipublicae
1196 2619 1370 2664 felicitas,
1390 2632 1456 2656 eos
1476 2621 1538 2668 qni
1559 2619 1685 2656 scelus

242 2679 395 2729 aliquod
415 2680 598 2728 confiant.
616 2679 825 2716 facinorum
847 2692 974 2717 carere
995 2679 1180 2723 ministro,
1195 2693 1309 2729 quam
1325 2680 1438 2717 istum
1454 2679 1684 2723 absolutum,

244 2747 417 2790 paratum
439 2741 620 2777 invenire.
668 2740 783 2782 Quod
804 2740 901 2776 enim
920 2739 1071 2776 facinus
1092 2746 1167 2776 tam
1189 2747 1312 2784 atr-OX,
1335 2747 1411 2777 tam
1432 2740 1683 2790 perniciosum

244 2807 317 2844 cst,
344 2800 619 2844 Athenienses,
639 2800 742 2849 quod
762 2800 886 2848 fngiat
904 2800 1017 2836 homo
1038 2800 1335 2845 consceleratus,
1358 2808 1395 2837 et
1415 2800 1535 2849 patrio
1558 2799 1594 2835 in
1617 2812 1684 2848 po-

244 2861 376 2911 pulum
397 2862 485 2899 odio
504 2861 693 2900 refertus?
722 2860 815 2904 Quis
835 2861 931 2898 alius
951 2861 1221 2911 rempublicam
1242 2861 1363 2911 (quod
1389 2860 1502 2909 absit)
1530 2860 1686 2911 expedi·
