1923 3149
235 155 313 193 500
724 150 777 186 IN
813 147 1087 187 APHOBUM
1121 151 1194 186 &c-

236 263 316 293 tum
341 253 432 292 mihi
458 253 604 299 relicta,
622 264 693 290 nec
711 252 869 290 domum
902 251 1084 299 elocarat‚
1110 258 1150 290 et
1179 263 1218 289 re
1248 250 1424 288 familiari
1458 249 1683 288 decennium

238 329 327 356 cum
354 315 515 366 collegis
543 320 722 359 tractata,
754 327 824 365 pro
855 326 917 351 me
950 313 1041 351 dum
1070 325 1164 364 puer
1195 323 1321 350 essem
1351 310 1452 363 apud
1482 310 1687 361 collegium

237 376 529 416 trierarchorum
566 389 606 414 se
639 375 807 426 quinque
838 374 962 412 minas
997 373 1227 412 collaturum
1258 372 1468 424 professus,
1500 377 1686 422 quantum

235 438 462 477 Timotheus
493 436 665 476 Cononis
694 436 808 482 filius,
837 442 876 474 et
907 434 1196 486 locupletissimi
1224 434 1365 485 quique
1384 433 1487 471 cives
1512 431 1687 470 confere-

236 502 343 545 bant,
363 507 478 551 atque
497 499 579 550 ipse
600 504 708 536 tanta
734 497 902 548 pecunia
930 504 1009 536 tam
1028 496 1095 534 diu
1124 495 1404 541 administrata,
1425 506 1494 545 pro
1514 504 1590 544 qua
1607 492 1688 542 ipse

237 568 388 600 tantum
406 560 591 598 tributum
611 572 695 598 esse
713 558 963 610 pendendum
982 564 1199 604 censuerat,
1220 556 1312 595 mihi
1337 569 1407 608 pro
1427 567 1496 594 sua
1517 553 1690 606 portione

240 635 312 661 nec
344 621 480 673 viginti
513 620 625 658 minis
655 619 887 658 aestimanda
918 619 1154 666 reddiderat,
1188 631 1341 670 unaque
1376 630 1464 657 cum
1501 615 1695 654 tutoribus

240 690 342 722 sorte
360 683 445 734 ipsa
462 688 502 720 et
520 693 637 719 usura
655 680 868 718 fraudarat.
903 679 1107 719 Subducta
1126 680 1241 732 igitur
1260 680 1282 718 J
1289 679 1419 718 udices
1438 677 1554 716 totius
1574 688 1690 728 pecu-

239 745 313 782 niae
332 756 464 791 usura,
481 756 560 782 non
578 756 625 782 ea
642 743 775 794 quanti
795 742 933 780 domus
952 742 1070 780 locari
1085 742 1227 788 solent,
1243 742 1310 781 sed
1333 755 1421 793 quae
1442 739 1599 778 minima
1616 744 1692 782 est,

239 812 461 857 repererunt
480 818 540 842 me
559 805 607 843 ab
627 804 682 842 eis
705 803 869 855 amplius
894 803 1051 854 triginta
1075 803 1231 842 talentis
1251 802 1440 846 fraudark
1470 808 1690 853 propterea·

242 880 316 917 que
337 867 450 904 istum
469 866 603 905 decem
622 865 776 904 talentis
795 864 1118 903 condemnarunt.
