1923 3149
212 115 264 153 20
729 112 1136 152 ARGUMENTUM.

205 226 353 259 ⁴noverca
362 214 508 261 genitos,
522 214 628 250 veluti
639 215 827 261 participes
847 214 957 261 regni,
972 214 1165 260 interficere
1179 214 1357 260 gestiebat,
1364 215 1530 261 profuyos
1545 221 1661 261 aperte

213 276 424 314 receperunt.
448 269 585 303 Interea
599 269 800 314 Philippus,
806 281 934 315 parum
946 269 1054 302 adhuc
1067 270 1101 302 in
1116 280 1224 314 regno
1237 270 1464 314 confirmatus,
1475 270 1662 304 iracundia?

214 323 469 358 dissimulanda>
484 331 617 358 mature
633 331 743 358 artem
759 325 922 365 exercuit,
939 330 969 356 et
982 323 1086 356 illatae
1100 322 1238 367 injurioe
1252 322 1447 355 memoriam
1457 322 1591 355 minime
1608 334 1664 355 re·-

216 379 327 413 tinere
344 378 445 419 visus,
455 379 645 412 societatem
657 390 734 412 cum
748 378 790 412 iis
800 377 892 412 ultro
898 377 1010 422 petiit,
1023 377 1090 410 imo
1097 376 1210 421 potius
1224 383 1393 409 mercatus
1407 381 1468 416 est,
1479 387 1544 408 non
1554 376 1664 409 solum

216 431 485 467 Anthemuntem
497 433 540 467 iis
555 433 712 472 cedendo,
729 432 769 466 de
791 443 857 477 qua
871 443 946 465 cum
962 430 1096 474 reqibus
1113 430 1325 464 Macedoniae
1341 429 1400 462 diu
1409 428 1477 462 illis
1498 430 1665 463 contentio

205 485 346 531 suerat,
356 499 474 521 verum
489 487 570 521 data
585 487 687 520 etium
700 486 869 526 Potidaea,
886 498 988 530 quam
1002 484 1190 530 conjunctis
1204 483 1267 518 sibi
1282 494 1398 517 eorum
1409 483 1522 528 copiis,
1538 484 1612 516 ideo
1627 490 1668 517 ut

216 541 261 576 iis
271 554 343 576 eam
354 543 519 585 traderet,
535 542 576 576 ab
588 541 850 576 Atheniensibus
863 540 1111 586 praeripuerat.
1136 539 1212 574 Cito
1224 539 1330 585 periit
1341 538 1576 584 beneficiorum
1593 550 1668 583 quoe

216 595 259 630 ab
284 596 343 630 illo
360 604 560 642 acceperant
581 596 768 634 memoria;
797 595 980 640 subitisque
996 595 1069 640 ejus
1084 594 1241 638 potentioe
1261 593 1481 628 incrementis
1492 599 1669 636 perterre-

207 649 316 695 facti,
333 656 404 684 tum
421 650 533 695 magis
549 650 658 684 adhuc
672 650 764 694 quod
776 649 917 694 infidum
935 660 1010 682 eum
1026 660 1096 683 esse
1111 648 1291 693 manifeste
1315 647 1614 693 deprehenderent,
1632 646 1671 681 id

219 704 318 738 unice
333 703 496 738 curabant
510 703 679 750 Olynthii,
695 710 736 738 ut
752 710 944 749 opportuno
961 710 1111 748 tempore
1126 703 1200 749 ejus
1215 715 1250 737 se
1265 703 1421 737 societate
1436 701 1645 736 extricat-ent
1656 713 1669 740 ;
1712 732 1714 735 ,

220 758 314 803 quod
334 758 371 791 ni
375 757 552 801 facerent,
579 770 621 792 ne
649 770 720 793 sese
747 757 928 803 aliquando
955 758 993 792 in
1016 757 1211 792 servitutem
1241 757 1427 802 redigeret,
1453 755 1668 789 verebantur.

222 811 346 856 Itaque
368 812 540 846 absentem
556 813 649 846 nacti
667 812 884 858 Philippum,
905 813 1082 857 missisque
1097 813 1144 845 ad
1159 811 1386 845 Athenienses
1402 810 1532 854 leqatis,
1552 811 1672 854 priva-

222 871 294 899 tam
310 865 400 900 illico
417 878 493 900 cum
507 867 550 901 iis
565 878 684 911 pacem
697 866 884 911 confecere.
912 866 1086 900 Reversus
1099 865 1286 911 Philippus
1302 877 1355 899 eos
1361 864 1515 910 perjurii
1529 864 1673 906 incusat,

224 920 350 966 quippe
365 921 424 965 qui
440 927 591 954 mutuam
606 921 796 964 pactionem
809 920 1000 962 violassent,
1013 932 1090 966 qua,
1107 932 1183 954 cum
1198 920 1235 953 in
1252 919 1336 952 bello
1351 926 1423 952 tum
1440 919 1475 952 in
1484 930 1580 962 pace,
1597 929 1673 951 cum

222 976 299 1020 ipso
316 975 520 1021 conjunctim
542 987 642 1020 ayere
667 982 883 1009 tenerentur:
911 975 1022 1009 minas
1045 974 1282 1019 deindefactis
1306 973 1480 1007 hostilibus
1503 974 1674 1006 insecutus

222 1036 284 1069 est,
302 1029 450 1074 loesaeque
453 1030 546 1074 fidei
561 1029 758 1064 ulciscendae
770 1035 954 1074 prceteatu,
972 1028 1155 1074 Olynthios
1170 1028 1339 1062 obsidione
1355 1027 1475 1074 cingit.
1513 1027 1558 1066 Ii,
1575 1025 1680 1061 simul

222 1088 324 1126 atque
339 1083 553 1128 ingruentem
567 1082 751 1128 procellam
767 1083 942 1127 sentirent,
968 1083 1015 1116 ad
1029 1083 1251 1123 Athenienses
1279 1083 1396 1117 statim
1421 1081 1672 1126 confuyiebant,

222 1143 325 1181 utque
342 1136 470 1170 aua-ilia
486 1136 642 1172 celeriter
659 1139 846 1178 mitterent,
859 1138 1014 1182 orabant.
1042 1138 1180 1183 Legati,
1195 1144 1301 1183 prout
1321 1149 1391 1171 mos
1403 1143 1491 1178 erat,
1510 1139 1673 1171 mandata

223 1202 288 1224 sua
316 1191 355 1224 in
371 1191 517 1225 comitiis
528 1192 656 1237 populo
672 1191 891 1237 eoeponebant,
905 1204 1002 1237 quem
1020 1191 1129 1226 solum
1140 1204 1245 1237 penes
1270 1198 1357 1232 erat,
1379 1197 1438 1224 aut
1457 1191 1675 1235 comprobare

220 1244 449 1289 postulatum,
466 1252 526 1278 aut
542 1246 737 1290 repudiare.
764 1245 835 1279 Rei
845 1253 1048 1280 momentum
1064 1247 1104 1280 de
1120 1258 1186 1291 qua
1198 1252 1272 1278 erat
1289 1245 1539 1279 deliberandum
1551 1244 1676 1290 effecit,

225 1305 265 1332 ut
270 1297 578 1344 frequentissimus
594 1307 677 1334 esset
694 1299 882 1334 Oratorum
898 1312 1092 1335 concursus.
1120 1300 1333 1346 Suggestum
1347 1300 1467 1333 ordine
1482 1301 1678 1333 conscende-

228 1353 319 1394 bant,
331 1365 463 1398 proque
479 1353 591 1388 estatis
606 1354 740 1387 ratione
751 1355 952 1388 sententiam
966 1355 1076 1388 serius
1090 1361 1147 1388 aut
1166 1367 1268 1400 ocyus
1286 1355 1450 1388 dicebant.
1476 1355 1677 1388 Demosthe-

230 1419 301 1450 nes,
319 1419 423 1452 quum
440 1408 591 1453 triginta
607 1414 739 1442 tantum
757 1416 788 1443 ct
804 1415 951 1454 quatuor
975 1421 1083 1443 annos
1098 1417 1199 1443 natus
1214 1416 1308 1446 esset,
1329 1421 1397 1442 non
1413 1409 1481 1442 nisi
1492 1415 1567 1454 post
1583 1422 1678 1443 senes

226 1461 316 1502 illos,
330 1462 452 1506 quibus
468 1474 506 1496 eu
522 1474 578 1496 res
591 1462 652 1496 diu
656 1461 785 1507 fuerat
799 1463 942 1508 agitata,
959 1464 1146 1497 orationem
1164 1464 1273 1497 habet.
1292 1463 1415 1507 Itaque
1430 1463 1527 1508 quasi
1536 1464 1576 1497 de
1592 1476 1676 1497 novo

228 1515 346 1561 aliquo
358 1515 494 1561 negotio
507 1515 602 1549 haud
616 1515 717 1550 verba
722 1516 830 1561 facit,
847 1528 906 1550 nec
923 1517 963 1550 de
977 1529 1041 1561 quo
1057 1517 1101 1550 sit
1116 1516 1366 1550 deliberandum
1384 1517 1518 1562 exponit
1528 1529 1540 1555 ;
1562 1529 1679 1551 verum

226 1570 283 1612 iis,
306 1576 468 1614 tanquam
485 1571 543 1614 qui
559 1571 599 1604 de
616 1582 653 1604 eo
671 1570 754 1604 satis
770 1576 877 1604 essent
899 1571 1038 1611 eruditi,
1063 1576 1196 1604 tantum
1220 1571 1305 1615 quid
1319 1571 1496 1604 decernere
1515 1577 1680 1615 oporteat,

229 1623 382 1658 declarat
396 1635 408 1661 ;
435 1623 624 1669 validisque
645 1623 820 1657 consilium
847 1634 944 1657 suum
967 1623 1157 1658 rationibus
1184 1625 1371 1670 confirmat,
1402 1625 1439 1658 in
1463 1624 1584 1670 quibus
1614 1637 1680 1658 non

229 1677 343 1712 minus
358 1677 445 1711 inest
469 1678 557 1712 artis
579 1690 648 1712 suae
663 1678 860 1713 subtilitatis
884 1685 986 1724 atque
1010 1678 1199 1726 elegantiae,
1223 1692 1326 1725 quam
1349 1680 1548 1714 vehementis
1573 1681 1680 1725 ipsius

229 1733 359 1777 ire-(senii
374 1733 531 1778 impetus.
560 1732 692 1767 Orator
707 1733 830 1778 igitur,
847 1745 912 1778 quo
928 1733 1048 1768 melius
1050 1735 1159 1778 finem
1171 1735 1385 1780 propositum
1401 1742 1613 1779 assequatur,
1629 1735 1681 1770 al·-

231 1787 341 1821 ternis
362 1793 529 1821 terrorem
545 1788 680 1829 incutit,
697 1787 892 1833 animosque
908 1788 1004 1822 addit
1023 1788 1300 1824 Atheniensibus.
1343 1789 1446 1828 Quod
1459 1791 1594 1835 quidem
1611 1798 1682 1825 tam

230 1841 403 1875 industrie
412 1853 451 1875 ac
459 1841 570 1887 perite
582 1848 720 1883 tractat,
733 1849 770 1876 ut
780 1853 884 1887 neque
897 1855 953 1876 eos
965 1842 1003 1876 in
1015 1843 1282 1888 desperationem
1292 1843 1456 1889 impellat,
1473 1856 1534 1878 nec
1543 1844 1683 1879 nimiam

230 1895 276 1929 iis
293 1895 414 1930 excitet
429 1896 680 1940 confidentiam,
701 1897 762 1931 sed
783 1896 1002 1942 neutrobique
1018 1897 1064 1930 ad
1078 1903 1228 1932 extrema
1244 1908 1439 1940 excurrens,
1455 1910 1531 1932 cum
1547 1899 1682 1933 timoris

265 1985 334 2015 Has
347 1984 502 2015 orationes
513 1985 709 2024 Olynthiacas
721 1985 826 2014 eodem
838 1985 943 2014 ordine

233 2027 432 2063 collocamus,
457 2035 521 2066 quo'
533 2028 698 2066 Dionysius
722 2028 796 2057 Hal.
817 2028 846 2057 in
869 2027 943 2066 Epi-

235 2070 315 2101 stola
327 2070 364 2099 ad
378 2071 556 2100 Ammaeum.
569 2071 667 2109 Eique
678 2070 754 2100 ratio
763 2070 830 2109 ipsa
839 2071 944 2100 suffra-

236 2118 346 2152 gatur:
371 2123 497 2151 namque
515 2114 603 2143 initio
626 2113 716 2153 hujus
741 2113 944 2153 Olynthiacae,

236 2165 326 2194 quam
348 2165 402 2184 nos
418 2156 546 2194 primam
561 2156 700 2190 facimus,
720 2156 831 2184 Orator
849 2156 944 2186 Athe-

236 2197 396 2227 niensibus
411 2198 513 2233 instat,
523 2199 560 2228 de
570 2199 684 2228 foedere
699 2198 759 2227 cito
771 2208 838 2227 cum
849 2198 944 2236 Olyn-

238 2241 312 2270 thiis
333 2240 483 2270 ineundo:
512 2241 542 2270 in
563 2241 679 2270 duabus
703 2244 800 2270 autem
821 2240 946 2278 reliquis

237 2283 270 2314 id
288 2283 387 2311 foedus
402 2283 507 2313 initum
527 2283 681 2322 supponit,
693 2283 781 2322 inque
800 2283 829 2312 id
849 2283 945 2312 solum

238 2324 397 2360 incumbit,
420 2331 453 2355 ut
477 2327 618 2355 ostendat
637 2336 724 2364 quam
740 2336 862 2355 necesse
895 2326 947 2361 sit,

239 2378 308 2406 qnae
325 2377 365 2396 ex
387 2379 423 2397 eo
444 2369 624 2398 tenebantur
638 2369 748 2404 facere,
773 2373 806 2398 ut
824 2368 946 2399 saciant.

240 2411 398 2440 Tounm.

284 2453 452 2483 Plurimum
469 2457 551 2483 certe
574 2453 771 2484 deserendum
801 2458 849 2483 est
872 2453 948 2483 Dio-

240 2496 333 2534 nysii,
365 2495 538 2534 gravissimi
562 2501 593 2526 et
613 2495 842 2534 diligentissimi
873 2497 948 2526 scri-

240 2538 351 2577 ptoris,
365 2538 536 2568 auctoritati
548 2549 556 2576 5
567 2539 736 2577 praesertim
749 2548 815 2568 cum
826 2539 906 2568 hunc
916 2550 948 2569 se

242 2581 490 2620 Olynthiacarum
507 2582 641 2610 ordinem
653 2591 684 2611 ex
696 2582 857 2611 illustrium
873 2583 948 2611 viru-

242 2634 312 2653 rum
322 2624 446 2654 historiis
455 2623 660 2662 desumpsisse
671 2625 762 2654 dicat.
780 2624 841 2653 Sed
852 2635 948 2663 neque

243 2667 326 2696 alind
337 2666 495 2706 quodlibet
505 2667 660 2696 sententiae
670 2677 732 2697 suae
744 2667 948 2696 testimonium

245 2710 343 2745 all'ert,
358 2719 454 2747 neque
475 2709 584 2739 desunt
601 2709 674 2739 satis
689 2710 792 2738 multae
806 2710 949 2743 rationes,

246 2761 284 2780 ex
303 2751 377 2789 ipsis
398 2751 593 2781 Orationibus
610 2753 719 2790 petitae,
745 2762 798 2782 cur
816 2756 948 2781 veterem

245 2793 348 2831 potius
362 2794 494 2824 ordinem
509 2795 693 2833 sequendum
707 2805 773 2823 esse
789 2805 855 2824 cum
870 2796 950 2825 Luc-

245 2836 380 2866 chesiuio
409 2837 599 2868 arbitremur.
645 2838 762 2868 “Enim
779 2847 852 2869 vero
882 2848 950 2878 qum

976 1985 1065 2016 tertia
1083 1985 1242 2025 Dionysio,
1266 1986 1358 2026 vulgo
1381 1991 1480 2017 autem
1505 1986 1603 2026 prima
1627 1993 1686 2024 est,

978 2029 1116 2067 quamvis
1128 2039 1232 2067 parum
1245 2030 1403 2059 sententiis
1415 2030 1535 2059 differat
1545 2040 1561 2059 a
1575 2041 1682 2060 secun-

977 2072 1029 2106 da,
1055 2077 1184 2101 attamen
1207 2082 1264 2101 nou
1296 2072 1377 2101 levia
1407 2073 1530 2111 praefert
1562 2073 1685 2110 indicia,

979 2114 1086 2151 quibus
1102 2115 1209 2144 natalis
1227 2115 1273 2144 sui
1290 2114 1522 2154 pra-‘rogativam
1540 2116 1682 2146 ostendit.

979 2157 1014 2184 In
1028 2157 1087 2186 ista
1096 2157 1174 2186 enim
1189 2158 1411 2186 Demosthenes
1424 2167 1479 2186 non
1493 2159 1588 2187 solum
1600 2158 1684 2188 cives

978 2198 1141 2229 inflammat
1149 2200 1186 2229 ad
1196 2200 1353 2229 serendum
1363 2200 1517 2241 Olynthiis
1525 2200 1684 2235 auxilium,

980 2242 1033 2270 sed
1050 2249 1161 2277 monet,
1181 2249 1213 2271 ut
1238 2242 1310 2271 illuc
1334 2243 1450 2280 legatos
1473 2243 1606 2279 mittant,
1633 2244 1684 2282 qui

980 2284 1068 2322 hujus
1085 2294 1140 2323 spe
1155 2285 1308 2314 continuet
1324 2286 1437 2315 animos
1452 2290 1533 2315 metu
1548 2287 1660 2315 fractos
1675 2297 1682 2315 ε

980 2327 1063 2364 quod
1078 2327 1236 2356 consilium
1252 2327 1276 2356 si
1293 2328 1403 2357 Orator
1422 2328 1567 2368 providus
1583 2338 1617 2357 ac
1636 2339 1684 2358 so-

980 2369 1162 2399 lertissimus
1178 2369 1208 2398 in
1224 2370 1342 2399 tertiam
1357 2371 1532 2399 concionem
1549 2371 1686 2401 distulis-

982 2416 1038 2448 set,
1051 2413 1115 2450 ejus
1127 2412 1266 2450 profecto
1279 2413 1440 2452 prudentia
1452 2413 1686 2444 desideraretur.

981 2455 1016 2483 In
1033 2455 1165 2484 secunda
1179 2465 1262 2489 vero,
1280 2455 1352 2493 quid
1369 2456 1425 2485 sibi
1445 2455 1507 2485 vult
1524 2456 1686 2486 exordium

982 2496 1055 2526 illud
1074 2497 1248 2526 calliditatis
1270 2503 1360 2536 utque
1381 2499 1456 2528 artis
1474 2498 1608 2536 plenum,
1625 2509 1685 2538 quo

983 2545 1105 2569 conatur
1130 2540 1300 2574 ostendere,
1324 2541 1427 2578 plures
1451 2541 1549 2570 adhuc
1573 2541 1686 2571 virium

982 2592 1092 2612 nervos
1124 2592 1190 2611 esse
1216 2583 1405 2621 reipublica‘,
1432 2584 1489 2613 nisi
1520 2589 1687 2613 commotos

982 2625 1076 2663 priori
1089 2635 1225 2654 sermone
1237 2626 1322 2655 cives
1338 2626 1432 2655 fuisse
1444 2627 1481 2655 ad
1491 2636 1578 2664 opem
1589 2626 1688 2655 seren-

983 2668 1063 2702 dam,
1081 2668 1134 2696 sed
1159 2668 1265 2697 timere
1281 2678 1328 2703 ne,
1344 2679 1411 2698 cum
1429 2669 1526 2697 minus
1550 2670 1686 2706 potentia

984 2709 1114 2745 valeant,
1141 2710 1171 2739 id
1199 2710 1261 2739 lieri
1287 2711 1405 2750 possit?
1428 2711 1531 2740 'l'ertiu
1555 2711 1685 2750 denique

984 2753 1041 2782 hoc
1053 2750 1106 2781 suo
1120 2752 1185 2781 loco
1199 2753 1348 2782 dimoveri
1365 2754 1477 2792 nequit.
1500 2753 1621 2792 Quippe
1634 2765 1687 2793 pa-

984 2806 1048 2824 rum
1067 2795 1154 2824 isthic
1172 2796 1284 2825 Orator
1299 2800 1498 2825 commoratur
1514 2795 1543 2824 in
1560 2796 1687 2825 suaden-

984 2839 1023 2868 da
1050 2838 1219 2878 opitulandi
1245 2839 1436 2874 necessitate3
1459 2838 1514 2868 sed
1538 2838 1630 2868 veluti
1655 2839 1687 2868 id
