1923 3149
591 160 810 200 LlTERAE
840 136 1096 197 PfflLlPr‘i.v
1493 159 1566 196 115

114 265 262 302 misisse
288 264 458 302 fatemini
476 277 484 284 ·
517 265 573 301 sin
597 263 703 302 vobis
725 262 939 300 nolentibus
959 262 995 299 vi
1015 261 1224 307 obtinebat,
1246 274 1331 311 quce
1352 260 1507 299 tandem
1528 261 1565 298 in

112 340 178 364 vos
200 326 334 375 injuria
355 327 438 372 fuit,
454 340 538 364 cam
561 340 583 363 a
601 339 661 363 mc
680 324 874 375 occupari,
895 330 933 361 et
952 323 1080 361 locum
1107 329 1232 360 tutum
1253 324 1362 361 reddi
1383 324 1567 374 navigan—

113 389 241 426 tibus?
297 391 527 440 Quanquam
549 395 677 426 autem
693 388 730 424 in
748 393 898 424 tantum
918 398 991 435 ego
1011 385 1119 423 vobis
1148 384 1414 435 providissem,
1442 391 1480 422 et
1509 384 1566 421 in-

111 450 231 487 sulam
251 452 357 488 vobis
377 451 597 494 donassem,
615 456 785 486 oratores
806 454 933 484 tamen
960 447 1074 484 vestri
1096 446 1272 496 accipere
1297 445 1569 496 prohibebant,

110 511 367 562 recipiendam
383 524 468 549 esse
485 509 761 548 consulebant:
792 516 848 553 ut,
865 508 895 545 si
916 508 1019 558 quod
1036 508 1294 559 imperabatur
1308 507 1486 551 facerem,
1508 520 1568 545 me

113 572 277 610 alienam
293 572 463 610 obtinere
480 571 637 613 faterer;
669 570 726 607 sin
748 569 875 606 locum
896 569 1003 606 illum
1027 569 1242 614 retinerem,
1259 568 1404 618 populo
1433 581 1568 618 suspe-

98 628 198 671 «ἔως
226 635 368 672 fierem.
426 632 573 675 Quibus
598 645 671 682 ego
693 631 871 682 cognitis,
901 630 1003 668 ultro
1033 629 1270 674 denuntiavi,
1304 642 1364 666 me
1385 629 1432 666 de
1451 629 1510 666 his
1530 629 1569 666 in

105 695 252 745 judicio
272 695 470 732 vobiscum
492 694 807 745 disceptaturum,
828 700 883 738 ut,
907 692 937 729 si
957 693 1048 730 mihi
1076 691 1301 742 adjudicata
1319 697 1433 736 esset,
1460 691 1569 729 vobis

111 770 208 795 ame
228 757 404 799 claretum
437 756 750 807 sinjudicaretur
770 761 897 792 vestra
925 768 1027 801 esse,
1060 754 1202 806 populo
1236 766 1320 791 eam
1350 753 1566 791 redderem.

114 817 212 855 Haec
228 817 316 854 mihi
337 831 439 869 saepe
454 817 663 868 postulanti
684 830 750 855 vos
764 823 932 853 mentem
952 830 1028 854 non
1049 815 1290 862 adhibuistis,
1303 815 1571 866 Peparrhethii

113 885 240 916 autem
261 878 426 916 insulam
443 885 693 929 occuparunt.
749 877 853 921 Quid
874 877 989 927 igitur
1009 877 1100 915 mihi
1119 876 1339 915 Faciendum
1360 875 1461 913 suit?
1491 888 1570 913 uon

111 939 322 990 infligenda
342 953 456 992 poena
475 939 717 990 soedifragis?
746 951 823 976 non
854 938 1082 986 ulciscendi,
1115 939 1179 989 qui
1210 945 1288 975 tam
1323 937 1486 988 superbe
1511 937 1568 973 in-

114 1001 340 1040 sultabant?
397 1002 498 1040 Nam
527 1003 557 1040 si
588 1000 948 1053 Peparrhethiorum
979 1001 1052 1039 fuit
1081 1000 1219 1045 insula,
1247 1012 1323 1050 quo
1337 999 1423 1050 jure
1449 999 1569 1049 ipsam

113 1071 292 1114 repetunt
311 1064 598 1103 Athenienses?
628 1065 687 1103 sin
706 1069 846 1110 vestra,
870 1075 937 1102 cur
957 1076 1034 1103 non
1051 1063 1105 1102 cis
1124 1062 1343 1110 irascimini,
1368 1061 1432 1115 qui
1452 1074 1568 1099 occu-

112 1126 237 1177 parint
258 1127 449 1165 alienam?

165 1188 202 1224 6.
234 1188 292 1225 Eo
311 1202 424 1239 porro
442 1203 660 1242 progressae
680 1199 770 1231 sunt
789 1199 930 1231 nostrae
944 1190 1162 1236 inimicitiae,
1184 1198 1226 1228 ut
1242 1202 1328 1227 cum
1345 1187 1484 1226 vellem
1499 1199 1569 1224 na-

109 1260 175 1285 ves
189 1248 227 1285 in
248 1248 544 1302 Hellespontum
564 1253 839 1302 transmittere,
858 1260 1014 1293 coactus
1037 1253 1106 1289 sim
1127 1264 1193 1289 eas
1213 1249 1481 1288 circumducto
1501 1260 1570 1298 per

111 1309 398 1350 Chersonesum
424 1314 591 1352 exercitu
619 1315 828 1363 deducere,
854 1328 942 1354 cum
962 1314 1077 1352 vestri
1099 1312 1223 1350 coloni
1243 1325 1290 1348 ex
1309 1311 1464 1348 decreto
1491 1308 1569 1346 Po-

110 1370 264 1422 lycratis
289 1374 435 1412 bellum
461 1376 663 1414 nobiscum
693 1384 884 1427 gererent,
905 1383 944 1414 et
961 1386 1029 1412 vos
1053 1373 1147 1411 talia
1171 1371 1364 1422 suffragiis
1392 1383 1570 1425 compro-

110 1435 266 1480 baretis,
287 1437 445 1488 duxque
466 1446 593 1476 vester
614 1438 819 1489 Byzantios
842 1443 1070 1480 accerseret,
1101 1441 1141 1473 et
1159 1433 1264 1485 apud
1283 1446 1416 1470 omncs
1445 1433 1570 1470 divul-

110 1503 231 1545 garet,
247 1496 315 1534 sibi
337 1510 359 1534 a
375 1499 484 1534 vobis
507 1499 732 1536 mandatum
750 1511 849 1543 esse,
872 1505 927 1542 ut,
949 1498 980 1535 si
995 1497 1152 1534 daretur
1179 1494 1349 1541 occasio,
1370 1494 1515 1532 bellum
1531 1496 1570 1531 in

110 1569 179 1594 nos
206 1557 372 1595 inferret.
430 1559 500 1595 His
534 1560 659 1597 modis
689 1573 777 1598 eum
807 1565 1004 1605 tractarer,
1029 1565 1158 1596 tamen
1186 1565 1225 1594 et
1252 1557 1336 1594 urbi
1355 1562 1506 1602 vestrae,
1531 1563 1571 1594 et

108 1619 336 1666 triremibus,
357 1627 396 1658 et
422 1633 513 1671 agro
539 1621 705 1671 peperci,
740 1620 915 1671 quamvis
944 1620 1136 1671 plerisque
1163 1618 1277 1670 potiri
1306 1631 1474 1669 possem,
1507 1617 1569 1655 vel

109 1681 236 1731 potius
252 1682 448 1720 omnibus:
479 1689 518 1719 et
537 1695 605 1720 vos
633 1683 681 1720 ad
698 1697 781 1727 eas,
805 1696 890 1734 quae
911 1682 1009 1720 inter
1033 1695 1103 1719 nos
1120 1687 1263 1726 essent,
1282 1679 1567 1717 controversias

110 1742 390 1794 disceptatione
419 1743 653 1781 dirimendas
673 1752 859 1795 perpetuo
885 1743 1103 1795 provocavi.
1161 1742 1280 1793 Atqui
1311 1741 1568 1785 considerate,

107 1809 237 1842 utrum
265 1803 462 1843 honestius
492 1806 554 1852 sit,
576 1806 690 1843 armis
717 1806 823 1844 litem
849 1806 959 1851 finiri,
986 1819 1034 1843 an
1054 1805 1203 1850 verbis;
1232 1811 1358 1842 utrum
1384 1803 1568 1853 nosipsos

108 1865 270 1903 arbitros
290 1866 370 1904 fieri
385 1868 519 1912 deceat,
535 1880 582 1905 an
598 1866 694 1906 alios
710 1868 758 1905 ad
769 1867 1025 1919 judicandum
1040 1867 1206 1906 excitare
1221 1879 1230 1903 :
1261 1871 1437 1916 reputate
1455 1864 1569 1906 etiam

109 1941 226 1979 quam
247 1930 456 1968 absurdum
476 1930 538 1977 sit,
564 1931 731 1969 Thasios
760 1938 800 1969 et
825 1932 1039 1969 Maronitas
1058 1930 1165 1970 litem
1189 1929 1238 1966 de
1260 1929 1413 1979 Stryme
1442 1926 1564 1965 discef

109 1990 282 2040 ptatione
315 1990 424 2029 finire
439 1993 525 2043 cogi
554 1994 602 2030 ab
637 1993 958 2039 Atheniensibus,
985 1992 1070 2043 ipso
1097 1999 1246 2029 sautem
1272 2002 1332 2035 ea,
1360 1988 1409 2026 de
1430 1988 1569 2038 quibus

112 2052 327 2102 ambigunt,
345 2065 499 2091 mecum
533 2054 583 2091 ad
602 2055 770 2092 eundem
799 2055 958 2092 modum
983 2067 1061 2091 non
1090 2052 1326 2102 transigere:
1355 2050 1569 2100 praesertim

108 2124 200 2149 cum
219 2113 361 2159 sciatis,
381 2126 449 2151 vos
485 2114 516 2151 si
543 2127 662 2152 causa
687 2116 902 2154 cecideritis
931 2116 1024 2153 nihil
1053 2115 1280 2156 amissuros;
1310 2111 1369 2151 sin
1387 2111 1570 2158 viceritis,

107 2173 295 2224 potituros
315 2173 374 2212 his
395 2188 480 2225 quae
500 2188 603 2213 nunc
623 2175 661 2212 in
681 2182 812 2214 nostra
827 2190 944 2215 manu
965 2183 1067 2214 sunt.

163 2236 201 2272 7.
233 2234 311 2272 Sed
327 2235 422 2273 illud
443 2236 613 2273 omnium
634 2236 915 2288 iniquissimum
933 2237 1025 2274 mihi
1044 2236 1208 2282 videtur,
1229 2234 1333 2286 quod
1353 2248 1438 2273 cum
1459 2235 1568 2285 lega-

106 2301 169 2333 tos
189 2309 238 2334 ex
257 2297 362 2334 omni
381 2298 570 2335 sociorum
600 2305 795 2337 conventu
820 2299 1020 2345 misissem,
1043 2305 1084 2336 ut
1099 2305 1218 2336 testes
1239 2303 1380 2342 essent,
1401 2310 1568 2347 cumque

109 2357 250 2398 vellem
274 2358 323 2397 de
344 2358 493 2397 Graecis
513 2373 559 2397 ea
578 2359 775 2397 vobiscum
796 2360 939 2411 pacisci
961 2372 1046 2410 quae
1060 2359 1169 2410 justa
1194 2364 1340 2405 essent,
1365 2372 1413 2396 ne
1434 2358 1568 2396 audire

110 2417 265 2467 quidem
293 2419 507 2470 legatorum
526 2420 576 2458 de
599 2419 659 2458 his
688 2421 900 2459 orationem
920 2420 1107 2466 voluistis,
1138 2433 1228 2458 curn
1252 2420 1425 2458 licuisset
1445 2420 1568 2465 vobis,

109 2478 171 2516 vel
190 2479 365 2529 perieulis
395 2481 556 2520 liberare
588 2494 656 2519 eos
690 2483 756 2533 qui
781 2482 852 2520 sibi
882 2482 1026 2532 aliquid
1052 2481 1189 2519 infensi
1214 2493 1238 2518 a
1262 2481 1373 2518 nobis
1394 2480 1567 2531 suspica-

109 2540 262 2587 bantur,
282 2541 342 2579 vel
361 2543 488 2593 palam
506 2543 736 2581 convincere
766 2557 827 2582 me
847 2545 1016 2582 omnium
1034 2542 1234 2581 hominum
1262 2555 1345 2580 esse
1366 2541 1567 2592 improbis-

108 2602 261 2639 simum.
309 2603 367 2640 Ac
398 2604 542 2655 populo
573 2604 729 2655 quidem
757 2605 824 2643 illa
847 2611 957 2643 erant
982 2605 1113 2648 utilia;
1145 2604 1215 2643 sed
1242 2618 1263 2642 e
1291 2617 1331 2641 re
1360 2610 1568 2648 oratorum,

108 2676 188 2701 non
206 2671 339 2702 erant:
369 2664 503 2703 dicunt
520 2667 620 2703 enim
646 2667 670 2704 ii
691 2667 757 2717 qui
775 2673 940 2705 vestram
959 2666 1234 2716 rempublicam
1256 2671 1410 2709 norunt,
1429 2675 1568 2712 pacem

108 2723 165 2762 eis
182 2725 327 2762 bellum
342 2738 442 2772 esse,
462 2732 501 2764 et
518 2726 661 2764 bellum
681 2739 841 2778 pacem;
869 2740 957 2765 cum
979 2740 1002 2764 a
1021 2727 1184 2764 ducibus
1198 2726 1258 2763 vel
1277 2723 1568 2775 patrocinando,

106 2786 169 2823 vel
189 2786 473 2832 calumniando,
493 2787 696 2838 pecuniam
722 2795 1001 2839 extorqueant:
1032 2794 1070 2825 et
1096 2794 1178 2825 tum
1207 2783 1454 2823 nobilissimis
1475 2784 1566 2820 civi-

107 2847 194 2893 bus,
207 2854 288 2885 tum
299 2855 515 2887 exterorum
528 2849 780 2888 celeberrimis
789 2850 1043 2888 conviciando
1058 2863 1126 2901 pro
1136 2848 1334 2892 concione,
1347 2846 1386 2883 id
1396 2851 1565 2896 captent,

109 2915 153 2946 ut
171 2910 376 2966 populares
397 2924 482 2951 esse
513 2911 724 2949 videantur.
787 2911 915 2953 Facile
948 2911 1040 2949 mihi
1067 2910 1223 2961 ‹piidem
1243 2914 1359 2955 esset,
1380 2907 1410 2945 si
1427 2908 1563 2959 paulu,²⁷
