1923 3149
272 143 347 179 504
635 138 694 177 IN
726 137 1028 177 ONETOREM
1060 138 1213 177 UNDE
1245 138 1296 177 VI
1330 139 1359 176 l.

793 325 1199 363 TESTIMONIUM.

275 421 373 470 Lege
391 420 506 458 etiam
526 419 599 457 hoc
619 419 891 457 testimonium.

791 571 1189 610 TESTIMONIUM.

271 664 436 702 Constat
456 664 570 716 igitur
590 678 610 702 e
631 664 743 703 dictis
761 665 929 712 testium,
944 679 1010 705 eos
1031 666 1163 704 dotem
1181 679 1259 705 non
1279 665 1447 712 dedisse,
1468 665 1535 705 sed
1554 666 1604 705 ad
1620 678 1714 705 con-

267 725 479 764 servandas
502 726 653 777 Aphobi
673 739 767 778 opes
793 727 877 764 haec
905 740 1018 778 agere
1039 728 1195 766 audere.
1253 728 1329 772 Qui
1361 728 1460 766 enim
1491 734 1600 766 tanto
1620 735 1715 766 tem-

270 799 363 838 pore
384 800 425 825 se
445 794 484 825 et
504 787 687 825 debuisse
719 795 757 826 et
785 788 998 827 reddidisse
1030 795 1069 826 et
1094 802 1171 827 non
1197 789 1387 841 recepisse
1406 796 1445 827 et
1463 802 1621 828 uxorem
1643 789 1720 827 dis-

270 848 432 886 cessisse
453 855 493 886 et
511 848 699 898 praedium
727 849 799 887 sibi
826 850 1123 901 oppigneratum
1143 863 1226 889 esse
1245 858 1437 897 asserunt,
1466 864 1516 889 an
1536 864 1613 889 non
1633 863 1719 902 per-

270 909 405 959 spicue
425 908 639 955 declarant,
659 922 738 947 rem
753 923 826 948 sua
843 911 1074 949 auctoritate
1091 917 1238 962 gestam
1254 924 1300 949 eo
1315 911 1490 958 consilio,
1506 918 1549 949 ut
1568 911 1611 949 iis
1631 923 1720 961 quae

269 969 361 1006 mihi
380 982 449 1007 vos
470 969 766 1021 adjudicassetis
783 984 844 1009 me
863 971 1119 1011 fraudarent?

323 1032 362 1068 6.
392 1030 483 1069 Jam
502 1030 599 1068 illud
615 1031 732 1070 etiam
751 1045 800 1070 ex
831 1033 949 1084 ipsius
977 1033 1087 1072 istius
1108 1041 1146 1073 et
1169 1034 1399 1072 Timocratis
1417 1040 1458 1072 et
1476 1033 1631 1085 Aphobi
1662 1044 1720 1070 re·

268 1092 437 1143 sponsis,
474 1105 552 1130 non
584 1093 754 1144 potuisse
787 1094 920 1133 dotem
938 1096 1062 1143 reddi,
1092 1109 1163 1134 vos
1193 1095 1355 1134 edocere
1383 1096 1566 1134 conabor.
1623 1094 1721 1146 Ego,

269 1153 441 1199 Judices,
458 1154 616 1205 quaesivi
636 1167 683 1193 ex
707 1168 843 1194 eorum
863 1157 1025 1206 singulis
1043 1170 1171 1193 coram
1187 1157 1317 1193 multis
1332 1157 1518 1194 testibus:
1549 1169 1596 1194 ex
1616 1155 1723 1194 One-

268 1221 351 1252 tore
367 1221 408 1252 et
417 1215 647 1262 Timocrate‚
667 1217 823 1265 quinam
843 1223 976 1253 essent
995 1223 1113 1254 testes
1127 1217 1165 1253 in
1184 1229 1346 1266 quorum
1365 1216 1575 1267 praesentia
1591 1217 1723 1255 dotem

268 1275 548 1319 reddidissem
578 1289 628 1313 ex
652 1277 736 1326 ipso
758 1275 937 1326 Aphobo,
957 1276 1022 1326 qui
1051 1276 1254 1315 affuissent
1281 1290 1367 1315 cum
1395 1278 1621 1328 accepisset.
1667 1278 1723 1316 Ibi

269 1349 404 1374 omnes
424 1349 502 1374 uno
518 1349 583 1374 ore
601 1336 695 1373 mihi
715 1335 1007 1386 responderunt,
1027 1337 1177 1375 nullum
1197 1337 1353 1376 affuisse
1374 1344 1524 1382 testem,
1547 1339 1617 1376 sed
1636 1345 1722 1376 tan-

268 1405 351 1435 tum
383 1398 432 1434 ab
464 1396 520 1435 eis
550 1410 702 1448 quoque
732 1404 904 1448 tempore
933 1398 1081 1436 auferre
1115 1398 1269 1436 solitum
1300 1399 1510 1449 Aphobum
1539 1406 1724 1449 quantum

267 1456 476 1508 exegisset.
507 1457 580 1495 Cui
607 1470 698 1495 vero
718 1464 890 1496 vestrum
916 1458 991 1496 hoo
1020 1459 1063 1496 fit
1082 1458 1297 1504 verisimile,
1320 1472 1408 1497 cum
1439 1459 1511 1497 dos
1536 1460 1725 1499 talentum

269 1525 386 1565 esset,
406 1519 552 1568 absque
584 1518 748 1558 testibus
777 1519 987 1558 Onetorem
1018 1526 1059 1558 et
1087 1520 1344 1559 Timocratem
1374 1520 1543 1572 Aphobo
1573 1528 1723 1559 tantum

266 1579 419 1631 argenti
435 1579 678 1618 reddidisse?
720 1580 782 1619 cui
801 1594 878 1619 non
897 1581 1014 1620 modo
1038 1581 1087 1620 ad
1107 1582 1222 1620 istum
1254 1581 1427 1629 modum,
1453 1582 1485 1621 si
1506 1582 1599 1634 quid
1626 1582 1724 1621 forte

271 1641 461 1687 solvisset,
482 1641 553 1679 sed
572 1640 700 1680 multis
721 1641 837 1680 etiam
857 1642 1019 1681 testibus
1038 1644 1295 1694 praesentibus
1316 1657 1429 1683 nemo
1450 1651 1593 1682 temere
1607 1644 1724 1683 fidem

269 1702 479 1749 habuisset,
499 1708 554 1748 ut,
581 1702 612 1740 si
643 1715 720 1753 qua
744 1704 1004 1742 controversia
1036 1704 1250 1752 incidisset,
1277 1706 1390 1743 facile
1421 1719 1490 1757 per
1516 1718 1584 1744 vos
1613 1718 1725 1744 recu-

270 1770 437 1815 peraret.
493 1764 632 1814 Neque
652 1764 753 1802 enim
769 1765 972 1816 quisquam
993 1766 1031 1804 in
1050 1766 1118 1804 tali
1144 1774 1361 1814 contractu,
1377 1767 1522 1806 nedum
1539 1769 1724 1807 adversus

273 1825 389 1863 istum
407 1825 475 1863 tali
507 1825 675 1877 ingenio,
696 1826 826 1865 nullos
852 1834 972 1866 testes
1004 1827 1216 1874 adhiberet,
1237 1829 1307 1866 sed
1335 1842 1384 1867 ne
1403 1836 1485 1867 tum
1504 1829 1660 1880 quidem
1693 1830 1725 1868 si

270 1899 362 1925 cum
391 1886 466 1924 alio
499 1899 560 1925 res
586 1894 715 1925 esset:
755 1887 832 1926 imo
854 1888 914 1925 his
945 1888 993 1926 de
1023 1889 1152 1927 causis
1172 1896 1212 1927 et
1231 1890 1385 1940 nuptias
1416 1891 1655 1928 celebramus
1686 1897 1726 1929 et

273 1947 438 1986 maxime
458 1947 699 1985 necessarios
718 1947 936 1994 invitamus,
955 1949 1061 1999 quod
1081 1962 1159 1988 non
1188 1948 1282 1988 levis
1302 1963 1362 1989 res
1383 1952 1524 2001 agitur,
1549 1951 1623 1990 sed
1647 1953 1725 1990 vita

273 2021 448 2047 sororum
467 2014 506 2046 et
524 2007 685 2046 filiarum
708 2008 843 2047 alienae
866 2009 957 2048 fidei
981 2010 1244 2058 committitur,
1261 2024 1349 2062 quae
1368 2019 1412 2050 ut
1438 2012 1477 2050 in
1495 2018 1578 2051 tuto
1605 2014 1726 2053 collo·

271 2076 410 2109 centur
428 2081 579 2107 summa
595 2082 689 2107 cura
706 2070 968 2120 providemus.
1007 2072 1322 2111 Consentaneum
1339 2073 1527 2124 igiturest
1545 2082 1584 2112 et
1594 2074 1724 2121 istum,

272 2143 403 2169 coram
424 2130 563 2182 quibus
584 2144 626 2169 se
644 2131 786 2169 debere
805 2132 1007 2170 consessus
1025 2140 1085 2171 est
1103 2140 1143 2171 et
1162 2147 1318 2173 usuram
1339 2135 1518 2177 daturum
1537 2137 1725 2187 promisit,

273 2192 411 2230 iisdem
435 2191 549 2230 etiam
576 2193 832 2243 praesentibus
858 2194 1147 2233 satisfacturum
1167 2196 1333 2247 Aphobo
1362 2197 1496 2241 fuisse,
1529 2198 1560 2235 si
1597 2211 1728 2236 revera

273 2254 406 2291 dotem
426 2252 460 2290 ei
481 2252 740 2292 reddidisset:
771 2268 860 2293 nam
879 2268 918 2294 re
938 2255 985 2293 ad
1008 2256 1114 2294 hunc
1132 2257 1290 2295 modum
1306 2266 1418 2309 gesta
1435 2258 1538 2297 omni
1551 2258 1727 2297 molestia

274 2314 458 2352 liberatus
476 2321 591 2361 esset,
611 2315 669 2353 sin
690 2316 795 2353 solus
814 2316 885 2354 soli
905 2317 1150 2364 reddidisset,
1165 2331 1230 2356 eos
1250 2319 1315 2370 qui
1334 2320 1457 2370 pactis
1476 2327 1516 2358 et
1529 2320 1727 2359 conventis

276 2375 540 2420 interfuerant,
562 2382 679 2414 testes
695 2383 830 2415 contra
846 2390 887 2415 se
906 2385 1088 2429 tanquam
1110 2379 1320 2418 debitorem
1339 2380 1572 2431 reliquisset.
1612 2380 1727 2420 Nunc

277 2436 394 2487 igitur
412 2437 637 2474 necessariis
658 2438 750 2483 suis,
770 2438 857 2476 viris
881 2451 998 2489 quam
1030 2440 1100 2490 ipsi
1129 2447 1221 2477 sunt
1245 2441 1480 2488 melioribus,
1496 2443 1727 2493 persuadere

279 2511 356 2536 non
376 2504 596 2548 potuerunt,
615 2505 658 2535 ut
678 2498 809 2537 dotem
825 2512 909 2538 esse
929 2500 1118 2537 redditam
1139 2513 1207 2551 pro
1227 2501 1448 2541 testimonio
1464 2503 1650 2551 dicerent,
1668 2503 1726 2542 sin

278 2559 374 2598 alios
394 2565 511 2597 testes
530 2559 769 2598 adducerent
795 2574 936 2611 genere
963 2574 1039 2599 non
1067 2563 1310 2612 conjunctos,
1332 2577 1399 2603 vos
1420 2565 1472 2604 eis
1492 2578 1577 2605 esse
1605 2566 1728 2604 credi·

279 2629 385 2659 turos
418 2633 493 2658 non
526 2620 726 2671 putabant.
785 2622 851 2660 Sin
887 2622 1103 2660 universam
1136 2623 1249 2662 simul
1280 2625 1410 2664 dotem
1443 2640 1484 2664 se
1517 2626 1728 2665 reddidisse

277 2682 464 2726 dicerent,
485 2681 516 2718 si
535 2694 664 2720 servos
684 2683 748 2732 qui
770 2683 1015 2733 pertulissent
1034 2683 1070 2721 in
1097 2685 1347 2735 quaestionem
1375 2687 1602 2738 postulatos,
1624 2688 1727 2726 solu-

280 2744 384 2782 tione
403 2755 480 2780 non
501 2742 615 2786 facta,
635 2742 775 2781 dedere
795 2744 955 2791 nollent,
969 2745 1096 2796 palam
1111 2745 1193 2784 fore
1214 2746 1486 2799 imposturam:
1516 2748 1574 2787 sin
1593 2749 1665 2800 ipsi
1688 2761 1729 2786 se

281 2804 386 2843 solos
406 2803 477 2841 soli
497 2803 548 2840 illi
570 2803 724 2843 dedisse
745 2804 929 2851 dicerent,
950 2806 1080 2844 fucum
1101 2807 1179 2858 tegi
1200 2820 1311 2858 posse
1327 2809 1544 2859 sperabant.
1600 2810 1728 2852 Quare

283 2865 331 2903 ad
352 2865 453 2902 hunc
473 2865 624 2902 mentiri
645 2865 800 2904 modum
821 2867 1038 2905 necessario
1058 2868 1274 2906 voluerunt.
1331 2868 1489 2908 Talibus
1517 2869 1666 2910 technis
1692 2877 1731 2908 et
