1923 3149
659 151 884 190 CONTRA
916 151 1142 190 MIDIAM.
1546 154 1617 192 341

169 256 375 297 tributa
402 255 681 306 pendimus,
710 267 800 292 nos
837 253 1039 292 divitiis
1075 255 1423 297 abundamus:
1454 258 1537 299 haec
1563 263 1621 301 in-

166 329 281 368 quam
307 317 494 363 dictitare,
515 317 545 355 si
569 324 630 355 est
661 317 801 354 servire
833 314 1066 366 reipublicae,
1085 314 1208 355 fateor
1237 319 1433 358 exstitisse
1460 322 1622 362 Midiam

169 379 338 416 omnium
359 379 498 417 civium
519 378 888 429 splendidissimum.
945 375 1100 413 Occidit
1130 377 1231 414 enim
1263 379 1414 418 fastidio
1438 383 1475 420 in
1496 386 1623 422 conci-

169 440 305 478 onibus
325 441 501 478 omnibus
519 446 558 477 et
572 452 683 477 aures
697 438 876 476 obtundit
889 437 998 474 hisce
1017 437 1253 487 ingerendis.
1285 441 1352 479 Sin
1374 445 1624 484 consideran-

170 501 260 540 dum
282 509 355 548 est,
373 515 460 552 quae
480 514 612 540 revera
638 501 704 538 illa
728 512 887 537 munera
918 499 995 536 sint
1018 511 1106 548 quae
1136 499 1279 539 Midias
1312 502 1406 549 obit,
1426 518 1498 555 ogo
1518 508 1624 545 vobis

169 575 373 614 exponam.
429 562 568 600 Videte
598 562 710 612 igitur
737 567 883 611 quanta
905 561 1086 610 aequitate
1116 561 1186 598 sim
1207 575 1294 600 cum
1316 576 1362 601 eo
1383 573 1553 613 acturus,
1574 568 1626 607 ad

169 637 233 662 me
251 625 354 663 facta
372 623 591 662 collatione.
640 623 733 669 Iste,
755 621 1031 665 Athenienses,
1060 629 1172 660 natus
1201 637 1322 662 annos
1346 627 1627 679 quinquaginta

171 684 336 730 circiter,
356 691 424 722 aut
444 684 560 735 paulo
582 684 721 729 minus,
742 683 860 721 nihilo
879 683 965 734 plus
990 684 1097 721 vobis
1126 686 1304 734 praestitit
1322 701 1436 737 quarn
1456 703 1544 740 ego,
1560 692 1625 741 qui

170 758 314 784 annum
335 759 409 796 ago
439 745 603 783 alterum
632 751 672 782 et
698 744 951 795 trigesimum.
1010 744 1073 782 Ac
1104 758 1177 795 ego
1202 746 1276 784 illis
1310 748 1363 785 fui
1393 752 1626 801 temporibus

169 806 414 853 trierarchus,
435 807 564 845 statim
579 806 778 857 pueritiam
794 806 1138 857 egressus‚quibus
1154 807 1232 844 bini
1254 809 1442 848 triremem
1462 813 1627 850 instrue-

168 867 322 917 bamus,
340 875 381 906 et
410 875 588 919 sumptus
617 881 750 906 omnes
781 881 828 906 ex
854 867 1002 918 privato
1036 870 1323 918 promebantur,
1343 878 1383 909 et
1409 885 1525 910 naves
1556 873 1627 924 ipsi

170 929 471 979 complebamus.
529 931 605 968 Iste
633 937 775 975 autern,
794 942 881 967 curn
914 929 954 966 id
986 930 1110 968 aetatis
1143 938 1262 978 esset,
1293 945 1368 981 qua
1402 947 1475 984 ego
1506 947 1626 980 nunc,

172 991 343 1028 nondum
362 991 571 1041 quicquam
590 990 811 1041 reipublicae
831 999 1012 1040 praestare
1033 998 1214 1041 coeperat.
1273 992 1350 1030 Sed
1370 1000 1452 1031 tum
1473 994 1628 1032 demum

170 1065 251 1090 rem
271 1051 411 1103 attigit,
429 1065 516 1089 cum
542 1051 706 1102 primum
725 1064 793 1089 vos
813 1051 1000 1088 ducentos
1021 1058 1062 1089 et
1081 1052 1182 1090 mille
1204 1054 1409 1092 attributos
1425 1056 1586 1105 fecistis,
1607 1075 1631 1099 a

171 1112 309 1162 quibus
329 1112 517 1150 talentum
536 1113 751 1162 exigentes,
773 1113 917 1150 talento
934 1112 1174 1151 trierarchias
1196 1114 1325 1152 locant
1343 1116 1419 1153 isti.
1475 1117 1630 1159 Deinde

171 1181 213 1212 et
231 1181 369 1213 nautas
391 1181 430 1212 et
449 1173 622 1224 epibatas
653 1174 872 1224 respublica
902 1175 1137 1225 suppeditat,
1157 1183 1196 1212 et
1215 1185 1453 1218 armamenta
1472 1183 1633 1230 praebet,

171 1247 289 1285 quare
324 1234 474 1272 illorum
507 1234 664 1284 quidam
691 1243 769 1272 tam
802 1237 904 1273 bona
935 1235 1154 1273 conditione
1184 1245 1286 1283 sunt,
1318 1246 1372 1284 ut,
1393 1253 1480 1277 curn
1502 1255 1634 1281 revera

172 1296 265 1335 nihil
284 1296 550 1347 impenderint,
571 1296 735 1334 multum
761 1297 984 1347 praestitisse
1003 1297 1218 1345 videantur,
1234 1306 1273 1337 et
1292 1312 1314 1338 a
1333 1301 1486 1351 reliquis
1506 1306 1631 1342 oneri-

171 1359 244 1396 bus
264 1358 358 1396 facti
379 1358 455 1395 sint
472 1358 676 1396 immunes.

201 1420 204 1423 ’
225 1421 291 1456 44.
323 1420 412 1468 Age
448 1431 537 1456 vero
570 1419 662 1469 quid
697 1419 829 1457 aliud?
864 1419 1072 1470 Tragoedis
1103 1421 1174 1458 iste
1211 1422 1420 1472 aliquando
1457 1434 1632 1478 sumptus

171 1481 334 1534 praebuit
349 1493 358 1518 ε
389 1492 462 1530 ego
478 1493 566 1518 vero
580 1480 814 1519 tibicinibuS.
845 1481 896 1518 Et
909 1480 1008 1519 hanc
1024 1481 1236 1531 impensam
1253 1484 1319 1521 illo
1339 1492 1495 1536 sumptu
1512 1489 1634 1527 multo

174 1555 259 1581 esse
279 1541 476 1592 majorem,
504 1554 616 1579 nemo
636 1542 809 1591 profecto
828 1541 993 1591 ignorat.
1041 1543 1104 1580 Ac
1124 1556 1197 1593 ego
1223 1544 1376 1594 quidem
1397 1560 1500 1586 nune
1519 1549 1635 1595 ultro,

174 1604 237 1642 ille
256 1615 345 1641 vero
375 1609 468 1640 tunc
487 1602 671 1642 aedilitate
701 1604 750 1641 ob
774 1602 962 1654 judicium
995 1604 1286 1653 permutationis
1319 1617 1510 1660 suscepta.
1558 1612 1635 1651 Pro

175 1678 252 1715 quo
270 1677 384 1703 nemo
404 1664 459 1704 illi
477 1660 835 1715 quicquam'utique
853 1664 980 1703 debet.
1012 1666 1115 1707 Quid
1140 1669 1355 1717 praeterea?
1387 1671 1519 1710 Tribui
1539 1686 1635 1725 epu-

175 1727 254 1765 lum
267 1740 342 1777 ego
357 1726 518 1777 praebui,
533 1732 572 1764 et
587 1726 848 1764 Panathenaea
863 1727 1035 1766 instruxi.
1068 1727 1145 1766 Iste
1163 1736 1340 1767 neutrum
1355 1732 1458 1770 fecit.
1492 1735 1636 1774 Classis

176 1802 249 1840 ego
268 1789 376 1827 vobis
396 1788 434 1826 in
455 1789 601 1826 tributo
621 1789 858 1826 conferendo
878 1789 1055 1840 princeps
1087 1789 1319 1829 decennium
1350 1793 1418 1839 fui,
1450 1809 1562 1847 aeque
1594 1805 1638 1837 ut

177 1849 372 1894 Phormio,
393 1856 436 1886 ut
456 1848 695 1899 Lysithides‚
714 1855 759 1886 ut
777 1849 1054 1896 Callaeschrus,
1072 1856 1111 1888 et
1130 1851 1307 1890 ditissimi
1334 1856 1490 1906 quique,
1513 1859 1638 1896 muni-

176 1912 272 1950 ficus
291 1923 368 1949 non
387 1910 435 1949 de
448 1910 585 1962 opibus
601 1924 698 1961 quas
717 1911 843 1948 habeo
859 1924 868 1954 ;
899 1924 990 1949 nam
1010 1925 1033 1950 a
1053 1913 1241 1952 tutoribus
1261 1914 1319 1952 his
1338 1916 1542 1957 fraudatus
1562 1920 1636 1960 fui:

178 1973 247 2011 sed
267 1973 316 2010 de
337 1971 516 2023 opinione
536 1971 660 2010 relicti
681 1972 772 2009 mihi
790 1972 1023 2023 patrimonii,
1044 1972 1147 2023 quod
1164 1983 1317 2026 sumpta
1336 1977 1433 2015 virili
1452 1986 1557 2030 toga,
1577 1995 1637 2019 re-

179 2033 285 2071 stitui
304 2032 395 2071 mihi
410 2033 618 2071 decuisset.
650 2034 714 2071 Ac
734 2047 806 2084 ego
824 2034 979 2084 quidem
996 2034 1051 2072 sic
1069 2035 1131 2085 egi
1145 2036 1358 2076 vobiscum.
1390 2040 1534 2079 Midias
1547 2056 1638 2082 vero

182 2093 411 2145 quomodo?
444 2093 629 2132 Nondum
659 2094 721 2132 vel
750 2095 867 2132 hodie
898 2095 1034 2133 classis
1064 2096 1245 2148 princeps
1265 2099 1392 2138 sactus
1420 2108 1491 2148 est,
1518 2104 1638 2154 patri·

178 2156 295 2196 monii
316 2156 424 2194 nulla
442 2162 553 2207 parte
572 2169 596 2194 a
613 2169 808 2206 quoquam
833 2157 1049 2202 fraudatus,
1081 2158 1151 2195 sed
1171 2173 1193 2197 a
1216 2167 1324 2210 patre
1348 2162 1479 2202 multis
1501 2165 1637 2216 opibus

178 2218 361 2269 acceptis.
408 2217 505 2262 Quis
532 2217 647 2269 igitur
675 2225 736 2256 est
755 2219 949 2269 splendor,
978 2225 1046 2257 aut
1071 2233 1249 2270 quaenam
1278 2223 1383 2261 obita
1409 2237 1569 2265 munera
1599 2234 1639 2266 et

178 2280 364 2331 praeclara
383 2280 494 2318 istius
515 2280 804 2318 munificentia?
835 2280 1026 2331 Equidem
1045 2294 1124 2318 non
1144 2282 1270 2329 video,
1289 2284 1364 2322 nisi
1384 2286 1469 2336 quis
1489 2300 1535 2325 ea
1550 2302 1639 2339 spe-

180 2348 280 2380 ctet:
311 2341 417 2379 aedes
447 2340 631 2379 Eleusine
651 2349 781 2379 tantas
801 2342 1070 2390 exaedificavit,
1089 2350 1134 2381 ut
1154 2345 1334 2383 omnibus
1350 2346 1452 2385 illius
1473 2348 1547 2387 loci
1568 2350 1639 2389 do·

182 2402 307 2441 mibus
325 2403 503 2440 tenebras
523 2403 706 2440 obducat.
749 2403 799 2441 Et
818 2416 929 2441 suam
949 2403 1149 2442 mulierem
1178 2405 1227 2442 ad
1251 2405 1358 2444 initia
1383 2408 1501 2456 vehit,
1532 2417 1572 2448 et
1606 2412 1637 2450 si

181 2476 259 2515 quo
275 2463 349 2500 alio
364 2462 487 2509 libuit,
503 2463 599 2501 albis
618 2464 718 2515 bigis
735 2465 939 2516 Sicyoniis.
977 2464 1028 2503 Et
1042 2465 1124 2517 ipse
1139 2479 1229 2504 cum
1244 2467 1366 2506 tribus
1381 2470 1638 2522 pedissequis,

182 2531 250 2566 aut
268 2531 446 2575 quatuor,
466 2537 534 2575 per
554 2525 680 2563 forum
699 2525 910 2564 insolenter
928 2526 1086 2573 incedit,
1107 2528 1274 2580 cymbia,
1299 2532 1466 2569 rorantia
1485 2533 1638 2583 pocula,

181 2595 218 2629 et
237 2586 387 2638 phialas
406 2586 460 2624 ita
478 2587 694 2635 nominans,
720 2595 764 2626 ut
781 2595 1055 2639 praetereuntes
1088 2590 1259 2628 audiant.
1303 2590 1387 2642 Ego
1418 2606 1521 2638 vero,
1552 2607 1639 2644 quae

181 2649 318 2701 privati
333 2648 448 2686 luxus
471 2648 594 2698 gratia
612 2656 651 2686 et
666 2650 862 2700 copiarum
878 2658 990 2702 parat
1004 2651 1159 2699 Midias,
1178 2652 1284 2690 haud
1304 2654 1383 2691 scio
1397 2654 1489 2704 quid
1508 2667 1553 2692 ea
1567 2669 1638 2706 po-

181 2711 276 2763 pulo
293 2711 456 2761 prosint.
496 2709 749 2748 Insolentiam
769 2725 859 2749 vero
884 2712 1002 2759 illius,
1025 2715 1136 2764 cujus
1163 2714 1223 2750 hae
1244 2728 1304 2751 res
1330 2714 1364 2751 ei
1389 2728 1508 2753 causa
1538 2724 1639 2765 sunt,

181 2774 220 2811 in
242 2772 386 2810 multos
413 2778 449 2809 et
480 2771 673 2822 proximos
696 2785 870 2823 quosque
894 2782 1064 2812 vestrum
1090 2774 1309 2812 redundare
1339 2775 1462 2813 video.
1511 2777 1642 2819 Quare

182 2833 378 2873 talia,non
408 2845 558 2883 semper
589 2831 818 2871 honoranda
847 2841 952 2881 sunt,
982 2848 1107 2885 neque
1140 2834 1383 2874 admirationi
1413 2836 1521 2875 vobis
1552 2852 1638 2879 esse

184 2894 340 2941 debent,
360 2907 482 2944 neque
512 2893 753 2944 splendorem
775 2895 865 2934 hinc
890 2896 1072 2934 aestimari
1101 2896 1292 2944 convenit,
1325 2897 1356 2935 si
1387 2898 1472 2949 quis
1491 2902 1641 2952 magni-
