1923 3149
282 92 334 130 96
803 90 1118 130 PHILIPPICA
1145 91 1221 130 111.

283 194 477 239 Quoniam
507 192 608 232 enim
627 205 715 233 cum
734 206 812 232 uno
831 193 1000 243 homine,
1021 207 1099 233 non
1127 206 1215 233 cum
1243 194 1464 233 constitutae
1491 194 1653 234 civitatis
1679 196 1735 234 vi-

282 255 386 293 ribus
410 253 556 292 bellum
579 261 651 302 est,
680 268 728 293 ne
753 255 827 294 hoc
859 256 1016 306 quidem
1037 269 1108 294 usu
1135 269 1206 294 suo
1231 263 1350 304 caret,
1378 269 1504 307 neque
1530 257 1737 308 superioris

282 316 372 353 anni
387 315 599 367 legationes
614 317 651 353 in
672 316 984 368 Peloponnesum
1004 317 1079 355 illae
1099 317 1253 355 fuerunt
1271 317 1385 354 irritae
1404 330 1530 368 neque
1558 318 1735 357 crimina-

279 376 416 422 tiones,
446 390 542 428 quas
570 390 644 428 ego
673 386 711 416 et
738 377 968 429 Polycuctus
988 379 1155 430 optimus
1184 378 1247 417 ille
1270 378 1326 416 vir
1354 385 1393 416 et
1421 378 1668 430 Hegesippus
1697 386 1737 417 et

283 439 546 478 Clitomachus
567 447 606 478 et
625 439 831 492 Lycurgus
852 448 891 478 et
909 440 972 478 alii
991 440 1109 492 legati
1127 440 1442 486 circumtulimus,
1465 440 1603 490 quibus
1622 442 1736 479 rebus

281 500 494 547 effecimus,
513 507 555 539 ut
574 501 637 540 ille
656 515 830 553 represso
850 502 995 554 impetu
1020 516 1092 540 nec
1113 502 1357 541 Ambraciam
1382 501 1580 540 invaderet
1599 514 1671 540 nec
1698 503 1737 540 in

282 562 596 614 Peloponnesum
611 563 782 602 irrueret.
812 564 914 602 Illud
926 571 1056 602 autem
1069 577 1147 602 non
1165 564 1267 610 dico,
1290 564 1321 602 si
1342 564 1416 615 ipsi
1434 563 1527 601 nihil
1546 563 1648 615 quod
1668 577 1738 603 ne-

282 637 390 664 cesse
406 631 468 662 est
485 637 553 675 pro
572 624 766 663 nobismet
783 625 874 676 ipsis
894 638 1008 676 agere
1023 625 1198 672 velimus,
1219 625 1314 664 alios
1333 638 1420 664 esse
1438 625 1710 664 convocandos
1727 638 1738 664 ε

281 686 424 725 etenim
454 685 663 724 absurdum
681 686 806 734 fuerit,
825 693 868 725 ut
886 688 952 738 qui
980 687 1053 739 ipsi
1075 700 1146 726 sua
1165 687 1362 734 deserunt,
1387 687 1512 725 aliena
1538 700 1581 726 se
1605 700 1739 726 curare

283 748 547 798 profiteantur,
575 755 615 786 et
633 747 725 785 dum
743 748 949 799 praesentia
974 747 1189 799 negligunt,
1208 762 1334 787 rerum
1351 747 1567 786 futurarum
1591 755 1738 787 metum

282 809 367 848 aliis
379 816 610 860 proponant.
640 809 730 848 Non
749 809 835 848 dico
852 810 952 857 haec,
972 810 1039 849 sed
1062 811 1398 849 Chersonesitanis
1416 810 1601 849 militibus
1620 823 1739 862 pecu-

282 871 387 908 niam
406 869 493 909 dico
522 884 608 909 esse
635 870 861 909 mittendam
889 879 928 910 et
959 872 1033 910 alia
1057 885 1298 923 quaecunque
1321 872 1521 923 postulant
1546 871 1738 919 facienda,

279 932 354 984 ipsi
374 938 503 971 autem
517 945 588 971 nos
607 933 841 971 instruamur
859 939 898 971 et
914 933 1122 983 fungamur
1140 934 1268 972 officio
1283 933 1405 984 primi,
1426 946 1472 972 ac
1485 940 1568 972 tum
1583 932 1741 972 demum

282 999 444 1031 caeteros
465 993 626 1032 Graecos
650 1006 923 1041 convocemus,
955 1006 1250 1045 congregemus,
1282 993 1508 1042 doceamus,
1533 994 1740 1034 admonea-

280 1067 392 1093 mus:
423 1054 512 1092 haee
529 1061 620 1092 sunt
638 1054 803 1093 civitatis
821 1061 930 1094 tanta
947 1054 1122 1107 praeditae
1143 1055 1346 1106 dignitate,
1367 1063 1555 1107 quantam
1573 1070 1642 1096 vos
1669 1058 1740 1095 ob-

280 1115 427 1154 tinetis.
458 1116 575 1160 Quod
594 1117 627 1154 si
647 1116 925 1156 Chalcidenses
946 1117 1090 1168 putatis
1110 1117 1305 1156 Graeciam
1324 1124 1540 1156 servaturos
1566 1125 1634 1156 aut
1653 1118 1740 1158 Me-

281 1191 476 1229 garenses,
495 1191 642 1229 vosque
661 1178 809 1217 interea
825 1179 976 1218 labores
996 1178 1235 1230 defugeritis‚
1254 1192 1333 1217 non
1350 1185 1455 1218 recte
1473 1179 1619 1230 putatis
1635 1192 1644 1217 :
1677 1192 1740 1218 sa-

283 1239 332 1278 tis
351 1239 451 1278 enim
466 1240 647 1291 praeclare
666 1253 753 1279 cum
771 1240 843 1278 illis
858 1241 996 1292 agitur,
1015 1241 1047 1278 si
1063 1254 1174 1279 suam
1198 1241 1361 1292 quisque
1380 1247 1534 1279 tueatur
1558 1242 1739 1285 salutem.

283 1302 405 1339 Vobis
425 1300 465 1339 id
481 1308 543 1355 est
561 1302 768 1353 agendum.
805 1302 925 1340 Vobis
954 1301 1115 1354 majores
1137 1302 1256 1340 vestri
1275 1315 1417 1340 munus
1444 1302 1496 1348 id,
1524 1315 1592 1353 per
1619 1301 1742 1341 multa

284 1369 325 1401 ct
342 1362 528 1414 praeclara
545 1370 584 1401 et
603 1376 746 1415 magna
764 1363 986 1402 discrimina
1003 1370 1167 1415 partum,
1185 1363 1434 1415 reliquerunt.
1469 1364 1548 1401 Sed
1567 1364 1600 1403 si
1619 1376 1741 1402 unus-

283 1424 448 1476 quisque
468 1425 574 1476 quod
593 1425 699 1476 cupit
729 1425 769 1463 id
788 1425 987 1476 requirens
1013 1425 1176 1472 sedebit,
1204 1433 1244 1464 et
1272 1425 1348 1464 hoc
1369 1425 1562 1477 spectabit
1579 1438 1628 1463 ne
1646 1425 1741 1477 quid

284 1486 356 1524 sibi
374 1485 513 1524 laboris
533 1486 764 1537 capiendum
793 1487 855 1535 sit,
875 1487 1039 1538 primum
1059 1499 1257 1538 nunquam
1286 1499 1352 1525 eos
1381 1487 1550 1525 inveniet
1566 1487 1633 1537 qui
1658 1499 1740 1526 rem

286 1553 437 1599 gerant,
458 1547 598 1586 deinde
616 1553 761 1595 metuo,
789 1560 839 1585 ne
866 1560 946 1586 una
964 1549 1104 1595 omnia,
1124 1561 1212 1599 quae
1237 1548 1431 1594 nolumus,
1451 1547 1578 1587 facere
1605 1548 1656 1587 sit
1673 1561 1741 1587 ne-

287 1621 412 1646 cesse.
444 1608 564 1660 [Nam
583 1609 615 1647 si
639 1609 705 1660 qui
730 1615 872 1657 essent,
893 1610 957 1660 qui
978 1622 1046 1659 pro
1065 1610 1163 1647 nobis
1182 1616 1347 1661 agerent,
1363 1610 1446 1661 jam
1474 1610 1567 1648 olim
1594 1609 1741 1649 inventi

284 1678 433 1721 essent,
452 1684 540 1709 cum
558 1671 653 1709 nihil
671 1671 745 1723 ipsi
764 1684 878 1722 agere
898 1671 1083 1710 velimus:
1113 1672 1182 1710 sed
1201 1685 1279 1710 non
1298 1672 1419 1721 sunt]

343 1734 404 1771 16.
435 1733 519 1783 Ego
548 1733 663 1784 igitur
682 1734 767 1772 haec
787 1733 887 1780 dico,
913 1733 998 1772 haec
1018 1734 1210 1772 decerno:
1240 1741 1278 1772 et
1292 1740 1386 1785 puto
1409 1746 1514 1772 nunc
1542 1732 1658 1771 etiam
1677 1746 1739 1772 res

283 1809 397 1848 posse
410 1796 619 1843 emendari,
636 1795 668 1834 si
685 1796 771 1835 haec
790 1798 897 1835 fiant.
927 1797 968 1835 Si
984 1798 1069 1848 quis
1089 1803 1217 1835 autem
1229 1796 1287 1834 his
1302 1796 1436 1834 melius
1448 1795 1594 1847 aliquid
1608 1796 1740 1843 habet,

285 1857 393 1896 dicat
406 1865 443 1896 et
460 1858 633 1897 suadeat.
664 1858 781 1903 Quod
793 1866 920 1898 autem
938 1858 1046 1899 vobis
1065 1860 1270 1913 probatum
1287 1859 1414 1909 fuerit,
1433 1858 1473 1897 id
1492 1870 1624 1898 omnes
1644 1857 1740 1897 deos

286 1932 367 1968 oro,
381 1919 472 1958 felix
490 1919 739 1973 faustumque
758 1920 820 1960 sit.
