1923 3149
542 160 598 197 IN
630 160 938 197 ONETOREM
972 159 1124 197 UNDE
1156 161 1208 197 Vl
1242 161 1271 196 1.
1557 165 1633 200 503

184 262 312 299 statim
342 261 539 300 dederint:
571 275 658 301 curn
679 270 716 301 et
741 262 948 301 Timocrati
969 275 1030 299 res
1057 264 1106 300 sit
1125 262 1287 313 amplius
1316 263 1451 300 decem
1473 262 1634 300 talento-

183 336 281 369 rum,
302 331 340 362 et
369 324 526 363 Onetori
560 325 646 376 plus
677 338 792 375 quam
825 324 993 374 triginta,
1015 337 1134 373 quare
1166 337 1243 362 non
1272 332 1424 375 propter
1451 324 1527 362 hoc
1560 336 1637 361 non

182 386 311 422 statim
345 394 605 424 numerarunt.
665 388 803 437 Neque
840 399 928 424 vero
962 386 1075 422 etiarn
1112 388 1380 435 possessiones
1427 387 1478 425 eis
1517 393 1636 430 erant,

182 447 346 495 pecunia
364 461 534 497 praesens
560 461 638 485 non
664 456 759 492 erat,
781 460 905 498 neque
928 447 1063 483 mulier
1084 446 1382 492 viduarvivcbat,
1404 456 1446 485 ut
1475 449 1549 485 ista
1571 461 1636 485 ac·

182 507 393 546 celerarent
413 508 542 547 dotem
562 522 638 546 non
653 509 766 546 simul
788 514 1049 545 numerantes:
1081 520 1168 544 nam
1186 514 1224 544 et
1244 509 1391 557 argenti
1411 522 1485 545 non
1503 521 1636 559 parum

181 568 220 606 hi
241 569 322 606 aliis
344 569 393 607 ad
419 583 573 607 usuram
604 570 711 614 dant,
746 576 784 607 et
816 568 1012 606 mulierem
1041 569 1372 606 matremfamilias
1406 570 1532 607 adhuc
1566 582 1636 606 nec

182 628 275 666 dum
288 642 311 667 a
327 629 546 668 Timocrate
562 629 758 667 dimissam
775 627 988 673 elocarunt,
1010 642 1128 679 quare
1145 642 1191 666 ne
1207 629 1238 666 is
1253 629 1408 679 quidem
1430 637 1638 679 praetcxtus

182 703 313 728 eorum
327 690 415 741 jure
443 692 491 729 ab
511 691 591 728 ullo
611 691 846 729 admittetur.
904 690 992 728 Jam
1025 690 1121 728 illud
1150 690 1277 735 etiam,
1298 690 1472 735 Judices,
1504 703 1637 727 omnes

181 751 456 795 confiteamini,
485 751 521 789 in
555 752 622 789 tali
653 759 854 790 contractu
883 752 1057 802 quemvis
1080 752 1192 789 malle
1223 752 1342 789 cuivis
1371 752 1478 790 alteri
1499 752 1637 790 debere

179 812 322 862 potius,
341 825 457 863 quam
486 813 591 850 affini
612 813 740 851 dotem
762 826 916 864 prorsus
937 827 1014 851 non
1036 813 1210 851 reddere.
1268 813 1351 850 Nisi
1373 814 1474 851 enirn
1501 813 1639 863 aliquis

180 871 400 911 dissolverit
418 874 460 911 fit
480 874 630 912 debitor
654 874 703 911 de
731 887 807 924 quo
838 874 1028 912 incertum
1055 880 1127 920 est,
1147 880 1275 911 utrum
1293 875 1397 912 bona
1418 874 1492 911 fide
1511 874 1639 911 reddi-

180 941 290 972 turus
310 935 360 973 sit
379 948 451 973 nec
470 948 542 974 ne:
573 936 633 974 sin
667 949 744 973 una
772 949 860 973 cum
889 936 1049 973 muliere
1078 936 1209 973 dotem
1240 936 1449 973 numerarit
1472 948 1638 980 omnem,

179 997 421 1035 necessarius
455 1004 492 1036 et
524 997 663 1036 affinis.
722 998 823 1035 Nam
859 998 921 1035 ubi
944 1011 989 1035 ea
1018 1011 1105 1048 quae
1140 997 1272 1035 decuit
1301 996 1432 1034 omnia
1464 996 1640 1046 praestitit

179 1058 284 1095 omni
305 1057 525 1108 suspicione
545 1058 740 1102 liberatur,
763 1058 936 1109 proinde,
957 1071 1046 1096 cum
1069 1059 1123 1096 ita
1153 1071 1194 1096 se
1223 1071 1282 1096 res
1305 1057 1462 1103 habeat,
1481 1064 1520 1094 et
1544 1057 1638 1095 istos

177 1117 273 1156 nihil
302 1119 458 1156 omnino
479 1132 612 1157 eorum
639 1133 729 1169 quae
750 1119 828 1156 dixi
851 1119 991 1157 debere
1018 1120 1190 1170 coegerit
1209 1132 1254 1157 ac
1275 1119 1347 1170 ipsi
1373 1133 1421 1157 ne
1451 1118 1643 1155 voluerint

179 1180 349 1232 quidem,
384 1181 458 1218 alia
489 1194 619 1226 causa,
640 1194 709 1217 cur
743 1194 820 1218 non
853 1182 1106 1226 reddiderint,
1140 1181 1216 1220 dici
1250 1182 1359 1219 nulla
1386 1188 1540 1232 potest:
1571 1180 1640 1218 sed

177 1242 280 1280 hanc
299 1255 384 1280 esse
411 1253 569 1279 causam
596 1253 757 1278 necesse
789 1247 862 1285 est,
882 1248 1039 1290 propter
1059 1255 1174 1290 quam
1207 1243 1370 1280 reddere
1403 1242 1534 1280 dotem
1562 1254 1639 1279 non

178 1302 263 1341 ausi
283 1303 448 1340 fuerunt.

232 1365 272 1402 5.
303 1363 388 1414 Ego
419 1363 536 1414 igitur
567 1369 679 1401 extra
705 1364 1003 1401 controversiam
1030 1364 1114 1402 haec
1140 1365 1194 1403 ita
1212 1366 1347 1416 probo.
1406 1363 1641 1402 Reddidisse

177 1431 307 1464 autem
327 1437 374 1462 ne
388 1430 524 1475 postea
539 1424 710 1476 quidem,
726 1425 810 1475 ipsa
826 1438 953 1462 rerum
968 1431 1165 1476 gestarum
1183 1425 1279 1464 serie
1298 1438 1359 1463 me
1376 1425 1489 1463 facile
1509 1431 1639 1462 osten-

179 1499 310 1525 surum
342 1485 520 1524 confido:
550 1491 593 1522 ut
624 1484 735 1523 vobis
766 1485 1015 1537 perspicuum
1041 1487 1120 1532 fiat,
1141 1487 1214 1524 etsi
1235 1499 1312 1523 non
1340 1486 1398 1522 his
1431 1486 1479 1523 de
1510 1486 1641 1524 causis

179 1548 311 1601 dotem
343 1547 601 1592 retinuissent,
625 1546 695 1584 sed
729 1553 931 1599 argentum
967 1547 1178 1585 dissolvere
1205 1547 1379 1585 celeriter
1409 1546 1639 1592 voluissent,

178 1622 378 1661 nunquam
413 1608 534 1647 fuisse
567 1607 800 1660 reddituros,
828 1621 955 1659 neque
983 1622 1006 1646 a
1034 1622 1075 1646 se
1109 1609 1332 1647 amissuros.
1389 1608 1513 1645 Tanta
1533 1608 1571 1645 in
1594 1620 1639 1645 eo

178 1670 334 1721 negotio
355 1682 462 1709 mora
491 1676 582 1707 sunt
612 1669 798 1720 impediti.
857 1669 1064 1706 Biennium
1091 1669 1191 1707 enim
1224 1668 1444 1707 intercessit
1475 1668 1640 1714 interim,

179 1732 273 1770 dum
291 1727 332 1770 et
348 1731 486 1769 mulier
513 1730 801 1769 materfamilias
820 1730 907 1777 fuit,
928 1738 967 1768 et
986 1730 1048 1768 isti
1068 1743 1153 1768 eam
1173 1730 1398 1768 discessisse
1430 1729 1637 1767 dixerunt:

178 1805 270 1831 nam
302 1806 389 1831 cum
410 1791 595 1842 Polyzelo
612 1798 776 1842 praetore
798 1805 930 1829 mense
952 1792 1058 1829 Maio
1078 1792 1285 1842 nupsisset,
1308 1791 1514 1829 divortium
1543 1790 1638 1828 scri-

177 1860 288 1905 ptum
303 1859 363 1892 est
379 1859 542 1904 praetore
557 1852 773 1890 Timocrate
788 1866 920 1890 mense
937 1852 1158 1891 Decembri.
1191 1853 1275 1903 Ego
1293 1865 1381 1890 vero
1401 1852 1528 1890 statim
1548 1859 1639 1903 post

177 1916 331 1967 nuptias
352 1922 506 1966 sumpta
520 1914 617 1957 yirili
637 1921 744 1965 toga,
763 1914 946 1952 accusavi
965 1922 1004 1952 et
1024 1915 1193 1953 rationes
1222 1914 1403 1965 poposci:
1434 1921 1486 1960 et,
1508 1915 1634 1952 omni-

177 1979 251 2016 bus
282 1976 450 2015 fortunis
486 1975 690 2021 fraudatis,
725 1975 917 2024 judicium
951 1976 1116 2027 adeptus
1155 1989 1239 2013 sum
1280 1975 1420 2012 eodem
1456 1982 1637 2026 praetore.

178 2039 347 2090 Tempus
373 2044 502 2076 autem
521 2037 597 2075 hoc
618 2037 791 2075 debitum
811 2037 967 2087 quidem
999 2037 1167 2074 admittit
1185 2050 1234 2075 ex
1254 2043 1384 2088 pacto,
1408 2037 1476 2075 sed
1497 2037 1638 2075 solutio

178 2099 283 2139 credi
301 2113 377 2138 non
397 2105 547 2151 potest:
577 2111 666 2137 nam
687 2098 752 2150 qui
774 2097 960 2149 principio
974 2104 1180 2149 propterea
1199 2098 1339 2135 debere
1355 2097 1475 2135 voluit
1495 2104 1534 2135 et
1545 2097 1637 2136 dare

172 2154 349 2208 usuram,
368 2168 483 2200 utne
514 2161 586 2199 dos
616 2174 693 2199 una
720 2173 809 2199 cum
835 2159 992 2210 reliquis
1024 2159 1138 2197 bonis
1170 2159 1461 2210 periclitaretur,
1498 2160 1530 2197 is
1559 2173 1636 2210 quo

179 2230 295 2276 pacto
314 2222 482 2262 reddidit
506 2222 561 2259 illi
578 2223 661 2272 jam
691 2228 885 2267 accusato,
907 2221 984 2272 qui,
1002 2221 1032 2258 si
1051 2221 1155 2272 prius
1175 2220 1416 2266 credidisset,
1439 2229 1520 2258 tum
1540 2221 1636 2259 reci-

177 2299 270 2338 pere
286 2284 525 2324 studuisset?
556 2284 631 2322 Cui
649 2284 723 2322 hoc
741 2283 1053 2335 persuadebitur,
1074 2282 1097 2319 J
1104 2281 1258 2321 udices?
1292 2281 1482 2333 Nupsisse
1504 2290 1635 2320 autem

177 2347 375 2386 mulierem
408 2359 454 2385 eo
492 2359 567 2398 quo
600 2345 678 2383 dixi
711 2352 896 2397 ternpore,
917 2351 957 2383 et
983 2344 1130 2382 interea
1161 2343 1342 2394 temporis
1370 2343 1636 2381 intercessisse

180 2408 482 2446 controversiam
517 2407 617 2445 inter
635 2419 722 2453 nos,
744 2420 881 2457 meque
908 2413 1047 2458 postea
1060 2405 1251 2457 judicium
1271 2418 1357 2443 esse
1377 2404 1577 2456 adeptum,
1598 2412 1637 2443 et

177 2470 272 2508 istos
293 2470 498 2508 divortium
519 2469 568 2507 ad
593 2475 798 2521 praetorem
817 2468 1006 2513 retulisse,
1027 2468 1083 2505 uti
1113 2473 1280 2514 constet,
1308 2465 1531 2517 singulatim
1550 2466 1635 2503 haec

176 2531 396 2570 testimonia
413 2531 543 2570 recita.

721 2674 1082 2713 TESTIMONIA.

178 2770 281 2811 Huic
314 2770 429 2821 igitur
462 2771 500 2807 in
532 2777 701 2821 praetura
732 2752 923 2827 successit
951 2770 1255 2821 Cephisodotus,
1278 2767 1418 2806 Chion.
1459 2766 1540 2804 Sub
1561 2765 1632 2804 hos

179 2831 359 2872 accusavi
380 2838 530 2882 sumpta
548 2831 644 2868 virili
663 2837 781 2882 toga:
806 2831 997 2882 judicium
1016 2845 1107 2871 vero
1126 2829 1290 2881 adeptus
1311 2828 1485 2870 sumsuh
1504 2827 1633 2866 Timo-

180 2898 294 2929 crate.
353 2891 458 2942 Cape
478 2891 552 2929 hoc
574 2890 847 2929 testimonium.
