1923 3149
358 223 430 257 152
705 219 776 256 DE
806 218 1042 258 FOEDERE
1072 218 1455 258 ALEXANDREO.

349 321 571 372 graviorem,
593 321 696 371 quod
722 321 905 360 famulum
926 335 1036 361 nemo
1055 323 1184 361 volens
1199 323 1362 366 occidit;
1393 336 1479 360 cum
1498 325 1696 375 tyrannide
1715 337 1783 376 op-

346 394 497 431 pressos
519 394 594 419 non
614 381 727 419 modo
745 382 888 420 indicta
907 396 1026 421 causa
1043 384 1175 433 perimi
1194 383 1404 429 videamus,
1432 384 1501 422 sed
1521 397 1652 423 eorum
1671 385 1784 424 etiam

349 455 485 481 uxores
500 450 539 481 et
558 443 693 481 liberos
713 444 762 481 ad
782 438 913 495 stupra
929 445 1202 482 contumeliose
1224 444 1319 495 rapi.

399 506 435 540 3.
466 504 681 542 Alexander
708 513 834 543 autem
854 513 986 544 contra
999 505 1268 557 jusjurandum
1294 505 1333 543 in
1360 507 1552 543 communi
1579 520 1674 557 pace
1699 520 1784 558 per.

346 564 541 615 scriptum,
563 565 746 604 Philiadae
766 566 890 604 liberis
910 568 974 617 qui
1002 567 1150 618 tyranni
1179 574 1267 604 sunt
1295 567 1512 604 Messenam
1539 568 1782 613 reducendis,

347 627 516 678 nunquid
548 627 704 678 justitiae
735 628 918 665 rationem
954 627 1111 666 habuit?
1140 640 1183 665 ac
1212 640 1287 665 non
1316 629 1441 679 potius
1479 641 1549 666 suo
1586 629 1783 679 tyrannico

345 701 447 726 more
476 701 579 734 usus,
610 696 690 727 tum
717 702 784 727 vos
808 696 885 726 tum
913 691 1130 740 pactionem
1156 702 1394 727 communem
1414 703 1480 740 pro
1509 690 1625 728 nihilo
1648 690 1784 728 duxit?

348 749 493 787 Annon
518 762 620 794 vero,
647 749 677 786 si
700 750 783 800 quis
802 750 908 787 vobis
933 763 1017 788 eam
1038 751 1301 789 necessitatem
1332 752 1514 802 imponat,
1540 750 1784 801 iniquissimis

342 810 440 848 ferre
460 811 591 848 animis
607 810 823 861 oportebit?
855 811 920 848 Sin
940 811 1030 850 alibi
1055 825 1216 862 usquam
1226 812 1497 862 jusjurandum
1516 813 1624 850 vobis
1647 812 1782 850 datum

341 872 514 918 violetur,
534 872 623 910 boni
641 873 919 911 consulendum
938 874 1021 919 erit,
1040 873 1180 911 omissa
1198 873 1422 911 defensione
1450 873 1626 911 foederis:
1656 886 1783 924 neque

343 946 458 984 quum
477 933 631 983 quidam
651 934 712 971 hic
731 947 799 972 vos
821 934 976 972 incitent
1003 940 1045 971 ut
1062 933 1186 972 foedus
1203 935 1372 980 servetis,
1393 941 1501 971 tanta
1518 934 1672 972 licentia
1690 947 1782 972 con-

343 994 520 1032 cedenda
539 994 611 1033 illis
631 1001 689 1032 est
707 1008 730 1032 a
758 996 895 1045 quibus
915 995 968 1033 ita
985 995 1113 1046 palam
1134 995 1316 1033 violatum
1344 994 1427 1032 est?
1458 995 1554 1032 Haec
1584 995 1683 1032 enim
1713 995 1783 1033 ad-

343 1055 440 1093 mitti
471 1068 710 1106 nequaquam
730 1062 905 1106 possunt,
934 1056 965 1093 si
986 1056 1052 1106 jus
1072 1055 1230 1105 exsequi
1258 1054 1408 1093 velitis:
1439 1068 1526 1092 nam
1550 1055 1644 1093 illud
1667 1056 1781 1093 etiam

340 1116 379 1153 in
395 1116 537 1154 foedere
558 1123 619 1154 est
636 1116 882 1167 adscriptum,
898 1122 941 1154 ut
954 1129 1022 1167 pro
1040 1116 1151 1153 hoste
1163 1115 1433 1166 habeatur‚qui
1451 1115 1543 1153 talia
1561 1116 1680 1166 egerit
1689 1129 1784 1166 qua-

341 1178 392 1214 lia
406 1177 533 1216 studio
555 1178 624 1215 sibi
643 1178 759 1215 habet
773 1177 1004 1223 Alexander,
1025 1177 1073 1215 ab
1094 1176 1268 1215 omnibus
1284 1176 1326 1214 iis
1346 1177 1409 1227 qui
1423 1189 1517 1227 pace
1532 1177 1781 1228 comprehen-

341 1239 496 1283 duntur,
524 1239 554 1276 is
581 1245 696 1289 atque
727 1252 885 1289 regnum
917 1239 1014 1289 ejus,
1042 1246 1160 1289 utque
1189 1251 1321 1276 omnes
1350 1239 1474 1288 ipsum
1506 1239 1606 1276 bello
1634 1245 1781 1289 petant.

342 1300 485 1343 Quare,
514 1300 544 1337 si
564 1312 610 1338 ea
627 1313 712 1349 quae
734 1312 946 1338 convenere
966 1312 1115 1337 servare
1134 1299 1324 1344 volumus,
1344 1299 1509 1337 hostium
1530 1312 1685 1337 numero
1711 1299 1780 1337 ha-

338 1362 514 1400 bebimus
529 1375 617 1399 eum
636 1362 701 1411 qui
719 1368 902 1413 tyrannos
921 1361 1084 1399 restituit
1100 1374 1110 1398 t
1141 1367 1179 1398 at
1197 1374 1287 1398 vero
1308 1360 1437 1398 dicent
1454 1361 1513 1398 isti
1532 1367 1778 1413 tyrannorum

338 1422 511 1469 studiosi,
531 1422 715 1460 Philiadae
735 1422 873 1460 liberos
894 1430 1090 1474 propterea
1117 1422 1221 1473 quod
1241 1422 1461 1468 Messeniis,
1482 1430 1681 1472 antequam
1705 1422 1777 1459 foe-

339 1484 411 1522 dus
431 1484 617 1530 feriretur,
638 1484 867 1535 imperarint‚
887 1484 1081 1521 restitutos
1103 1485 1149 1521 ab
1167 1483 1397 1521 Alexandro.
1443 1483 1523 1521 Sed
1543 1483 1702 1521 ridicula
1720 1491 1780 1522 est

334 1548 399 1585 illa
416 1548 524 1592 ratio,
556 1560 674 1598 quum
694 1546 820 1584 Lesbii
845 1545 998 1596 tyranni
1025 1545 1101 1583 sint
1130 1546 1240 1596 ejecti
1262 1545 1419 1583 Antissa
1437 1553 1475 1583 et
1505 1546 1676 1590 Haereso,
1709 1545 1777 1582 da-

337 1616 467 1647 mnata
492 1609 572 1659 ipsa
596 1608 880 1659 gubernationis
901 1607 1022 1644 forma
1049 1613 1092 1644 ut
1113 1606 1264 1657 injusta,
1288 1606 1352 1656 qui
1381 1614 1467 1644 ante
1491 1606 1615 1643 foedus
1646 1613 1684 1643 et
1705 1606 1777 1657 ipsi

334 1671 518 1709 dominati
547 1678 658 1708 sunt:
689 1670 884 1707 Messenae
903 1668 1121 1706 tolerandos
1143 1681 1239 1715 esse,
1267 1681 1354 1706 cum
1375 1668 1552 1719 utrinque
1577 1668 1626 1706 sit
1644 1667 1776 1706 eadem

337 1732 558 1784 indignitas.

389 1797 428 1831 4.
459 1794 608 1832 Deinde
628 1800 666 1832 et
685 1792 808 1831 foedus
834 1794 960 1831 statim
981 1794 1027 1830 ab
1043 1792 1149 1830 initio
1171 1792 1208 1830 G
1225 1805 1391 1830 raecos
1420 1791 1591 1828 libero
1608 1804 1625 1828 s
1657 1803 1776 1830 esse

340 1869 356 1892 s
369 1869 392 1891 u
408 1856 515 1904 isqu
528 1867 548 1891 e
596 1854 678 1891 viv
692 1867 712 1891 e
725 1867 741 1891 r
754 1867 774 1891 e
811 1854 855 1892 le
868 1854 916 1904 gi
931 1855 955 1891 b
970 1867 994 1891 u
1007 1867 1023 1890 s
1055 1854 1180 1904 jubet.
1259 1853 1363 1895 Quid
1412 1852 1524 1902 igitur
1562 1852 1776 1897 absurdius,

337 1929 451 1966 quam
471 1921 587 1965 caput
606 1914 654 1951 de
674 1913 849 1951 libertate
870 1914 1107 1959 Graecorum,
1126 1914 1336 1964 principem
1358 1919 1484 1950 tenere
1503 1913 1630 1950 locum
1649 1912 1686 1949 in
1707 1913 1777 1950 foe-

338 1977 442 2020 dere,
465 1982 503 2013 et
521 1974 728 2012 existimari
748 1975 851 2011 illum
871 1976 934 2025 qui
953 1975 1108 2012 eosdem
1135 1975 1315 2012 servitute
1339 1973 1529 2024 opprimit,
1555 1973 1646 2011 nihil
1671 1986 1776 2011 com-

337 2037 515 2075 munibus
535 2035 657 2086 pactis
680 2034 816 2072 fecisse
834 2036 1078 2072 contrarium.
1117 2035 1242 2078 Quare
1262 2048 1418 2073 necesse
1436 2035 1634 2081 habemus,
1655 2034 1774 2072 Athe-

337 2098 504 2143 nienses,
525 2096 555 2134 si
575 2095 690 2133 modo
709 2094 823 2133 fidem
844 2096 1079 2133 servabimus
1098 2103 1136 2133 et
1149 2096 1335 2146 justitiam
1361 2096 1677 2146 colemus,—quo
1703 2108 1774 2134 nos

336 2159 396 2196 isti
412 2165 563 2202 vocant,
574 2164 616 2194 ut
630 2156 744 2194 modo
763 2156 1000 2201 dicebam—,
1017 2156 1197 2207 correptis
1212 2157 1322 2194 armis
1337 2157 1568 2207 adscitisque
1587 2155 1699 2194 sociis
1739 2157 1775 2194 ui

335 2220 469 2258 volunt
498 2218 703 2269 foedifragis
736 2219 872 2256 inferre
896 2218 1061 2256 bellum:
1092 2232 1139 2255 an
1168 2232 1256 2256 vero
1285 2232 1370 2256 cum
1399 2218 1538 2269 putetis
1565 2170 1773 2269 aliquadilo

334 2282 454 2331 ipsam
468 2280 705 2318 occasionem
721 2279 862 2324 valere,
878 2292 921 2317 ac
937 2279 1187 2327 sinejustitia,
1202 2279 1240 2316 id
1256 2279 1358 2329 quod
1373 2278 1551 2328 expediat
1561 2278 1747 2316 conficere
1761 2292 1770 2322 ;

336 2355 436 2379 nunc
457 2348 655 2392 postquam
685 2347 722 2377 et
748 2340 898 2378 occasio
919 2347 958 2377 et
984 2342 1047 2390 jus
1074 2347 1112 2377 et
1139 2340 1281 2377 utilitas
1311 2353 1387 2377 una
1405 2345 1646 2384 concurrunt,
1667 2339 1772 2378 aliud

334 2402 525 2452 quoddam
546 2409 693 2451 tempus
713 2402 983 2452 exspectabitis
1012 2409 1091 2438 tum
1112 2408 1247 2438 vestrm
1267 2408 1346 2437 tum
1367 2400 1523 2450 reliquae
1544 2399 1709 2438 Graeciae
1728 2401 1772 2438 li-

333 2463 487 2501 bertatis
506 2462 772 2500 vindicandae?

386 2525 420 2561 5.
455 2525 542 2561 Jam
563 2524 610 2560 ad
636 2523 737 2561 aliud
761 2524 856 2574 juris
885 2531 998 2574 capnt
1016 2524 1141 2561 venio.
1184 2523 1374 2573 Scriptum
1405 2530 1464 2560 est
1485 2524 1521 2560 in
1551 2523 1707 2569 foedere,
1729 2524 1770 2562 si

335 2587 410 2638 qui
443 2586 762 2636 respublicas
791 2586 919 2635 apud
948 2598 1174 2635 quosque
1202 2593 1428 2635 receptas
1460 2593 1505 2622 tu
1522 2599 1570 2629 m,
1592 2586 1768 2625 cumin

335 2661 498 2699 pacem
521 2647 571 2698 ju
591 2654 780 2691 rarent,
802 2648 963 2697 abr-og
982 2647 1202 2689 averint,
1233 2659 1319 2683 cos
1348 2647 1404 2683 ab
1432 2648 1660 2685 omnibus
1700 2647 1767 2685 iis

335 2709 393 2746 ad
414 2721 531 2759 quos
557 2721 580 2758 p
597 2708 823 2744 ertineat
848 2720 956 2757 pax,
979 2720 1067 2756 pro
1094 2707 1330 2744 hostibus
1352 2720 1404 2744 es
1421 2720 1467 2744 se
1492 2707 1768 2745 habendos.

335 2771 448 2820 Agite
468 2782 555 2806 vero
571 2768 822 2813 considerato,
844 2768 1110 2813 Athenienses,
1126 2768 1290 2805 Achaeos
1309 2769 1372 2818 qui
1389 2768 1689 2819 Peloponnesum
1709 2768 1767 2806 in-

334 2832 467 2870 colunt
496 2830 632 2867 liberas
658 2830 837 2866 habuisse
865 2829 1060 2865 civitates:
1096 2837 1135 2865 at
1164 2829 1326 2867 Macedo
1360 2841 1462 2867 nunc
1491 2828 1768 2866 Pellenoeorum

332 2893 603 2942 rempublicam
620 2890 817 2941 abrogavit
832 2890 961 2939 ejectis
983 2889 1151 2940 plurimis
1168 2890 1325 2936 civibus,
1341 2891 1564 2940 illorumque
1580 2902 1671 2940 opes
1692 2903 1771 2928 ser·
1814 2911 1818 2916 ·

335 2953 389 2990 vis
410 2953 578 2995 tradidit,
601 2953 787 2990 Chaerone
808 2951 1013 3001 palaestrita
1034 2958 1192 3001 tyranno
1219 2952 1407 3002 imposito,
1459 2951 1539 2989 Nos
1557 2964 1646 2989 vero
1664 2952 1769 3002 pacis
