1923 3149
711 170 784 207 DE
813 167 1055 207 CORONA.
1531 170 1608 207 205

160 274 283 325 patria
303 286 387 312 mea
414 273 556 320 dicere,
574 273 696 324 ipsum
722 285 791 324 pro
813 271 1011 322 Philippo:
1044 282 1120 307 non
1145 270 1245 307 cnim
1264 282 1332 308 vos
1352 271 1400 308 de
1421 272 1613 310 sententia

160 336 362 372 demovere
380 342 593 381 conaretur,
621 334 693 372 nisi
724 334 811 372 talis
844 344 985 382 reapse,
1008 337 1114 368 esset
1140 336 1268 368 vestra
1294 331 1342 368 de
1362 339 1522 383 utroque
1542 346 1612 371 no-

126 402 129 404 '
159 402 279 433 strum
295 395 538 433 existimatio.
596 395 713 446 Atqui
734 394 840 432 illum
859 393 1006 443 injusta
1025 391 1166 437 dicere,
1181 404 1269 428 cum
1291 405 1360 429 vos
1381 394 1611 432 sententiam

160 469 244 495 eam
266 464 412 494 mutare
433 456 609 502 suadeat,
629 469 701 506 ego
721 455 830 493 facile
847 455 1008 499 docebo,
1026 466 1102 491 non
1124 452 1284 491 calculis
1298 452 1613 494 adhibitis—non

159 519 261 555 enim
292 519 346 556 ita
365 531 488 556 rerum
519 524 715 567 gestarum
748 515 1017 554 subducuntur
1046 514 1343 553 rationes—sed
1377 515 1613 565 singularum

159 579 353 617 actionum
372 578 556 616 memoria
573 578 737 616 breviter
756 577 928 627 repetita,
952 575 1138 626 vobisque
1163 575 1228 625 qui
1253 574 1392 612 auditis
1425 576 1614 613 rationum

155 640 352 689 judicibus
374 640 485 678 simul
505 646 544 677 et
562 639 725 677 testibus
746 637 968 688 assumptis.
1026 636 1119 674 Mea
1137 637 1239 675 enim
1259 636 1353 687 reip.
1375 636 1617 675 administra·

161 701 225 746 tio,
244 713 358 751 quam
378 702 447 738 iste
472 699 704 746 criminatur,
725 699 866 744 effecit,
884 706 929 736 ut
953 710 1022 749 pro
1051 711 1097 736 eo
1117 697 1221 748 quod
1241 697 1412 736 Thebani
1431 711 1511 736 una
1529 712 1615 737 cum

160 761 338 812 Philippo
355 762 392 798 in
412 767 583 799 nostram
595 761 790 812 regionem
807 759 1045 806 invaderent,
1064 759 1168 817 quod
1187 772 1320 798 omnes
1342 760 1616 798 existimabant

159 821 342 867 futurum,
362 821 417 859 illi
444 822 663 873 conjunctis
694 821 892 859 nobiscum
912 821 1034 871 copiis
1063 834 1149 858 eum
1177 821 1452 872 prohiberent:
1482 835 1551 872 pro
1569 835 1617 859 eo

157 883 261 933 quod
286 883 430 921 bellum
458 883 495 920 in
528 883 658 921 Attica
689 888 918 930 versaretur,
941 883 991 921 ad
1018 883 1265 933 septingenta
1294 884 1341 920 ab
1372 883 1465 920 urbe
1493 883 1619 921 stadia

159 943 198 982 in
219 945 442 983 Boeotorum
473 944 613 981 finibus
634 950 853 994 gereretur:
885 958 954 995 pro
974 957 1018 981 eo
1038 943 1141 994 quod
1170 942 1372 994 praedones
1403 956 1448 980 ex
1470 943 1619 982 Euboea

155 1006 314 1056 profecti
339 1018 410 1043 nos
445 1005 654 1056 diriperent
671 1012 943 1056 vexarentque‚
973 1011 1016 1042 ut
1041 1017 1138 1054 pace
1169 1004 1300 1041 Attica.
1331 1004 1519 1042 maritima
1552 1018 1620 1055 per

161 1080 275 1106 omne
294 1067 384 1105 belli
415 1074 562 1118 tempus
581 1066 796 1105 frueretur:
826 1080 895 1118 pro
928 1079 974 1104 eo
1007 1065 1111 1116 quod
1140 1064 1439 1115 Hellespontum
1471 1073 1622 1104 teneret

162 1128 377 1179 Philippus,
400 1129 590 1179 Byzantio
611 1136 814 1179 occupato,
835 1136 879 1166 ut
897 1127 1092 1179 conjuncti
1118 1126 1319 1164 nobiscum
1341 1128 1518 1179 Byzantii
1538 1128 1620 1166 bel-

160 1189 241 1226 lum
256 1190 288 1226 ei
311 1189 565 1227 communiter
583 1190 781 1228 inferrent.
839 1189 1026 1240 Nunquid
1045 1187 1204 1226 calculis
1224 1188 1292 1226 tibi
1319 1188 1450 1226 similis
1468 1189 1621 1227 videtur

161 1262 208 1288 ea
223 1262 310 1301 quae
329 1250 377 1287 de
397 1251 512 1288 rebus
534 1251 652 1301 gestis
674 1250 789 1288 initur
808 1250 933 1288 ratio?
963 1256 1029 1288 aut
1045 1249 1131 1286 haec
1155 1250 1346 1287 contrario
1361 1250 1509 1300 judicio
1538 1251 1621 1288 tolli

161 1318 337 1362 oportere
352 1317 477 1361 putas,
492 1319 531 1350 et
559 1325 635 1350 non
655 1312 851 1363 quomodo
873 1313 1118 1363 sempiternae
1138 1318 1415 1349 consecrentur
1429 1313 1621 1350 memoriae

162 1372 317 1411 videre?
366 1373 483 1412 Mitto
504 1374 607 1424 quod
627 1374 886 1412 crudilitatem
905 1387 1004 1420 eam,
1024 1386 1140 1424 quam
1154 1373 1374 1424 ubicunque
1394 1373 1541 1424 aliquos
1557 1387 1624 1425 pe-

163 1433 267 1472 nitus
282 1434 321 1472 in
337 1448 444 1473 suam
466 1442 700 1487 potestatem
719 1437 924 1487 redegerat
937 1435 1140 1486 Philippus
1160 1435 1268 1473 licuit
1288 1435 1623 1486 conspice1·e‚aliis

165 1497 327 1546 experiri
347 1497 522 1547 contigit,
540 1497 790 1536 humanitatis
811 1504 952 1543 autem,
969 1510 1086 1548 quam
1105 1489 1170 1534 ille
1191 1510 1280 1534 cum
1301 1497 1351 1535 ad
1365 1504 1506 1535 caetera
1524 1499 1625 1536 viam

165 1555 364 1596 affectaret
382 1558 490 1596 vobis
510 1559 600 1597 ficte
619 1561 852 1607 ostentabat,
866 1560 1014 1597 fructus
1033 1571 1101 1597 vos
1122 1559 1257 1596 merito
1278 1559 1516 1610 percepistis.

219 1620 283 1656 68.
314 1620 460 1658 Verum
482 1619 567 1659 haec
595 1621 714 1659 missa
733 1620 846 1659 facio.
903 1621 1088 1658 Attamen
1107 1620 1181 1658 hoc
1206 1620 1332 1658 dicere
1352 1634 1431 1658 non
1450 1621 1624 1668 verebor,

165 1692 266 1728 eum,
285 1681 349 1732 qui
380 1681 418 1719 in
438 1688 629 1720 oratorem
646 1682 752 1733 juste
772 1682 865 1720 velit
883 1681 1073 1733 inquirere
1104 1694 1229 1732 neque
1253 1681 1466 1719 calumnias
1501 1682 1624 1719 inten-

165 1741 270 1788 dere,
290 1755 367 1780 non
387 1755 433 1781 ea
452 1756 539 1793 quae
558 1750 599 1780 tu
626 1744 743 1782 modo
773 1744 1117 1790 commemorabas,
1135 1742 1281 1780 crimini
1314 1745 1400 1781 esse
1432 1742 1623 1790 daturum,

165 1803 341 1853 exempla
364 1804 576 1854 fingentem
604 1806 798 1856 verbaque
829 1812 869 1843 et
896 1813 1030 1856 gestus
1064 1803 1504 1851 imitantem,-—omnino
1523 1805 1624 1842 enim

166 1862 205 1899 in
225 1876 284 1910 eo,
306 1877 434 1904 nonne
464 1865 602 1904 vides?
629 1867 767 1918 positae
801 1873 894 1904 sunt
932 1866 1098 1904 fortunae
1132 1865 1308 1911 Graeciae,
1334 1865 1451 1902 illone
1481 1878 1529 1902 an
1560 1866 1625 1902 illo

166 1925 283 1962 verbo
313 1939 409 1964 usus
433 1927 517 1974 sim,
542 1928 618 1966 huc
647 1942 695 1966 an
725 1928 817 1967 illuc
847 1941 1003 1966 manum
1033 1927 1332 1978 porrexerim—-,
1352 1926 1420 1964 sed
1440 1927 1545 1978 ipsas
1564 1925 1632 1965 res

167 1985 418 2037 indagantem
445 1996 722 2039 spectaturum,
742 2004 840 2040 quas
860 1989 1066 2027 facultates
1086 2001 1260 2039 quasque
1282 1988 1412 2038 copias
1441 1995 1523 2025 tum
1556 1988 1625 2025 ha-

165 2047 275 2084 beret
291 2047 436 2089 civitas,
453 2061 541 2084 cum
576 2051 626 2086 ad
654 2051 811 2100 negotia
842 2052 916 2088 ista
949 2049 1114 2094 accessi,
1134 2061 1310 2099 quasque
1339 2061 1412 2098 ego
1437 2049 1471 2086 ei
1491 2055 1628 2099 postea

168 2119 295 2144 rerum
315 2119 409 2144 cura
429 2113 612 2156 suscepta
631 2110 897 2158 compararim,
918 2117 957 2147 et
976 2122 1053 2158 quo
1085 2108 1172 2146 loco
1201 2109 1343 2146 fuerint
1364 2122 1424 2146 res
1446 2109 1627 2147 adversa-

166 2166 333 2204 riorum:
364 2167 505 2204 deinde
531 2168 561 2204 si
581 2167 736 2217 quidem
757 2169 1033 2206 imminuissem
1064 2169 1157 2220 reip.
1178 2170 1325 2220 copias,
1344 2171 1382 2207 in
1401 2183 1463 2208 me
1484 2171 1627 2209 crimen

167 2227 311 2266 haerere
331 2229 575 2274 ostendisset,
606 2229 665 2266 sin
686 2230 850 2267 multum
884 2230 1088 2276 auxissem,
1121 2244 1197 2268 non
1226 2238 1327 2269 esset
1357 2232 1626 2272 calumniatus.

168 2290 361 2331 Quoniam
376 2296 507 2328 autem
527 2297 569 2327 tu
589 2290 664 2328 hoc
685 2290 880 2343 defugisti,
901 2304 974 2342 ego
989 2291 1151 2330 faciam:
1183 2305 1262 2338 vos,
1279 2299 1408 2330 utrum
1421 2302 1525 2332 recte
1544 2307 1628 2332 ora-

168 2350 309 2389 tionem
328 2351 540 2398 instituam,
557 2358 744 2403 spectate.

224 2411 288 2449 69.
319 2411 462 2463 Copias
483 2412 598 2463 igitur
617 2413 785 2451 habebat
804 2413 936 2452 civitas
964 2414 1170 2461 insulares,
1202 2427 1281 2453 non
1314 2416 1527 2463 universos,
1560 2417 1630 2455 sed

169 2471 416 2517 infirmiores;
447 2487 573 2525 neque
598 2475 701 2513 enim
734 2475 853 2513 Chios
879 2488 1006 2527 neque
1039 2476 1202 2514 Rhodus
1223 2490 1349 2528 neque
1370 2478 1541 2529 Corcyra
1559 2492 1628 2516 no-

170 2532 323 2570 biscum
349 2540 471 2573 erant.
528 2535 785 2575 Pecuniarum
809 2537 965 2575 collatio
997 2538 1193 2589 descripta
1222 2545 1306 2576 erat
1329 2539 1379 2576 ad
1400 2539 1565 2590 quinque
1592 2545 1631 2577 et

171 2594 429 2646 quadraginta
452 2596 622 2641 talenta3
654 2604 769 2649 atque
795 2598 880 2636 haec
908 2599 990 2649 jam
1020 2606 1108 2637 ante
1137 2606 1249 2638 erant
1285 2607 1434 2638 exacta.
1491 2599 1629 2637 Gravis

173 2662 374 2694 armaturae
395 2656 552 2695 militem
571 2665 638 2696 aut
652 2660 821 2711 equitem
841 2668 1095 2712 praeterquam
1114 2661 1305 2699 urbanum
1320 2663 1528 2698 habebamus
1541 2661 1630 2698 nul-

172 2716 265 2755 lum.
323 2718 440 2760 Quod
460 2725 587 2757 autern
607 2727 690 2759 erat
708 2722 879 2760 omnium
899 2723 1065 2761 maxime
1083 2728 1123 2761 et
1141 2723 1427 2761 formidandum
1457 2722 1568 2759 nobis
1590 2729 1630 2760 et

172 2779 347 2818 hostibus
373 2780 626 2828 utilissimum,
652 2784 896 2833 perfecerant
918 2784 983 2823 isti
1014 2791 1059 2823 ut
1084 2785 1232 2824 finitimi
1264 2797 1397 2823 omnes
1427 2783 1630 2822 inimicitiis

175 2849 305 2881 essent
330 2855 422 2893 erga
450 2856 524 2881 nos
555 2856 670 2894 quarn
703 2845 876 2884 amicitiae
906 2847 1119 2898 propiores,
1151 2847 1417 2898 Megarenses,
1445 2845 1631 2892 Thebani,

179 2902 333 2943 Euboei.
389 2904 468 2943 Res
485 2904 600 2955 igitur
620 2905 784 2946 civitatis
811 2906 887 2947 hoc
916 2915 1026 2947 erant
1051 2909 1153 2954 loco,
1172 2920 1296 2959 neque
1312 2914 1451 2958 praeter
1471 2906 1554 2945 haec
1573 2905 1631 2944 di-
