1923 3149
283 98 332 135 58
804 98 1114 138 PHILIPPICA
1151 100 1201 138 II.

282 197 395 244 iiiios,
410 199 440 235 si
460 200 542 250 quis
563 207 697 239 contra
719 201 940 253 Philippum
957 202 1101 252 aliquid
1116 202 1280 240 dixisset
1294 201 1368 239 illis
1382 203 1626 253 temporibus,
1640 215 1727 240 eum
1786 247 1791 250 ,

282 259 586 300 Anthemuntem
605 263 658 300 eis
673 263 915 309 concederet,
930 276 1043 314 quam
1057 265 1188 302 urbem
1204 263 1275 301 sibi
1287 276 1419 301 omnes
1434 264 1577 314 priores
1590 264 1728 302 Mace-

279 320 406 358 doniae
439 335 548 373 reges
579 323 876 369 vindicaverant,
907 338 994 362 cum
1015 324 1229 362 Potidaeam
1259 324 1420 362 donaret
1439 325 1728 362 Atheniensium

281 382 427 421 colonis
453 385 594 432 ejectis,
624 398 711 421 cum
732 391 771 421 et
789 392 940 423 nostras
974 385 1189 423 inimicitIas
1224 386 1305 435 ipse
1336 385 1558 435 susciperet,
1578 392 1616 423 et
1643 397 1729 435 pro-

277 445 442 483 vinciam
457 446 531 484 illis
552 447 753 484 fruendam
766 446 901 484 daret?
918 447 1103 498 Nunquid
1121 454 1366 498 exspectasse
1385 447 1438 484 ita
1457 460 1586 484 secum
1601 453 1728 485 actum

278 507 335 553 iri,
362 506 423 544 vel
451 507 630 557 cuiquam
660 507 732 544 ista
762 507 906 545 dicenti
935 508 1177 546 credituros?
1206 509 1296 546 Non
1315 507 1471 546 hercule
1491 507 1729 545 existimatis.

280 566 360 605 Sed
381 575 522 615 tamen,
542 568 710 618 inquam,
731 581 819 607 cum
848 569 987 621 exiguo
1008 576 1177 620 tempore
1198 570 1332 607 alicnae
1352 577 1459 607 terrae
1478 570 1625 607 fructus
1643 582 1729 620 per·
1784 590 1795 596 x

275 628 484 684 cepissent,
503 629 621 680 longo
654 636 792 681 suapte
824 631 1022 682 privantur
1047 633 1094 669 ab
1115 643 1174 677 eo,
1201 631 1360 682 turpiter
1390 631 1515 681 ejecti,
1544 644 1621 669 non
1639 630 1730 669 victi

276 698 428 729 tantum
455 691 525 729 sed
545 698 584 729 et
607 692 746 742 proditi
765 706 788 730 a
807 694 941 744 seipsis
973 700 1012 730 et
1041 692 1206 730 venditi:
1242 706 1366 743 neque
1392 693 1494 730 enim
1518 699 1614 730 tutae
1639 698 1729 730 sunt

273 751 401 790 liberis
419 753 635 791 civitatibus
655 753 780 791 nimiae
800 754 882 791 istae
895 767 982 791 cum
996 753 1166 804 tyrannis
1178 753 1465 792 familiaritates.
1521 753 1627 796 Quid
1642 766 1730 804 por-

273 826 317 851 ro
335 814 539 853 Thessali?
568 827 658 852 num
678 815 837 866 putatis,
857 816 1027 866 inquam,
1049 828 1138 853 cum
1158 827 1287 853 eorum
1306 822 1491 866 tyrannos
1511 815 1665 867 ejiceret
1690 821 1730 853 et

272 887 403 913 rursus
423 888 511 913 cum
531 875 707 914 Nicaeam
721 883 760 914 et
773 877 1017 927 Magnesiam
1030 877 1151 922 daret,
1162 877 1266 914 hunc
1282 878 1354 915 sibi
1372 877 1589 928 impositum
1603 877 1646 915 iri
1661 877 1729 915 de-

272 936 523 974 cemviratum
543 936 813 988 exspectasse?
835 944 902 974 aut
921 937 986 987 qui
1005 936 1178 988 Pylaeam
1196 936 1440 984 reddidisset,
1461 951 1547 975 eum
1561 938 1729 989 privatos

271 995 440 1048 ipsorum
453 997 598 1035 reditus
614 996 938 1048 intercepturum?
954 1010 1199 1048 nequaquam
1215 997 1481 1036 credidissent.
1513 997 1727 1037 Sedtameu

273 1065 483 1096 evenerunt
496 1059 583 1096 haec
596 1060 687 1097 etin
699 1060 869 1097 omnium
884 1059 1006 1097 oculis
1022 1066 1235 1097 versantur.
1291 1059 1372 1098 Vos
1388 1066 1530 1107 autem,
1556 1060 1725 1111 inquam,

272 1119 500 1170 largientem
520 1134 624 1159 nunc
655 1126 695 1159 et
723 1121 969 1172 pollicentem
999 1121 1180 1171 spectatis
1201 1120 1434 1171 Philippum,
1464 1133 1554 1159 mox
1585 1128 1728 1170 autem,

270 1188 478 1232 postquam
495 1195 563 1220 vos
582 1182 732 1233 decepit
745 1189 782 1220 et
800 1183 838 1220 in
853 1181 1031 1220 fraudem
1048 1181 1211 1228 induxit,
1234 1182 1506 1233 deprecamini,
1533 1182 1563 1220 si
1581 1184 1727 1234 sapitis,

273 1256 322 1281 ne
339 1243 516 1282 videatis.
566 1243 667 1282 Sunt
689 1244 846 1295 quidem
866 1251 980 1291 certe,
1001 1244 1170 1295 inquam,
1191 1245 1397 1296 omnigena
1416 1252 1568 1295 reperta
1596 1245 1646 1283 ad
1664 1259 1728 1288 ur-

272 1304 378 1343 bium
409 1305 627 1344 custodiam
652 1311 690 1343 et
717 1305 994 1352 defensionem,
1025 1314 1069 1344 ut
1096 1306 1198 1344 valla
1216 1312 1254 1344 et
1273 1306 1368 1344 muri
1387 1314 1426 1345 et
1444 1306 1559 1345 fossae
1581 1313 1621 1345 et
1639 1320 1728 1359 quae

272 1373 364 1404 sunt
382 1367 464 1416 ejus
486 1367 651 1417 generis.
707 1367 807 1411 Quae
826 1368 955 1406 omnia
974 1380 1089 1405 manu
1109 1369 1208 1406 fiunt
1237 1375 1276 1406 et
1296 1375 1472 1420 sumptus
1500 1369 1698 1419 postulant
1716 1382 1727 1408 :

267 1440 387 1465 unum
407 1435 536 1466 autem
554 1428 752 1478 quoddam
783 1440 984 1467 commune
1009 1428 1158 1468 animus
1177 1429 1417 1480 prudentium
1448 1431 1485 1467 in
1518 1430 1727 1482 semetipso

271 1489 444 1539 possidet
461 1489 696 1540 praesidium,
717 1490 822 1541 quod
840 1503 928 1528 cum
948 1492 1123 1528 omnibus
1151 1492 1254 1528 bono
1282 1498 1342 1528 est
1361 1498 1399 1528 et
1418 1491 1545 1538 saluti,
1567 1498 1648 1528 tum
1667 1492 1728 1530 vel

269 1550 434 1588 maxime
459 1551 584 1588 liberis
613 1551 829 1589 civitatibus
852 1557 988 1590 contra
1017 1559 1214 1602 tyrannos.
1271 1552 1478 1595 Quodnam
1495 1552 1614 1603 igitur
1631 1553 1727 1591 illud

271 1611 353 1650 est?
394 1612 631 1651 Diffidentia.
690 1613 804 1652 Hanc
843 1614 1049 1659 custodite,
1087 1613 1189 1651 hanc
1227 1613 1498 1663 amplectimini
1519 1627 1529 1657 ;
1559 1614 1661 1653 hanc
1695 1615 1728 1653 si

270 1675 561 1719 conservabitis,
601 1681 709 1712 extra
738 1688 851 1712 omne
883 1674 1097 1725 periculum
1129 1675 1248 1710 eritis.
1305 1674 1407 1714 Quid
1435 1674 1633 1724 quaeritis?
1671 1677 1729 1714 in-

269 1747 399 1784 quam.
444 1735 728 1773 Libertatatem.
765 1736 818 1773 At
838 1748 914 1772 non
936 1734 1073 1771 videtis
1089 1734 1309 1784 Philippum
1324 1733 1577 1772 alienissimas
1591 1736 1728 1776 ab‘hac

270 1797 333 1833 vel
353 1795 628 1846 appellationes
647 1794 815 1833 habere?
844 1808 911 1833 rex
929 1795 1033 1832 enim
1059 1800 1098 1832 et
1128 1802 1314 1846 tyrannus
1329 1794 1451 1832 omnis
1467 1802 1526 1832 est
1540 1795 1728 1836 libertatis

269 1856 447 1894 inimicus
474 1864 514 1895 et
531 1857 683 1907 legibus
703 1856 877 1895 infestus.
936 1856 1027 1894 Non
1047 1856 1241 1901 cavebitis,
1261 1856 1430 1906 inquam,
1451 1869 1512 1902 ne,
1533 1856 1624 1894 dum
1638 1857 1729 1896 belli

272 1919 387 1956 finem
407 1918 592 1969 quaeritis,
611 1918 808 1955 dominum
833 1917 1066 1955 inveniatis?

327 1982 365 2017 5.
394 1980 466 2017 His
484 1979 539 2017 illi
558 1979 713 2027 auditis,
729 1987 768 2019 et
786 1979 1067 2031 applaudentes
1088 1987 1132 2018 ut
1150 1988 1252 2018 recte
1267 1981 1395 2027 dictis,
1408 1987 1448 2018 et
1465 1981 1594 2020 multis
1613 1982 1727 2020 etiam

274 2041 356 2080 aliis
390 2041 625 2079 orationibus
663 2054 685 2079 a
715 2041 852 2092 legatis
886 2049 926 2092 et
944 2048 1136 2092 praesente
1165 2055 1226 2079 me
1258 2049 1296 2079 et
1318 2048 1468 2092 postea,
1499 2050 1541 2080 ut
1564 2042 1728 2091 videtur,

270 2104 413 2150 habitis,
440 2102 559 2140 nihilo
588 2101 711 2153 magis
740 2102 952 2141 avellentur
980 2115 1003 2140 a
1036 2102 1215 2153 Phillippi
1239 2103 1403 2140 amicitia
1431 2104 1589 2154 ejusque
1615 2104 1726 2155 polli-

270 2164 529 2202 citationibus.
579 2163 715 2214 Neque
743 2163 817 2202 hoc
846 2171 906 2202 est
938 2164 1163 2208 absurdum,
1194 2165 1225 2201 si
1249 2163 1432 2202 Messenii
1464 2172 1502 2201 et
1536 2164 1722 2217 Pelopon-

268 2239 410 2264 nenses
447 2225 604 2276 quidam
641 2231 775 2263 contra
817 2238 863 2263 ea
899 2238 987 2276 quae
1025 2225 1152 2263 animo
1191 2237 1277 2262 esse
1315 2225 1461 2275 optima
1488 2226 1724 2277 perspiciunt

268 2287 448 2339 [aliquid]
470 2294 599 2338 agent,
617 2287 686 2324 sed
708 2287 738 2324 si
756 2300 823 2324 vos
843 2287 907 2337 qui
923 2294 962 2324 et
981 2286 1194 2337 intelligitis
1215 2286 1286 2337 ipsi
1306 2293 1345 2323 et
1366 2299 1387 2322 e
1414 2287 1555 2324 nostris
1570 2288 1725 2326 concio-

270 2349 380 2386 nibus
401 2348 555 2395 auditis,
575 2349 682 2386 vobis
711 2348 868 2385 iusidias
889 2347 983 2394 fieri,
1012 2360 1079 2386 vos
1108 2347 1400 2393 circumvallari,
1425 2360 1471 2385 eo
1500 2349 1604 2398 quod
1632 2349 1726 2388 nihil

270 2423 374 2448 nunc
413 2409 540 2460 agitis,
584 2409 752 2454 omnino,
789 2416 831 2446 ut
867 2409 956 2446 mihi
984 2409 1146 2454 videtur,
1191 2421 1262 2446 nec
1293 2409 1496 2459 opinantes
1538 2410 1726 2460 opprime-

266 2472 383 2511 mini:
424 2471 522 2510 adeo
553 2471 673 2521 magis
701 2470 805 2508 valet
831 2483 1000 2521 praesens
1038 2470 1216 2521 voluptas
1246 2477 1285 2507 et
1313 2469 1431 2507 otium
1467 2483 1583 2520 quarn
1617 2471 1723 2522 quod

269 2535 359 2573 olim
387 2533 479 2571 utile
505 2534 555 2571 sit
577 2533 762 2571 futurum.
806 2533 862 2570 Ac
884 2533 932 2570 de
959 2532 1001 2570 iis
1032 2532 1185 2582 quidem
1208 2546 1295 2582 quae
1328 2532 1433 2569 vobis
1461 2531 1613 2583 agenda
1649 2533 1727 2571 sint

271 2596 344 2647 ipsi
375 2595 556 2646 deinceps
584 2594 742 2632 seorsim
783 2592 1055 2638 deliberabitis‚
1093 2594 1123 2630 si
1164 2593 1294 2643 sapitis
1314 2605 1322 2629 :
1366 2606 1452 2642 quae
1489 2606 1578 2631 vero
1620 2606 1724 2632 nunc

270 2657 505 2708 respondere
529 2655 681 2706 possitis
712 2661 754 2692 ut
773 2661 901 2693 vestra
920 2655 1074 2692 decreta
1095 2659 1202 2690 recta
1227 2667 1313 2690 esse
1338 2654 1550 2699 videantur,
1570 2666 1615 2691 ea
1641 2655 1723 2704 jam

274 2718 414 2757 dicam.

329 2780 366 2815 6.
399 2779 492 2816 Erat
517 2778 631 2828 igitur
649 2789 818 2828 aequum,
840 2777 1112 2820 Athenienses,
1136 2784 1175 2813 ut
1206 2776 1269 2825 qui
1290 2776 1480 2826 promissa
1499 2776 1723 2824 attulerunt,

273 2840 411 2891 quibus
433 2839 590 2876 adducti
614 2851 750 2889 pacem
771 2837 929 2878 fecistis.¹
946 2837 1172 2875 vitarentur:
1205 2849 1327 2886 neque
1343 2837 1440 2874 enirn
1461 2836 1538 2887 ipse
1554 2849 1722 2887 unquam
