1923 3149
228 151 307 188 462
560 151 779 188 CONTRA
811 150 1278 189 ARISTOGITONEM
1309 150 1339 187 Ι.

232 250 283 287 ad
302 250 596 288 misericordiam
629 258 668 288 et
686 252 983 290 humanitatem:
1012 254 1075 291 isti
1105 261 1231 291 autem
1255 254 1303 291 ad
1325 253 1498 292 locorum
1527 254 1674 291 illorum

233 310 378 347 nullum
398 324 598 349 accessum
619 325 705 349 esse
732 313 857 358 video,
879 314 947 351 sed
974 315 1101 351 omnia
1120 315 1342 364 praecipitia,
1372 314 1579 358 salebrosa,
1608 316 1676 352 ba-

229 370 370 408 rathra.
409 371 512 413 Quid
529 371 628 408 enim
650 372 806 410 omnino
827 373 959 410 dicet?
993 374 1137 412 Eorum
1169 375 1314 425 aliquid
1343 387 1429 425 quae
1449 382 1555 425 pater
1584 388 1677 412 suus

228 431 321 468 fecit
339 431 511 469 scilicet?
542 431 619 470 Sed
641 446 706 470 vos
727 433 833 470 illum
854 434 891 470 in
910 434 1147 485 hocjudicio
1166 437 1292 486 capite
1311 435 1610 481 condemnastis,
1634 443 1678 474 ut

229 492 445 543 improbum
464 493 654 540 nimirum,
669 501 707 532 et
721 494 879 544 dignum
892 497 955 546 qui
974 496 1224 534 occideretur.
1257 497 1313 533 At
1326 496 1494 541 hercule,
1510 496 1555 540 si,
1574 496 1677 547 quod

230 553 281 590 ad
300 559 446 603 patrem
468 554 618 599 attinet,
645 555 684 591 in
715 555 874 593 salebris
894 557 1027 602 haeret,
1048 558 1097 594 ad
1118 570 1227 595 suam
1255 558 1369 595 vitam
1398 557 1608 608 confugiet,
1634 565 1678 595 ut

228 620 505 664 temperantem
523 624 562 652 et
578 615 845 653 moderatam?
874 617 1030 660 Quam?
1065 618 1160 656 Eam
1182 631 1295 669 quam
1319 630 1397 655 non
1417 617 1535 655 vixit?
1565 618 1610 655 In
1632 630 1678 655 ea

229 676 329 712 enim
345 688 459 725 quam
480 688 546 712 vos
565 676 710 714 vidistis
732 689 879 722 omnes,
909 691 987 716 non
1007 686 1066 717 est
1090 679 1191 717 talis.
1229 681 1293 725 At,
1316 680 1409 716 heus
1429 686 1483 724 tu,
1504 679 1553 716 ad
1573 679 1679 717 obita

229 749 389 775 munera
405 749 444 773 se
459 736 645 787 recipiet?
675 738 842 779 Quando
858 738 934 785 illa,
955 747 1022 777 aut
1035 740 1128 777 ubi?
1158 740 1352 778 Paterna?
1380 741 1433 777 At
1453 740 1558 777 nulla
1575 748 1677 778 sunt.

231 796 336 833 Sua?
366 797 607 843 Delationes,
628 799 894 845 abductiones,
910 801 1189 844 accusationes,
1205 814 1281 839 non
1294 814 1450 838 munera
1469 802 1678 852 reperietis.

231 859 285 895 At
296 858 467 905 hercule,
485 865 528 895 ut
545 859 629 896 haec
650 859 756 896 nulla
774 860 862 907 sint,
892 863 1047 911 cognati
1066 862 1190 906 multi,
1212 863 1311 912 iique
1330 862 1420 899 boni
1442 862 1522 907 viri,
1542 875 1611 912 pro
1631 875 1678 900 eo

231 919 569 969 deprecabuntur?
600 920 677 957 Sed
693 933 817 969 neque
834 928 934 966 sunt,
954 935 1075 972 neque
1096 923 1252 960 fuerunt
1273 935 1452 972 unquam.
1483 923 1558 964 Qui
1578 922 1679 960 enim

229 980 264 1017 ei
285 981 441 1030 cognati
466 980 554 1025 sint,
576 982 708 1030 quine
737 981 928 1032 ingenuus
953 982 1107 1032 quidem
1138 983 1225 1021 est?
1256 984 1342 1020 Uno
1371 990 1532 1034 excepto
1560 983 1679 1021 fratre

230 1041 319 1087 isto,
347 1041 410 1091 qui
439 1041 471 1078 ei
492 1055 595 1079 nunc
614 1042 738 1088 adest,
760 1049 799 1080 et
826 1043 1050 1093 praeclaram
1075 1044 1178 1082 illam
1199 1045 1304 1082 litem
1337 1044 1372 1082 ei
1402 1044 1575 1081 intendit.
1617 1044 1679 1082 De

230 1115 308 1152 quo
329 1101 455 1139 dicere
483 1109 611 1140 cetera
639 1116 817 1153 quorsum
839 1104 1006 1142 attinet?
1037 1105 1168 1142 Frater
1195 1106 1277 1156 ejus
1307 1112 1366 1142 est
1394 1118 1615 1155 germanus,
1642 1112 1682 1143 et

228 1164 418 1209 uterinus,
433 1170 470 1200 et
484 1171 620 1214 praeter
632 1165 735 1201 mala
749 1165 908 1215 reliqua,
924 1166 1037 1204 etiam
1060 1167 1258 1218 gemellus.
1289 1167 1507 1204 Is-—cetera
1525 1166 1680 1216 quidem
1702 1186 1703 1189 =

230 1231 338 1262 taceo
356 1238 364 1262 :
397 1225 465 1262 sed
486 1233 642 1276 propter
669 1239 755 1275 quae
784 1240 853 1264 vos
873 1227 1057 1265 nefariam
1077 1228 1321 1273 Theoridem,
1343 1227 1539 1265 Lemniam
1559 1228 1676 1272 illam,

228 1285 331 1323 illam
352 1286 579 1332 veneficam,
602 1294 683 1323 tum
703 1287 839 1337 ipsam,
863 1294 945 1325 tum
965 1289 1184 1326 universum
1213 1289 1294 1338 ejus
1322 1301 1444 1339 genus
1470 1288 1679 1334 occidistis,

231 1347 276 1384 iis
296 1348 452 1384 venenis
471 1355 510 1384 et
528 1348 823 1386 incantamentis
845 1350 891 1386 ab
912 1350 993 1400 ejus
1016 1350 1157 1387 ancilla
1176 1349 1359 1399 acceptis,
1380 1362 1467 1399 quae
1492 1356 1573 1386 tum
1594 1361 1679 1386 eam

232 1408 383 1453 detulit,
404 1421 450 1445 ex
465 1422 542 1458 qua
553 1408 761 1446 fascinator
776 1409 848 1446 iste
866 1410 1007 1447 liberos
1022 1410 1206 1459 suscepit,
1220 1410 1471 1459 imposturam
1490 1416 1529 1446 et
1546 1409 1680 1447 fucum

231 1469 337 1514 facit,
356 1476 395 1506 et
421 1469 603 1506 comitiali
629 1470 763 1506 morbo
790 1469 1010 1505 laborantes
1031 1482 1072 1506 se
1098 1475 1319 1506 curaturum
1348 1469 1562 1519 profitetur,
1592 1482 1680 1507 cum

232 1529 316 1580 ipse
344 1530 446 1566 omni
469 1529 616 1566 laboret
642 1529 992 1578 improbitate.—Is
1022 1529 1137 1578 igitur
1167 1542 1236 1579 pro
1266 1543 1311 1567 eo
1340 1530 1535 1567 veneficus
1564 1531 1679 1568 inter-

232 1590 374 1627 cedet?
405 1590 531 1627 Homo
568 1589 781 1640 pestilens?
821 1591 946 1631 Quem
975 1590 1041 1639 qui
1079 1589 1230 1633 viderit,
1263 1591 1503 1628 abominetur
1539 1592 1680 1641 potius,

230 1665 344 1701 quarn
367 1650 610 1700 alloquatur?
640 1650 715 1693 Qui
737 1651 818 1702 ipse
845 1664 933 1688 eum
961 1650 1097 1701 capitis
1119 1651 1292 1695 arcessit,
1323 1664 1411 1689 cum
1438 1652 1553 1689 talem
1574 1652 1681 1690 litem

232 1712 472 1750 intenderet?

292 1775 352 1810 18.
384 1773 487 1816 Quid
507 1772 621 1822 igitur
640 1779 771 1817 restat,
793 1772 1076 1810 Athenienses?
1106 1773 1163 1810 Ea
1182 1773 1358 1810 nimirum
1378 1773 1572 1824 praesidia,
1594 1788 1681 1825 quae

233 1835 305 1872 reis
324 1843 458 1884 parata
477 1841 566 1871 sunt
585 1847 607 1870 a
621 1834 851 1883 reliquorum
870 1840 1044 1871 nostrum
1065 1841 1216 1878 natura,
1234 1848 1396 1884 quaeque
1418 1848 1528 1872 nemo
1548 1848 1682 1873 eorum

235 1896 298 1946 qui
320 1895 582 1946 periclitantur
598 1908 726 1932 secum
744 1894 863 1939 affert,
877 1895 945 1931 sed
960 1895 1224 1944 unusquisque
1238 1902 1403 1931 vestrum
1421 1896 1536 1932 domo
1549 1909 1680 1934 secum

235 1957 355 2002 effert,
377 1956 688 2000 misericordiam,
718 1956 884 1999 veniam,
909 1955 1198 1992 humanitatem.
1250 1955 1326 1992 Sed
1353 1956 1436 1993 haec
1465 1969 1589 2006 neque
1601 1959 1680 2005 jus,

235 2031 358 2067 neque
380 2018 436 2055 fas
468 2017 530 2054 isti
559 2016 705 2053 nefario
735 2016 931 2066 impertiri.
981 2015 1089 2053 Cur?
1119 2016 1221 2059 Quia
1250 2029 1365 2066 quam
1391 2017 1461 2053 sibi
1490 2030 1682 2068 quemque

234 2079 359 2128 legem
379 2085 514 2128 suopte
534 2077 688 2126 ingenio
711 2076 884 2113 sanxisse
905 2083 1038 2114 contra
1053 2077 1148 2114 alios
1170 2084 1338 2120 constat,
1361 2077 1521 2114 eandam
1537 2090 1624 2115 eum
1644 2085 1683 2115 et

237 2141 284 2176 ab
305 2139 387 2176 aliis
408 2139 504 2175 ferre
537 2145 596 2175 est
616 2150 782 2187 aequum.
815 2138 940 2178 Quam
961 2138 1075 2187 igitur
1095 2138 1218 2187 legem
1245 2137 1367 2182 vobis,
1390 2145 1454 2174 aut
1473 2151 1587 2189 quam
1616 2153 1683 2176 vo-

235 2201 421 2237 luntatem
442 2199 581 2237 habere
600 2199 750 2236 videtur
771 2199 981 2249 Aristogito
1002 2199 1038 2236 in
1060 2199 1218 2237 omnes?
1248 2200 1383 2236 Utrum
1405 2207 1445 2236 ut
1465 2202 1530 2237 cos
1550 2201 1683 2238 florere

234 2262 377 2307 videat,
399 2267 437 2298 et
463 2261 572 2298 beate
592 2260 835 2310 glorioseque
867 2260 1023 2298 vivere?
1053 2260 1165 2297 Unde
1186 2268 1311 2297 autem
1337 2260 1551 2298 victitabit?
1581 2262 1683 2299 Nam

236 2322 394 2359 aliorum
422 2334 508 2359 eum
539 2321 638 2358 mala
662 2321 848 2357 nutriunt.
897 2320 1065 2358 Proinde
1084 2321 1189 2358 volet
1207 2321 1378 2372 judiciis,
1401 2321 1682 2369 certaminibus,

237 2383 431 2419 atrocibus
444 2382 663 2419 criminibus
676 2394 735 2418 om
743 2394 809 2419 nes
823 2381 1044 2419 conflictari.
1071 2382 1124 2418 Hi
1142 2382 1224 2432 ejus
1238 2381 1345 2418 fundi
1359 2388 1459 2426 suut,
1473 2381 1511 2418 hi
1524 2382 1682 2422 reditus,

240 2443 336 2485 Quis
362 2456 450 2479 vero
472 2443 586 2479 homo
606 2443 900 2493 perditissimus,
929 2442 1198 2486 Athenienses,
1222 2448 1279 2479 ter
1299 2442 1558 2487 exsecrabilis,
1580 2456 1684 2481 com-

238 2503 363 2540 munis
383 2503 520 2547 hostis,
543 2504 712 2540 omnium
732 2503 920 2550 inimicus,
940 2503 1001 2540 cui
1022 2515 1093 2540 nec
1123 2509 1223 2540 terra
1242 2503 1373 2553 fruges
1393 2503 1501 2547 ferat,
1523 2517 1593 2541 nec
1615 2504 1683 2542 de-

237 2565 372 2602 functo
391 2564 623 2615 sepulturam
645 2565 828 2614 praebeat,
842 2565 930 2614 jure
946 2563 1226 2614 appellabitur?
1258 2564 1396 2601 Nonne
1416 2563 1530 2602 talis?
1565 2565 1683 2615 Equi-

237 2626 323 2663 dem
345 2625 492 2676 opinor.
534 2626 659 2666 Quam
681 2630 807 2661 autem
826 2625 989 2668 veniam,
1011 2631 1076 2660 aut
1092 2637 1204 2674 quam
1222 2623 1531 2667 miscricordiam,
1547 2624 1570 2660 ii
1587 2637 1683 2675 quos

239 2687 437 2725 calumniis
455 2685 675 2736 exagitavit,
707 2685 754 2721 ab
782 2698 828 2721 eo
854 2684 1134 2735 impetrarunt?
1164 2684 1270 2727 Quos
1299 2684 1371 2721 iste
1397 2697 1530 2722 omnes
1550 2686 1684 2735 capitis

238 2747 434 2785 damnavit
453 2747 489 2783 in
510 2746 568 2783 his
582 2745 751 2797 judiciis,
773 2745 888 2794 idque
908 2745 1127 2795 priusquam
1148 2746 1268 2796 prima
1289 2744 1470 2795 suffragia
1484 2746 1684 2784 ferrentur.

241 2809 290 2845 Et
310 2809 345 2844 in
365 2821 460 2857 quos
486 2807 694 2844 fascinator
722 2807 793 2843 iste
828 2805 925 2843 adeo
955 2805 1122 2843 crudelis
1150 2813 1188 2843 ct
1217 2807 1376 2844 acerbus
1406 2806 1489 2851 fuit,
1511 2818 1575 2843 eos
1602 2819 1685 2853 vos,

238 2869 506 2915 Athenienses,
529 2868 593 2918 qui
612 2876 693 2906 tum
714 2867 846 2906 sortito
861 2866 1014 2918 judices
1036 2867 1164 2915 cratis,
1184 2873 1227 2904 ut
1246 2879 1398 2917 aequum
1422 2866 1505 2915 suit,
1531 2880 1686 2907 conser-
