1923 3149
245 140 322 178 458
582 137 809 175 CONTRA
837 135 1297 176 ARISTOGITONEM
1329 136 1360 173 Ι.

246 239 383 290 quibus
403 239 525 276 verbis
542 250 619 276 non
639 238 725 276 illos
743 238 922 285 laedebat,
942 239 1231 285 nom—licitum
1260 239 1360 276 enim
1379 238 1433 276 eis
1447 244 1540 283 erat,
1556 236 1689 287 paucis

245 300 411 337 nummis
428 299 540 345 datis,
562 312 609 337 ea
625 312 702 337 non
722 299 994 346 audire,—sed
1014 308 1140 338 vestra
1160 299 1342 350 suffragia
1355 300 1637 343 contemnebat,
1651 304 1690 334 et

247 372 355 397 suam
372 359 651 410 improbitatem
666 362 898 398 ostentabat.
920 360 1174 410 Magistratus
1186 372 1298 410 porro
1311 360 1374 409 qui
1389 366 1487 397 sorte
1501 364 1690 402 creantur,

245 420 456 463 lacerabat,
486 421 681 470 poscebat,
703 421 906 470 pecuniam
927 420 1119 470 exigebat,
1140 433 1216 470 quo
1245 420 1432 456 malorum
1454 431 1593 468 genere
1613 430 1690 454 non

245 480 440 518 vexabat?
470 480 670 518 Postremo
694 488 822 520 autem
844 495 977 520 omnes
996 482 1032 518 in
1054 481 1259 519 tumultum
1291 487 1329 518 et
1349 480 1575 518 seditionem
1599 492 1689 516 con-

238 541 360 593 jicere
376 540 535 585 studuit,
556 532 661 579 falsis
678 541 795 579 literis
814 543 1018 592 propositis
1033 554 1042 579 :
1072 542 1234 590 denique
1247 541 1284 578 in
1300 540 1469 578 omnium
1484 538 1690 590 perniciem

246 608 361 640 natus
381 609 453 648 est,
468 608 507 639 et
522 602 638 639 talem
660 615 701 640 so
721 615 805 640 esse
822 609 903 640 tota
920 604 999 640 vita
1019 602 1202 640 declarat.
1233 602 1295 640 Ita
1310 601 1411 639 enim
1430 613 1508 637 rem
1527 612 1690 650 perpen-

247 663 341 701 dite.
383 662 642 700 Athenienses
671 663 825 700 omnino
845 663 961 701 vicies
993 664 1096 700 mille
1124 669 1235 700 sunt:
1265 662 1401 700 horum
1434 660 1691 710 unusquisque

246 737 326 761 uno
352 724 485 761 saltem
505 724 661 773 negotio
681 724 858 774 quopiam
879 732 1104 775 occupatus,
1125 725 1164 760 in
1192 724 1273 761 foro
1296 723 1529 768 obambulat,
1554 721 1633 758 sive
1652 720 1692 757 id

247 800 339 826 sane
359 787 556 837 publicum
586 787 646 833 sit,
668 787 744 824 sive
769 787 973 837 privatum.
1014 787 1093 824 Iste
1125 793 1252 824 autem
1278 786 1372 823 nihil
1397 785 1601 835 quicquam
1629 796 1692 821 os-

246 848 407 885 tendere
427 847 549 898 possit
564 847 616 885 rei
637 847 844 885 moderatae
870 854 937 884 aut
962 848 1150 893 honestae,
1169 848 1207 883 in
1228 859 1305 896 qua
1329 853 1497 883 versetur
1519 851 1558 882 et
1576 844 1691 882 vitam

247 915 358 958 agat:
389 921 466 945 non
479 908 634 958 publico
653 908 779 958 aliquo
797 909 900 945 bono
917 909 1082 945 animum
1099 913 1328 957 occupatum
1343 906 1482 943 habet:
1513 918 1589 942 non
1610 905 1694 949 arti,

246 982 325 1006 non
342 969 600 1019 agriculturae,
621 981 698 1006 non
717 968 786 1006 ulli
807 968 972 1019 quaestui
992 967 1145 1005 studet:
1176 980 1264 1004 cum
1285 966 1437 1004 nemine
1452 965 1539 1002 ullis
1556 965 1693 1001 huma-

246 1030 377 1068 nitatis
399 1037 465 1068 aut
491 1030 757 1068 familiaritatis
779 1030 995 1076 officiisest
1013 1029 1269 1079 conjunctus:
1301 1027 1369 1065 sed
1398 1040 1465 1076 per
1489 1027 1612 1062 forum
1636 1025 1693 1062 in-

246 1091 351 1129 cedit
368 1091 508 1142 viperee
540 1091 668 1137 instar‚
690 1097 757 1128 aut
775 1090 1002 1141 scorpionis,
1023 1096 1153 1127 erecto
1176 1089 1322 1135 aculeo,
1345 1088 1431 1136 huc*
1456 1095 1573 1136 atque
1602 1085 1693 1122 illuc

246 1152 437 1198 salutans,
465 1151 791 1202 circumspectans
828 1152 889 1190 cui
917 1152 1188 1195 calamitatem,
1225 1158 1292 1188 aut
1325 1150 1597 1194 maledictum,
1627 1155 1694 1186 aut

245 1213 390 1250 malum
409 1213 567 1262 aliquod
589 1212 738 1259 offerat,
769 1226 846 1264 quo
874 1213 912 1250 in
940 1213 1113 1250 timorem
1141 1215 1332 1260 conjecto,
1362 1223 1538 1248 nummos
1568 1216 1694 1247 extor-

246 1281 386 1324 queat:
425 1286 496 1312 nec
515 1273 726 1324 ingreditur
746 1274 784 1311 in
810 1274 926 1311 ullam
946 1274 1139 1323 publicam
1161 1273 1401 1318 tonstrinam,
1421 1278 1489 1309 aut
1515 1282 1692 1321 myropo-

246 1336 353 1382 lium,
374 1342 442 1373 aut
460 1335 553 1374 alias
572 1336 771 1373 officinas:
802 1336 871 1373 sed
895 1334 1140 1378 insociabilis,
1162 1332 1432 1384 vagabundus,
1459 1345 1482 1369 a
1509 1344 1693 1380 congres-

247 1397 353 1434 sibus
369 1396 588 1442 abhorrens,
606 1409 684 1433 non
705 1396 841 1447 gratia,
861 1409 938 1433 non
959 1395 1138 1441 amicitia,
1151 1407 1228 1432 non
1244 1394 1323 1430 ulla
1339 1393 1522 1444 praeditus
1538 1398 1597 1429 est
1611 1404 1693 1428 mo-

246 1458 370 1496 derati
387 1457 551 1495 hominis
570 1458 814 1507 cogitatione,
837 1458 905 1494 sed
921 1457 964 1494 iis
978 1456 1178 1494 comitibus
1194 1468 1290 1505 quos
1303 1455 1469 1505 pictores
1483 1453 1694 1497 lemuribus

245 1518 464 1568 adjungunt
482 1518 585 1568 apud
602 1519 757 1562 inferos,
778 1518 885 1564 diris,
905 1517 1186 1562 maledicentia,
1201 1515 1358 1562 invidia,
1380 1515 1579 1559 seditione,
1600 1527 1694 1552 con·-

243 1579 416 1617 tentione
436 1578 600 1629 stipatus
617 1579 776 1616 incedit.
813 1579 938 1620 Quem
960 1578 1075 1628 igitur
1094 1591 1168 1615 nec
1186 1577 1393 1614 infernales
1410 1576 1503 1613 deos
1518 1575 1692 1626 placatos

243 1639 465 1677 habiturum
483 1639 686 1677 verisimile
711 1646 783 1685 est,
803 1639 872 1676 sed
898 1640 948 1677 ad
967 1639 1103 1689 impios
1122 1638 1333 1688 relegatum
1361 1637 1402 1674 iri
1429 1644 1584 1688 propter
1605 1637 1693 1679 vitae

245 1701 543 1751 improbitatem,
559 1714 647 1738 eum
661 1713 729 1738 vos
751 1700 1037 1750 delinquentem
1054 1699 1170 1745 nacti,
1189 1713 1267 1736 non
1284 1697 1400 1736 modo
1420 1711 1497 1735 non
1511 1697 1693 1748 punietis,

247 1761 318 1799 sed
343 1761 547 1812 majoribus
567 1762 681 1799 etiam
706 1761 819 1798 donis
840 1768 1015 1798 ornatum
1045 1760 1265 1805 absolvetis,
1286 1767 1466 1809 tanquam
1487 1760 1594 1796 -bene
1612 1771 1693 1796 me-

245 1822 386 1859 ritum?
416 1822 490 1859 Cui
509 1822 610 1859 enim
635 1835 703 1860 vos
724 1835 889 1872 unquam
910 1821 1168 1867 concessistis,
1197 1821 1228 1857 si
1248 1820 1467 1870 reipublicae
1487 1819 1632 1864 debuit,
1652 1826 1696 1862 ut

246 1883 393 1921 mulcta
412 1896 490 1920 non
511 1883 639 1920 soluta
665 1883 745 1933 pari
769 1885 855 1932 jure
885 1883 1030 1919 viveret
1059 1894 1145 1918 cum
1177 1880 1339 1918 ceteris?
1371 1879 1535 1917 Nemini.
1565 1881 1694 1921 Quare

246 1956 318 1980 nec
333 1938 395 1980 isti
416 1956 516 1979 nunc
537 1943 751 1987 concedite,
769 1942 836 1979 sed
856 1942 1002 1991 punite,
1024 1947 1063 1987 et
1082 1941 1297 1991 exemplum
1317 1941 1354 1977 in
1375 1953 1460 1976 eum
1480 1939 1595 1977 edite.

305 2005 366 2040 12.
397 2003 539 2053 Operae
572 2003 736 2053 pretium
769 2009 896 2039 autem
926 2008 998 2046 est,
1027 2001 1297 2043 Athenienses,
1326 2007 1364 2037 et
1394 2007 1521 2037 cetera
1549 2001 1695 2041 audire.

248 2063 350 2101 Nam
371 2076 459 2101 cum
480 2063 624 2100 atrocia
644 2063 720 2099 sint
745 2076 831 2111 quae
855 2061 969 2098 modo
992 2062 1211 2111 Lycurgum
1232 2061 1460 2098 referentem
1481 2061 1694 2107 audivistis,

247 2131 362 2174 atque
382 2123 479 2161 adeo
509 2122 555 2160 ad
578 2136 710 2160 eorum
731 2122 968 2159 atrocitatem
999 2122 1092 2158 nihil
1111 2121 1268 2171 adjungi
1292 2121 1426 2171 possit,
1446 2127 1573 2159 cetera
1591 2123 1696 2172 paria

248 2185 336 2230 illis,
357 2192 396 2222 et
421 2185 467 2221 ab
497 2183 632 2221 eodem
660 2183 836 2233 profecta
856 2194 939 2219 esse
962 2181 1117 2231 ingenio
1144 2181 1392 2231 reperientur.
1433 2180 1696 2231 Praeterquam

250 2245 351 2282 enim
371 2243 474 2295 quod
496 2250 644 2294 patrem
673 2243 709 2279 in
740 2255 894 2280 carcere
926 2242 1134 2286 desertum,
1164 2242 1313 2278 Eretria
1342 2241 1549 2290 digressus,
1579 2248 1622 2278 ut
1648 2255 1695 2280 ex

251 2306 416 2343 Phaedro
440 2304 652 2348 audivistis,
681 2310 871 2340 mortuum
898 2302 1037 2352 impius
1066 2302 1136 2339 iste
1168 2309 1208 2338 et
1235 2300 1402 2338 nesarius
1431 2313 1509 2337 non
1533 2302 1696 2351 sepeliit,

250 2379 374 2416 neque
388 2366 431 2402 iis
445 2365 508 2414 qui
524 2364 756 2414 sepelierant
772 2370 946 2413 sumptus
959 2362 1104 2400 funeris
1117 2362 1295 2405 restituit,
1314 2360 1382 2398 sed
1401 2368 1438 2398 et
1457 2361 1557 2398 diem
1577 2362 1695 2402 dixit:

250 2434 506 2478 praeterquam
526 2424 631 2474 quod
650 2437 782 2461 manus
803 2437 825 2461 a
845 2430 962 2461 matre
983 2438 1059 2461 non
1081 2423 1278 2467 abstinuit,
1298 2429 1341 2459 ut
1360 2421 1475 2459 modo
1495 2435 1515 2459 e
1534 2425 1696 2463 testibus

253 2485 469 2531 audivistis,
489 2492 526 2522 et
555 2497 723 2522 sororem
757 2497 877 2530 suam,
907 2498 985 2523 non
1018 2483 1174 2534 quidem
1206 2481 1439 2532 germanam,
1465 2483 1534 2520 sed
1556 2497 1603 2522 ex
1630 2486 1698 2528 illa

253 2559 486 2598 quocunque
522 2545 636 2582 modo
665 2545 1089 2595 susceptam,-—omitto
1125 2543 1225 2580 enim
1255 2543 1394 2588 l1oe-,
1432 2543 1501 2580 sed
1530 2557 1696 2584 sororem

252 2616 397 2652 tamen,
417 2618 573 2656 peregre
595 2605 859 2642 abducendam
880 2604 1064 2649 vendidit,
1084 2611 1125 2640 ut
1141 2604 1275 2641 asserit
1295 2604 1522 2653 cjusjudicii
1540 2607 1696 2653 crimen,
1739 2638 1742 2640 ,

310 2683 330 2697 a
350 2681 437 2707 eum
457 2668 582 2704 bonus
602 2666 663 2703 ille
691 2666 816 2711 frater,
837 2666 918 2716 ejus
939 2678 1057 2703 eausa
1082 2664 1261 2702 facinoris
1283 2665 1490 2710 accusavit,
1510 2666 1573 2715 qui
1594 2680 1696 2705 nunc

232 2735 306 2772 que
430 2729 634 2766 -inabiturz
665 2727 714 2764 ad
733 2727 816 2763 haec
838 2740 923 2776 quoe
941 2726 1031 2764 talia
1048 2733 1150 2772 sunt,
1170 2724 1272 2763 aliud
1294 2725 1492 2771 nefarium,
1513 2739 1535 2763 o
1555 2726 1606 2762 dii
1626 2729 1695 2764 im-

237 2783 272 2821 Cl
292 2784 436 2829 l‘msffl‘·
538 2789 622 2828 ‘nus
643 2787 818 2826 audietis.
863 2787 961 2824 Cum
982 2788 1082 2824 enim
1107 2787 1280 2837 perfosso
1307 2798 1460 2823 carcere
1486 2793 1590 2823 esset
1618 2787 1698 2825 ela—

240 2834 434 2882 morffles'
459 2826 557 2890 fac-h*
670 2848 858 2893 “nandum
877 2848 1065 2898 confugit,
1085 2847 1234 2886 nomine
1253 2846 1425 2891 lobiam,
1440 2859 1526 2885 cum
1546 2860 1622 2896 flua
1641 2849 1698 2886 ni-

245 2911 352 2954 psuS,
371 2891 421 2931 ad
441 2885 636 2926 mulierem
654 2894 680 2925 ι1
