1923 3149
419 201 492 239 DE
525 201 873 240 RHODIORUM
904 201 1222 242 LIBERTATE.
1477 203 1545 239 141

108 305 270 344 sortasse
290 312 456 344 vestrum
477 306 704 345 considerat.
749 306 809 343 De
825 305 960 357 quibus
975 305 1089 355 igitur
1104 306 1201 343 fuit?
1231 305 1468 344 Cumliberis
1483 319 1557 357 po-

106 367 205 417 pulis
225 374 292 405 aut
310 375 462 419 propter
481 368 645 419 privatas
665 366 954 412 controversias,
976 379 1063 417 quae
1082 366 1203 403 dirimi
1218 368 1368 417 publice
1389 381 1464 404 non
1484 381 1552 418 po-

106 433 274 476 tuerunt,
303 436 369 467 aut
399 442 466 480 pro
494 437 600 480 parte
628 441 801 479 agrorum
823 435 890 465 aut
909 426 957 464 de
976 427 1114 465 finibus
1135 435 1200 465 aut
1219 435 1371 478 propter
1398 436 1553 467 conten-

105 489 247 528 tionem
275 491 427 528 honoris
451 498 516 528 aut
534 491 582 528 de
603 490 816 541 principatu
835 502 844 526 t
875 501 960 526 cum
981 495 1172 540 potestate
1192 501 1398 540 paucorum
1420 489 1467 526 de
1485 491 1554 529 ha-

103 563 187 588 rum
209 565 332 589 rerum
353 552 469 597 nulla,
491 552 559 589 sed
578 551 629 590 de
648 550 865 602 reipublicae
882 550 1003 588 forma
1016 557 1054 587 et
1066 550 1253 588 libertate.
1312 550 1554 600 Quapropter

105 625 179 664 ego
201 614 353 664 quidem
375 624 478 652 certe
499 614 624 651 dicere
643 626 721 650 non
745 612 929 657 dubitem,
946 612 1076 650 utilius
1096 612 1213 649 videri
1232 611 1336 656 mihi,
1365 618 1407 648 ut
1427 611 1555 650 Graeci

104 687 237 713 omnes
258 675 432 726 populari
452 680 555 712 statu
575 680 727 711 utentes
748 673 947 711 nobiscum
966 673 1208 724 belligerent,
1221 685 1337 722 quam
1353 680 1396 709 ut
1408 685 1554 723 pauco-

102 749 183 774 rum
204 737 360 788 imperio
392 737 551 785 subjecti
572 743 743 774 nostram
773 735 976 773 amicitiam
1007 735 1159 773 colant:
1189 748 1276 773 cum
1296 733 1425 772 liberis
1455 735 1555 771 enirn

101 811 238 848 pacem
265 811 347 846 vos,
368 798 678 849 quandocunque
707 797 913 842 volueritis,
934 810 1012 835 non
1041 796 1243 834 difficulter
1269 808 1353 833 esse
1384 795 1555 834 facturos

101 858 284 902 arbitror;
315 866 355 897 at
379 873 466 898 cum
486 859 634 905 iisdem,
655 860 685 898 si
704 872 915 910 paucorum
944 865 1129 909 regantur
1154 858 1322 907 arbitrio,
1342 870 1391 895 ne
1423 858 1554 895 amici-

100 920 191 958 tiam
207 921 363 971 quidem
379 921 494 959 fidam
513 921 592 959 fore
612 927 727 972 puto:
757 920 863 958 nullo
879 921 979 958 enirn
997 920 1113 958 modo
1134 919 1213 957 fieri
1233 926 1376 970 potest,
1389 925 1431 956 ut
1442 919 1554 970 pauci

99 982 228 1020 multis
248 991 364 1034 atque
385 984 485 1021 avidi
504 983 650 1034 imperii
669 983 900 1034 aequalitatis
922 983 1105 1020 studiosis
1124 983 1223 1019 bene
1244 982 1377 1019 velint.

154 1044 192 1080 9.
224 1044 345 1082 Miror
365 1051 506 1091 autem,
534 1044 727 1081 neminem
746 1050 916 1081 vestrum
941 1044 1169 1089 existimare,
1190 1043 1220 1080 si
1240 1042 1326 1080 Chii
1346 1054 1556 1093 paucorum

101 1112 290 1156 potestate
305 1114 488 1157 regantur
504 1113 543 1143 et
563 1106 778 1157 Mitylenaei
798 1111 838 1143 et
852 1118 956 1143 nunc
977 1105 1132 1151 Rhodii,
1152 1111 1267 1155 atque
1288 1117 1420 1142 omnes
1437 1116 1556 1154 prope

100 1167 259 1205 dixerim
278 1168 452 1206 homines
486 1168 587 1205 illius
616 1168 807 1205 servitutis
836 1168 975 1218 jugum
1007 1167 1182 1213 subeant,
1211 1174 1376 1204 vestram
1404 1179 1556 1217 quoque

102 1229 378 1279 rempublicam
394 1230 432 1266 in
453 1229 580 1279 aliquo
602 1230 681 1267 fore
693 1228 877 1280 periculo,
896 1242 1021 1279 neque
1041 1228 1225 1279 cogitare,
1244 1229 1387 1278 passim
1402 1228 1555 1278 Oligar-

99 1289 193 1328 chiis
208 1290 404 1336 institutis,
417 1303 492 1328 non
504 1303 617 1341 posse
630 1291 721 1335 fieri,
736 1296 777 1327 ut
789 1290 920 1341 populi
934 1290 1153 1327 dominatus
1164 1290 1265 1340 apud
1280 1303 1350 1327 nos
1363 1289 1555 1339 relinqua-

99 1357 183 1389 tur:
214 1353 342 1390 sciunt
360 1352 461 1390 enim
488 1352 613 1390 nullos
642 1352 735 1389 alios
755 1364 885 1389 rursus
906 1351 944 1387 in
964 1351 1178 1389 libertatern
1200 1364 1259 1388 res
1278 1350 1554 1389 vindicaturos.

102 1412 214 1451 Unde
234 1414 348 1464 igitur
367 1414 563 1451 imminere
585 1413 654 1451 sibi
674 1413 884 1465 periculum
906 1412 1130 1463 praevident,
1150 1425 1216 1450 eos
1239 1426 1258 1450 e
1277 1412 1403 1450 medio
1425 1413 1553 1451 subla—

98 1482 158 1513 tos
181 1476 318 1514 volent.
376 1476 542 1514 Proinde
571 1476 712 1521 caeteri,
738 1474 802 1526 qui
833 1475 1022 1525 aliquibus
1042 1474 1217 1525 injuriam
1245 1474 1403 1519 faciunt,
1423 1487 1554 1511 eorum

97 1536 266 1588 ipsorum
286 1538 351 1588 qui
364 1538 557 1575 laeduntur
571 1538 702 1575 hostes
722 1536 881 1587 putandi
901 1542 1003 1582 sunt,
1023 1537 1241 1586 rerumpub.
1264 1543 1391 1572 autem
1403 1548 1554 1573 everso-

98 1611 158 1636 res
186 1612 474 1649 paucorumque
495 1598 678 1649 potentiae
698 1598 985 1642 constitutores,
1001 1610 1227 1635 communes
1242 1597 1373 1634 hostes
1389 1596 1556 1634 omnium

98 1672 229 1697 eorum
248 1660 387 1710 quibus
403 1659 560 1697 libertas
581 1659 687 1697 cordi
704 1666 774 1705 est,
790 1672 849 1697 me
877 1659 1032 1709 quidem
1060 1665 1230 1704 auctore,
1247 1659 1552 1710 judicabuntur;

99 1720 238 1758 deinde
261 1734 417 1772 aequum
449 1720 562 1758 etiam
587 1727 658 1766 est,
680 1717 722 1758 ut
755 1734 836 1766 vos,
857 1720 922 1770 qui
954 1720 1085 1771 populi
1115 1720 1339 1758 auctoritate
1372 1720 1444 1771 ipsi
1472 1720 1555 1770 regi

96 1782 224 1829 vultis,
246 1782 300 1820 sic
319 1782 357 1819 in
372 1782 615 1820 calamitosos
630 1781 794 1833 populos
815 1782 971 1820 animati
990 1795 1073 1820 esse
1091 1781 1308 1827 videamini,
1332 1790 1376 1819 ut
1394 1782 1488 1819 alios
1514 1781 1553 1836 in

96 1856 164 1882 vos
180 1856 265 1882 esse
284 1844 472 1882 animatos
487 1843 646 1890 velletis,
666 1843 697 1881 si
712 1844 881 1894 quando,
902 1843 1006 1895 quod
1019 1843 1084 1881 Dii
1098 1843 1342 1894 prohibeant,
1354 1844 1431 1882 tale
1444 1844 1552 1895 quip-

96 1905 198 1956 piam
217 1905 446 1944 accidisset:
477 1906 670 1944 enimvero
691 1905 810 1956 siquis
843 1906 958 1952 dicat,
978 1906 1112 1944 merito
1134 1906 1310 1944 Rhodios
1333 1906 1463 1957 plecti,
1483 1907 1552 1943 mi-

98 1967 197 2006 nime
217 1974 434 2020 opportuna
447 1981 621 2020 praesens
637 1969 789 2006 occasio
805 1968 855 2006 ad
868 1968 954 2006 haec
971 1968 1135 2006 dicenda
1151 1984 1161 2013 ;
1190 1968 1328 2019 quibus
1341 1969 1442 2007 enim
1459 1968 1552 2005 For-

97 2035 192 2067 tuna
207 2030 379 2068 secunda
397 2037 470 2077 est,
488 2031 528 2068 hi
547 2030 782 2069 calamitosis
802 2037 988 2082 perpetuo
1009 2031 1150 2081 optime
1171 2030 1375 2068 consulere
1397 2030 1551 2076 debent,

98 2102 187 2128 cum
206 2104 320 2129 nemo
339 2092 509 2130 omnium
526 2092 758 2139 mortalium,
774 2092 867 2143 quid
888 2092 937 2130 sit
952 2093 1124 2130 futurum
1143 2092 1382 2144 exploratum
1397 2092 1552 2131 habeat.

155 2152 216 2190 10.
246 2152 374 2203 Atque
389 2165 462 2203 ego
482 2166 583 2203 saepe
601 2153 664 2190 hic
685 2153 788 2204 apud
808 2166 876 2191 vos
905 2160 1250 2192 commemorantes
1270 2153 1456 2204 quosdam
1483 2166 1552 2191 au-

98 2211 175 2258 dio,
198 2226 287 2251 cum
316 2220 446 2252 nostra
466 2215 556 2252 urbs
585 2214 735 2252 cladem
764 2215 989 2266 accepisset,
1010 2221 1185 2253 auctores
1210 2215 1332 2253 fuisse
1360 2215 1550 2266 quosdam

96 2274 178 2325 ejus
198 2275 497 2313 conservandae:
526 2289 547 2314 e
571 2275 708 2326 quibus
729 2289 803 2326 ego
823 2276 1052 2326 Argivorum
1072 2276 1263 2314 duntaxat
1281 2276 1320 2314 in
1347 2278 1554 2327 praesentia

94 2335 249 2374 brevem
268 2336 500 2375 mentionem
515 2338 665 2376 faciam.
721 2337 850 2374 Nolim
871 2343 1000 2375 autem
1014 2350 1099 2383 nos,
1111 2350 1273 2387 quorum
1285 2337 1479 2376 celebrata
1494 2346 1552 2376 est

95 2404 281 2449 perpetua
299 2398 338 2436 in
357 2398 514 2438 afflictos
533 2399 800 2445 beneficentia,
820 2399 1029 2437 deteriores
1047 2399 1121 2437 hac
1141 2399 1177 2436 in
1193 2406 1302 2450 parte
1324 2400 1475 2450 Argivis
1496 2400 1550 2438 vi-

97 2459 191 2505 deri,
209 2459 274 2509 qui
291 2473 378 2497 cum
398 2460 437 2498 in
453 2461 830 2499 Lacedaemoniorum
845 2461 982 2499 vicinia
993 2460 1227 2505 habitarent,
1241 2460 1493 2512 viderentque
1506 2462 1551 2499 il-

96 2519 154 2558 los
171 2526 272 2558 terra
284 2521 452 2572 marique
465 2523 666 2569 dominari,
679 2536 754 2560 non
774 2522 1000 2560 dubitarunt
1021 2536 1093 2561 nee
1112 2523 1221 2561 veriti
1241 2530 1330 2561 sunt
1348 2524 1550 2562 ostendere

97 2594 206 2620 suam
225 2594 315 2632 erga
331 2595 400 2620 vos
418 2584 722 2622 benevolentiam
739 2598 748 2627 ;
780 2584 850 2622 sed
881 2591 920 2622 et
948 2584 1098 2635 legatos
1116 2584 1394 2623 Lacedaemone
1419 2586 1547 2636 profe-

95 2648 193 2689 ctos,
207 2642 482 2693 postulaturos,
493 2652 537 2683 ut
554 2646 695 2693 ferunt,
709 2645 758 2684 ad
774 2659 908 2697 poenas
927 2646 1114 2696 quosdam
1133 2653 1343 2684 vestrorum
1359 2647 1548 2693 exsulum,

93 2703 354 2751 decreverunt,
374 2704 413 2742 ni
426 2713 513 2744 ante
531 2707 619 2746 solis
635 2720 813 2745 occasum
831 2707 1096 2753 recessissent,
1109 2707 1278 2745 hostium
1296 2707 1383 2746 loco
1401 2708 1545 2745 haben-

96 2764 180 2804 dos.
236 2765 327 2803 Non
344 2765 460 2816 igitur
485 2773 594 2818 turpe
613 2768 740 2815 fuerit,
755 2768 1027 2816 Athenienses,
1046 2782 1134 2807 cum
1155 2769 1389 2820 Argivorum
1404 2769 1544 2819 vulgus

94 2839 173 2864 non
202 2826 378 2865 metuerit
398 2827 775 2868 Lacedaemoniorum
807 2829 1007 2881 imperium
1036 2830 1109 2868 illis
1141 2830 1374 2880 temporibus
1395 2836 1460 2867 aut
1477 2842 1545 2880 po-

94 2888 265 2935 tentiam,
286 2902 352 2928 vos
367 2888 432 2940 qui
449 2889 705 2929 Athenienses
720 2891 801 2929 sitis
814 2891 1026 2930 Barbarum
1039 2891 1233 2930 hominem
1247 2890 1307 2927 vel
1319 2890 1445 2940 potius
1460 2903 1544 2928 mu-

93 2948 221 2987 lierem
241 2950 472 2990 formidare?
500 2951 707 3003 praesertim
727 2964 846 3002 quum
869 2953 923 2991 illi
954 2966 1058 3004 saepe
1074 2966 1115 2991 se
1134 2952 1254 2990 victos
1274 2963 1360 2989 esse
1381 2964 1404 2990 a
1424 2951 1542 2990 Lace-
