1923 3149
661 153 885 196 CONTRA
917 150 1143 195 MIDIAM.
1559 156 1634 193 339

181 258 311 311 aliqua
329 274 368 298 re
389 253 513 307 simili,
537 261 691 299 illorum
711 261 874 311 singulis
895 260 1119 310 congregati
1138 260 1220 297 sitis
1241 259 1470 310 superiores,
1485 270 1633 295 eorum—

182 334 258 372 que
278 321 457 359 ferociam
478 323 701 360 coerceatis.

233 384 299 421 40.
330 383 419 421 Jam
450 384 613 421 fortasse
646 384 732 422 ‘calls
770 385 883 422 etiam
921 382 970 420 ad
1001 394 1068 418 vos
1105 381 1236 431 aliqua
1268 382 1364 419 ratio
1398 382 1608 432 perferetur
1625 394 1633 418 :

181 443 305 486 Quid
348 445 516 495 igitur,
548 446 591 482 si
631 445 715 483 ille
754 445 865 490 haec,
907 451 951 481 et
988 443 1104 488 haec,
1133 456 1393 493 perpessus
1434 450 1519 487 est,
1551 456 1634 480 cur

181 518 248 542 me
288 519 377 543 non
421 507 554 544 ultus
597 506 702 544 est?
740 506 801 543 vel
838 507 906 547 Qu
922 505 965 542 id
1007 504 1186 555 igitur?
1226 505 1330 550 item,
1368 504 1440 541 alio
1471 505 1633 542 fortasse

181 567 358 617 quopiam
389 581 409 604 e
440 567 540 604 laesis
561 568 768 604 nominato.
815 566 901 616 Ego
929 578 1020 603 vero
1054 566 1193 615 quibus
1220 565 1268 602 de
1301 566 1426 602 causis
1457 565 1634 615 opitulari

179 627 250 664 sibi
269 627 431 678 quisque
452 628 638 677 negligat,
662 640 794 665 omnes
823 640 891 664 vos
926 627 1022 664 seire
1057 627 1228 663 arbitror.
1287 626 1388 663 Nam
1409 632 1448 662 et
1467 639 1634 676 occupa-

178 687 311 732 tiones,
335 696 372 725 et
394 689 562 725 studium
583 688 885 738 tranquillitatis,
903 694 942 725 et
961 687 1134 733 infantia,
1155 695 1194 724 et
1214 686 1355 737 inopia,
1376 699 1505 724 causae
1527 686 1634 723 deni-

177 761 253 799 que
272 749 358 785 aliae
388 749 547 787 infinitae
581 758 683 788 sunt.
742 750 832 787 Non
868 761 998 787 tamen
1025 749 1162 787 decere
1194 749 1367 792 arbitror,
1400 749 1514 786 istum
1544 748 1636 786 talia

177 822 281 847 nune
302 809 449 855 afferre,
467 810 537 848 sed
554 812 600 848 ab
621 811 780 862 objectis
799 811 1020 849 criminibus
1041 811 1206 848 alienum
1229 818 1268 848 et
1287 823 1422 861 purum
1446 823 1530 848 csse
1549 824 1633 848 sese

177 873 394 910 ostendere.
451 873 567 914 Quod
600 874 630 910 si
661 880 841 924 nequeat,
875 881 1079 924 propterea
1109 872 1231 910 multo
1259 873 1379 922 magis
1409 872 1524 909 exitio
1549 885 1635 910 esse

178 933 351 983 dignum.
410 933 511 971 Nam
544 935 575 972 si
600 941 678 971 tam
699 941 836 985 potens
863 941 937 979 est,
959 940 1003 971 ut
1021 934 1161 971 talibus
1183 934 1308 979 factis,
1330 946 1442 971 nenio
1463 942 1633 971 nostrum

169 993 318 1045 judicio
337 1008 424 1033 eum
444 1008 489 1033 eo
509 1009 637 1045 agere,
658 1002 726 1033 aut
745 996 825 1046 ejus
846 995 1000 1044 injurias
1020 995 1154 1033 ulcisci
1175 995 1313 1046 possit3
1342 1008 1446 1032 nunc
1465 995 1635 1032 vindicta

175 1055 344 1105 publica,
361 1064 566 1107 postquam
582 1057 813 1094 constrictus
833 1064 998 1101 tenetur,
1019 1058 1067 1094 ab
1087 1058 1266 1094 omnibus
1289 1058 1443 1094 nomine
1463 1058 1635 1094 omnium

176 1123 237 1153 est
264 1118 499 1168 punienduS‚
521 1126 704 1167 tanquam
737 1119 952 1156 communis
983 1118 1105 1155 hostis
1138 1118 1356 1169 reipublicae
1374 1131 1382 1155 z
1414 1119 1532 1165 fertur
1564 1118 1634 1155 ali-

177 1178 333 1227 quando
348 1178 468 1216 fuisse
483 1179 520 1215 in
539 1179 614 1217 hac
634 1181 742 1224 urbe,
763 1180 900 1217 veteris
926 1180 1026 1217 illius
1048 1180 1240 1217 felicitatis
1260 1181 1509 1230 temporibus,
1530 1180 1636 1218 Alci-

175 1239 325 1285 biades,
349 1240 414 1289 qui
433 1241 571 1290 quibus
591 1249 629 1277 et
647 1241 802 1290 quantis
830 1242 869 1277 in
889 1241 1074 1293 populum
1095 1241 1291 1278 beneficiis
1312 1241 1478 1286 collatis,
1507 1241 1634 1278 consi-

176 1300 308 1338 derate
329 1314 476 1351 quaeso,
492 1301 688 1351 quomodo
709 1314 731 1338 a
750 1301 960 1351 majoribus
981 1301 1118 1338 vestris
1133 1301 1248 1338 fuerit
1262 1308 1461 1347 tractatus,
1481 1310 1636 1352 postea-

175 1375 291 1413 quam
312 1375 462 1400 omnem
485 1363 685 1414 grassandi
706 1363 901 1401 licentiam
924 1362 994 1399 sibi
1016 1362 1244 1399 sumendam
1272 1363 1436 1400 censuit.
1495 1362 1635 1412 Neque

176 1423 261 1461 haec
290 1437 336 1461 eo
370 1424 472 1470 dico,
506 1425 612 1475 quod
641 1424 834 1462 Alcibiadi
870 1423 1034 1460 Midiam
1063 1430 1330 1473 comparatum
1359 1423 1486 1461 velim.
1545 1424 1634 1462 Non

173 1486 229 1524 ita
249 1500 332 1524 sum
364 1487 534 1533 demens,
554 1500 627 1524 nee
658 1487 844 1525 attonitus
872 1499 957 1536 eg0.
1016 1486 1095 1523 Sed
1124 1493 1167 1523 ut
1195 1485 1324 1539 sciatis
1354 1499 1437 1532 vos,
1472 1487 1634 1525 Atheni-

176 1561 303 1594 enses,
335 1554 374 1585 et
404 1549 596 1594 statuatis,
627 1549 774 1585 nullam
805 1560 931 1598 neque
964 1560 1063 1593 csse,
1092 1560 1217 1597 neque
1246 1547 1412 1585 futuram
1440 1562 1539 1594 esse,
1573 1551 1634 1587 vel

176 1609 372 1654 familiam,
392 1610 452 1646 vel
483 1609 733 1662 opulentiam,
767 1610 828 1647 vel
858 1608 1083 1660 potentiam,
1115 1622 1203 1659 quae
1234 1609 1396 1660 populo,
1429 1610 1636 1661 conjuncta

176 1683 265 1708 cum
284 1671 490 1708 insolentia
509 1680 548 1708 et
566 1671 719 1721 injuria,
739 1671 789 1708 sit
811 1671 982 1708 ferenda.

230 1733 295 1769 41.
328 1731 428 1769 Nam
448 1734 480 1770 is
499 1739 700 1783 paternum
721 1746 845 1782 genus
865 1734 913 1770 ab
933 1731 1209 1770 Alcmaeonidis
1230 1732 1371 1770 ducere
1390 1733 1631 1784 perhibetur;

175 1807 271 1844 quos
293 1794 399 1831 aiunt
414 1801 518 1832 mota
537 1808 605 1845 pro
625 1794 799 1832 libertate
813 1794 946 1845 populi
964 1801 1096 1831 contra
1107 1801 1291 1845 tyrannos
1309 1793 1510 1845 seditione,
1526 1804 1633 1835 actos

176 1869 262 1893 esse
277 1856 315 1892 in
331 1850 521 1902 exsilium,
540 1863 580 1893 et
598 1856 799 1906 pecuniam
813 1855 974 1906 Delphis
993 1862 1202 1901 mutuatos,
1218 1856 1406 1893 liberasse
1427 1857 1632 1906 civitatem,

177 1918 364 1955 Pisistrati
379 1917 465 1955 filiis
485 1917 616 1968 ejectis
632 1931 640 1955 :
662 1924 878 1955 maternum
899 1918 947 1954 ab
971 1916 1207 1967 Hipponico,
1226 1930 1314 1967 quae
1332 1917 1477 1955 familia
1493 1926 1531 1956 et
1549 1920 1635 1971 ipsa

175 1980 320 2030 optime
334 1980 382 2017 de
402 1979 545 2030 populo
566 1992 829 2030 saepenumero
849 1979 985 2017 merita
1003 1984 1075 2023 est.
1112 1978 1250 2029 Neque
1265 1979 1330 2016 ille
1344 1979 1428 2017 haec
1445 1993 1467 2017 a
1482 1981 1633 2031 majori-

175 2041 248 2079 bus
261 2041 451 2078 duntaxat
469 2047 685 2091 acceperat,
699 2040 768 2078 sed
787 2047 824 2078 et
842 2040 924 2090 ipse
945 2053 1012 2090 pro
1027 2040 1186 2090 populo,
1208 2040 1394 2090 correptis
1423 2042 1554 2088 armis,
1574 2043 1633 2080 bis

180 2102 418 2148 Sami‚terti0
434 2102 471 2138 in
491 2102 564 2140 hac
579 2102 665 2153 ipsa
683 2102 791 2146 urbe,
814 2114 884 2138 suo
905 2114 1066 2151 corpore
1087 2113 1195 2138 suam
1213 2101 1534 2147 benevolentiam,
1556 2116 1633 2141 non

176 2164 365 2216 pecuniis,
383 2170 450 2202 aut
464 2163 736 2214 verbispatriae
755 2163 944 2214 probavit.
975 2162 1169 2199 Praeterea
1183 2162 1426 2212 equestribus
1441 2163 1634 2214 Olympiae

174 2226 448 2265 certaminibus
466 2226 739 2270 contendebat,
760 2225 926 2275 optimus
958 2224 1047 2261 item
1077 2224 1295 2274 imperator,
1316 2229 1354 2260 et
1373 2237 1561 2271 suminus,
1591 2234 1634 2265 ut

176 2289 296 2334 aiunt,
328 2295 455 2326 orator
485 2287 550 2325 ille
581 2287 810 2325 habebatur.
870 2286 953 2323 Sed·
982 2284 1228 2322 nihilominus
1258 2284 1350 2334 [illis
1379 2287 1633 2337 temporibus]

175 2350 339 2401 majores
353 2349 471 2387 vestri
489 2349 597 2387 istius
617 2348 787 2399 aequales
805 2348 854 2385 ob
873 2346 966 2384 nihil
984 2346 1118 2384 horum
1137 2358 1178 2383 se
1198 2346 1246 2383 ab
1264 2345 1330 2383 illo
1350 2347 1479 2384 vexari
1497 2357 1635 2386 contu·-

177 2411 335 2450 meliose
357 2410 461 2461 passi
481 2416 595 2448 sunt:
627 2410 698 2447 sed
731 2409 866 2447 exsilio
895 2408 1123 2446 mulctatum
1150 2407 1359 2458 ejecerunt,
1391 2415 1431 2446 et
1460 2412 1634 2459 quamvis

175 2471 557 2513 Lacedaemoniorum
588 2485 683 2522 opes
717 2484 867 2520 magnae
899 2477 982 2507 tum
1013 2475 1155 2516 essent,
1188 2476 1317 2507 tamen
1347 2476 1386 2507 et
1422 2470 1632 2510 Deceleam

175 2541 312 2573 contra
329 2546 369 2570 se
387 2533 536 2578 muniri,
557 2540 596 2571 et
610 2546 728 2570 naves
744 2531 930 2582 intercipi,
945 2531 1074 2569 omnia
1092 2530 1258 2581 denique
1279 2530 1504 2575 tolerarunt,
1520 2533 1631 2582 quid-

175 2596 231 2634 vis
251 2594 389 2632 invitos
409 2594 487 2645 pati
505 2593 763 2644 praestabilius
783 2606 868 2631 esse
889 2599 1085 2643 putantes,
1099 2604 1215 2642 quam
1226 2592 1402 2629 volentes
1417 2593 1631 2632 concedere

175 2663 218 2695 ut
236 2651 479 2695 vexarentur.
535 2655 614 2692 Sed
635 2668 723 2704 quae
743 2655 902 2692 tandein
932 2653 1032 2690 illius
1064 2659 1172 2690 tanta
1196 2653 1268 2689 fuit
1298 2652 1448 2702 injuria,
1468 2662 1630 2702 quanta-

175 2733 259 2758 rum
278 2718 349 2755 iste
377 2729 479 2753 nune
498 2722 559 2753 est
583 2715 810 2752 convictus?
843 2715 1004 2752 Taureae
1029 2712 1132 2750 aedili
1152 2713 1304 2762 alapam
1326 2712 1444 2748 dedit.
1501 2713 1559 2750 Si:
1577 2715 1631 2754 ita

175 2793 280 2818 sane.
338 2777 417 2815 Sed
436 2776 558 2814 aedilis
577 2775 679 2813 aedili
710 2776 749 2812 id
780 2768 887 2821 feeit,
909 2775 1081 2813 nondum
1109 2774 1182 2811 hae
1210 2774 1293 2823 lege
1313 2773 1467 2810 violata.
1526 2774 1630 2816 Nam

177 2854 224 2879 eo
242 2848 415 2891 tempore
435 2838 514 2875 lata
533 2837 704 2874 nondum
725 2843 819 2874 erat.
877 2836 1071 2874 Pictorem
1093 2833 1389 2884 Agatharchum
1418 2834 1457 2871 in
1477 2835 1632 2886 vincula

178 2898 356 2952 conjecit.
412 2899 513 2937 Nam
545 2905 583 2936 et
607 2897 692 2936 haec
722 2896 869 2935 dicunt.
925 2898 978 2935 At
1003 2896 1044 2934 id
1077 2894 1365 2944 delinquentem
1386 2908 1473 2933 eum
1493 2896 1630 2948 depre-
