1923 3149
588 144 877 183 ADVERSUS
908 142 1203 181 LEPTINEM.
1548 144 1619 179 301

172 247 389 286 etiamsi
433 249 549 299 quis
593 261 615 285 a
657 247 851 285 liberis
892 246 1008 296 ejus
1052 245 1364 282 incessatur
1412 245 1623 282 maledi-

170 309 295 352 ctis;
326 317 367 347 tu
389 323 477 348 vero
498 323 575 347 non
590 309 802 355 maledicis,
823 307 893 346 sed
924 305 1120 343 malefacis
1149 307 1309 343 mortuis
1340 307 1438 344 bene
1469 307 1626 351 meritis,

168 371 274 408 illum
295 372 428 409 nescio
448 385 563 421 quem
584 370 883 421 reprehendcnS,
914 375 953 406 et
976 367 1082 404 illum
1103 365 1302 415 indignum
1325 381 1408 405 esse
1429 368 1626 412 dictitans,

167 431 205 469 id
227 433 331 482 quod
351 433 400 470 ad
420 434 505 471 illos
537 433 651 484 plane
680 432 771 470 nihil
792 431 952 475 attinet3
981 442 1030 467 an
1051 440 1127 465 non
1146 427 1263 477 igitur
1283 442 1305 465 a
1325 436 1451 467 ruente
1474 430 1626 467 Solonis

171 499 210 530 et
229 494 422 531 sententia
442 494 662 544 longissime
679 491 854 530 recedis?

174 573 176 575 >
221 556 286 593 23.
315 555 483 596 Quidam
499 562 627 593 autem
647 554 744 591 serio
764 552 855 590 mihi
877 552 1075 590 nunciavit
1088 566 1158 604 pro
1178 550 1400 589 defensione
1422 551 1517 601 ejus,
1548 565 1626 589 ne-

169 616 444 666 quicquam
475 616 714 665 cuiquam
752 614 921 658 detur,
961 613 1219 664 quicquid
1258 613 1465 650 tandem
1505 626 1627 663 prae-

168 692 185 716 s
201 679 264 715 tit
280 679 394 723 erit,
427 691 494 715 eos
511 678 639 715 dicere
666 682 823 727 paratos
845 688 947 718 esse3
978 689 1103 726 neque
1121 674 1434 714 Lacedaemonios
1450 674 1515 724 qui
1532 676 1628 712 bene

168 740 442 790 rempublicam
473 746 620 791 gerant,
643 750 769 788 neque
790 737 995 775 Thebanos
1024 738 1205 788 cuiquam
1224 750 1244 774 e
1265 736 1343 774 suis
1373 736 1492 773 ullum
1513 735 1628 773 talem

166 800 353 838 honorem
372 800 602 839 decernere:
633 813 722 838 cum
752 798 956 836 verisimile
985 798 1032 836 sit
1058 799 1172 836 etiam
1193 798 1297 848 apud
1316 798 1399 835 illos
1417 797 1626 848 praeclaros

167 862 315 913 aliquos
336 876 419 900 esse
439 862 554 900 viros.
586 862 683 899 Mihi
705 874 795 900 vero
816 860 996 898 videntur
1015 861 1088 898 ista
1115 862 1245 905 verba,
1269 860 1540 905 Athenienses,
1560 873 1627 898 va-

164 924 240 963 lere
260 924 326 962 illa
346 924 499 975 quidem
518 925 567 962 ad
587 938 653 962 vos
674 924 886 961 movendos
906 929 946 960 et
970 936 1015 960 eo
1035 923 1286 961 abducendos
1308 929 1352 959 ut
1367 922 1627 961 immunitates

166 987 324 1033 tollatis,
337 988 405 1025 sed
421 1001 442 1025 a
453 987 602 1038 justitia
610 987 815 1038 plurimum
830 986 1045 1023 abhorrere.
1068 985 1150 1023 Nec
1164 985 1266 1022 enim
1278 984 1353 1023 hoc
1366 985 1514 1035 ignoro,
1527 985 1627 1022 The-‘

166 1050 304 1094 banos,
323 1056 363 1087 et
383 1049 709 1094 Lacedaemonios,
731 1055 770 1086 et
786 1061 857 1086 nos
878 1061 1001 1098 neque
1022 1047 1172 1098 legibus
1189 1047 1339 1093 iisdem,
1356 1060 1427 1084 nec
1444 1047 1627 1085 institutis

165 1111 233 1155 uti,
254 1124 325 1149 nec
353 1111 476 1149 forma
504 1110 735 1161 reipublicae.
780 1110 880 1147 Nam
901 1109 1068 1160 idipsum
1090 1109 1193 1159 quod
1214 1122 1316 1146 nunc
1336 1109 1398 1146 isti
1416 1108 1571 1154 facient,
1595 1108 1625 1146 si

166 1171 251 1210 haec
268 1173 407 1210 dicturi
420 1179 522 1216 sunt,
541 1172 788 1210 interdictum
803 1179 861 1209 est
878 1171 982 1222 apud
999 1171 1327 1217 Lacedaemonios,
1346 1172 1410 1221 [ne
1425 1171 1485 1207 vel
1505 1171 1626 1208 Athe-

165 1234 367 1278 niensium,
393 1234 456 1271 vel
477 1233 637 1271 aliorum
663 1233 907 1283 quorundam
939 1233 1116 1270 instituta
1149 1232 1325 1277 recitent,
1358 1238 1422 1269 aut
1450 1231 1627 1281 laudent]

164 1296 317 1333 minime
337 1296 509 1347 profecto
541 1295 580 1332 id
601 1294 852 1333 conceditur:
884 1294 953 1331 sed
982 1307 1070 1344 quae
1094 1307 1226 1332 eorum
1254 1293 1293 1330 in
1326 1293 1629 1331 administranda

161 1356 361 1408 republica
388 1357 525 1395 rationi
553 1356 801 1395 consentiunt
825 1363 864 1393 et
891 1355 1130 1402 conducunt,
1161 1368 1208 1393 ea
1235 1368 1323 1393 eum
1359 1354 1516 1392 laudare
1544 1362 1626 1392 tum

162 1418 288 1456 facere
308 1432 467 1457 necesse
488 1425 557 1456 est.
589 1418 743 1456 Deinde
764 1418 1046 1456 Lacedaemonii
1063 1417 1134 1455 etsi
1154 1430 1177 1454 a
1196 1416 1335 1454 talibus
1356 1415 1540 1454 institutis
1559 1418 1626 1454 ab-

163 1480 344 1518 horrent:
375 1481 437 1518 alii
468 1487 598 1518 tamen
618 1480 779 1531 quidam
805 1480 972 1517 honores
1001 1479 1105 1530 apud
1137 1492 1203 1516 eos
1226 1484 1319 1516 sunt
1342 1478 1380 1514 in
1412 1491 1498 1523 usu,
1529 1492 1627 1528 quos

163 1542 224 1580 hic
245 1542 361 1593 recipi
383 1542 558 1593 Populus
585 1542 739 1579 omnino
759 1542 985 1579 detestetur.
1025 1541 1101 1585 Qui
1121 1547 1211 1578 sunt
1231 1540 1346 1590 igitur
1365 1539 1448 1575 ilii?
1485 1539 1626 1591 Singu—

162 1603 220 1641 los
242 1603 421 1653 equidem
442 1616 520 1641 non
542 1604 874 1641 commemorabo:
910 1603 977 1640 sed
1005 1615 1124 1640 unum
1157 1608 1308 1639 tantum
1335 1600 1542 1651 proferam,
1562 1603 1626 1651 qui

164 1671 312 1702 ceteros
338 1665 375 1702 in
397 1678 437 1703 se
458 1665 642 1703 continet.
682 1664 782 1701 Cum
804 1664 956 1715 aliquis,
986 1670 1160 1715 spectata
1189 1663 1342 1707 virtute,
1368 1661 1406 1698 in
1438 1661 1626 1700 Senatum

165 1726 325 1764 allectus
345 1726 474 1772 fuerit,
494 1727 673 1763 dominus
691 1732 751 1762 est
767 1726 1039 1762 multitudinis.
1061 1725 1162 1762 Nam
1177 1724 1254 1761 illic
1270 1724 1416 1761 virtutis
1432 1725 1627 1774 praemium

160 1795 234 1833 est,
270 1801 357 1825 cum
386 1787 599 1836 aequalibus
627 1787 665 1823 in
692 1792 885 1836 potestate
915 1785 1108 1823 civitatem
1142 1785 1297 1823 habere.
1333 1785 1411 1823 Sed
1431 1786 1535 1837 apud
1556 1801 1625 1826 vos

160 1849 314 1900 quidem
356 1847 579 1898 reipublicae
621 1846 800 1885 dominus
839 1853 900 1884 est
929 1846 1114 1898 Populus,
1147 1854 1263 1897 atque
1302 1848 1554 1898 magistratus
1589 1857 1627 1887 et

159 1911 267 1962 leges
288 1909 488 1948 cautiones
511 1916 615 1956 sunt,
634 1922 682 1947 ne
700 1909 786 1960 quis
808 1909 904 1946 alius
923 1922 970 1947 ea
983 1909 1176 1960 potiatur:
1206 1910 1480 1959 praestantibus
1496 1918 1625 1949 autem

159 1972 248 2010 viris
277 1971 447 2024 praemia‘
468 1978 560 2009 sunt
586 1970 784 2022 proposita
813 1983 969 2008 coronae
1003 1979 1042 2008 et
1071 1970 1333 2009 immunitates
1365 1978 1404 2013 et
1430 1972 1554 2011 victus
1586 1974 1624 2010 in

160 2029 324 2071 curiabet
342 2033 424 2084 ejus
446 2032 598 2083 generis
624 2032 711 2070 alia.
752 2032 804 2070 Et
822 2039 985 2083 utraque
1012 2032 1109 2078 haec,
1131 2040 1214 2070 turn
1235 2046 1323 2083 quae
1342 2033 1405 2079 ibi,
1426 2040 1508 2070 tum
1535 2048 1623 2084 quae

158 2094 220 2132 hic
240 2094 350 2138 fiunt,
373 2093 470 2131 bene
495 2093 710 2131 constituta
728 2099 830 2131 sunt.
874 2093 1165 2136 Quamobrem?
1197 2094 1301 2136 Quia
1331 2094 1561 2145 oligarchias
1583 2096 1621 2133 id

161 2156 210 2194 ad
229 2156 476 2194 concordiam
499 2155 688 2206 provehit,
708 2168 795 2193 cum
815 2168 950 2193 omnes
974 2156 1199 2207 reipublicae
1225 2155 1368 2193 domini
1387 2156 1523 2195 eodem
1536 2161 1623 2205 jure

158 2225 273 2256 sunt:
294 2217 529 2269 Populorum
546 2226 672 2256 autem
693 2218 909 2257 libertatem
930 2218 1157 2256 custodiunt
1176 2218 1441 2269 praestantium
1455 2219 1622 2258 virorum

158 2281 381 2325 certamina,
402 2293 488 2331 quae
508 2280 604 2317 inter
624 2293 665 2318 se
684 2286 840 2331 propter
858 2279 1024 2318 honores
1042 2279 1108 2331 qui
1129 2293 1153 2318 a
1172 2279 1326 2331 Populo
1344 2279 1476 2318 haberi
1495 2281 1622 2320 solent

158 2342 433 2393 suscipiuntur.
472 2342 561 2379 Jam
591 2342 696 2393 quod
716 2342 766 2380 ad
787 2342 993 2381 Thebanos
1013 2342 1164 2388 attinet,
1184 2342 1250 2393 qui
1275 2341 1468 2380 neminem
1496 2343 1620 2382 hono-

157 2411 254 2450 rent,
274 2404 368 2441 illud
394 2417 481 2442 vere
510 2404 602 2441 mihi
631 2404 804 2443 dicturus
826 2405 970 2443 videor.
1032 2404 1174 2453 Majori
1203 2403 1323 2449 laudi,
1345 2404 1619 2452 Athenienses,

156 2465 330 2504 Thebani
352 2466 423 2503 sibi
445 2466 598 2504 ducunt
622 2466 888 2505 crudelitatem
916 2473 956 2505 et
982 2466 1282 2519 improbitatem,
1308 2479 1422 2518 quam
1448 2481 1518 2506 vos
1549 2468 1619 2506 hu-

156 2527 379 2565 manitatem
398 2533 437 2564 et
449 2527 639 2578 justitiam
661 2529 782 2566 vobis.
820 2528 960 2580 Neque
985 2528 1102 2580 igitur
1131 2528 1196 2574 illi,
1223 2528 1255 2566 si
1283 2528 1377 2578 quid
1405 2530 1619 2580 optandum

156 2597 231 2638 est,
255 2603 422 2640 unquam
442 2590 623 2628 desinant
642 2590 691 2629 de
712 2604 754 2629 se
768 2592 868 2630 bene
884 2591 1036 2629 meritos
1053 2604 1179 2641 neque
1195 2590 1397 2637 honorare,
1411 2604 1535 2641 neque
1549 2591 1617 2629 ad-

156 2651 297 2697 mirari,
324 2658 363 2689 et
381 2660 570 2702 cognatos
591 2653 846 2692 suos-scitis
872 2654 974 2692 enim
1006 2653 1201 2704 quomodo
1232 2665 1321 2691 cum
1353 2653 1618 2691 Orchomeniis

156 2713 414 2766 egerint—sic
434 2720 598 2751 tractare
617 2727 626 2752 ε
654 2728 780 2765 neque
801 2729 883 2761 vos,
903 2716 963 2753 his
985 2715 1177 2754 contraria
1193 2715 1322 2753 studio
1342 2714 1495 2759 habere,
1516 2721 1559 2752 ut
1581 2722 1619 2752 et

156 2774 402 2814 benemeritis
423 2774 591 2812 honores
619 2774 849 2823 decernatis,
870 2784 909 2815 et
929 2781 994 2826 jus
1013 2784 1184 2816 vestrum
1211 2790 1234 2814 a
1259 2775 1406 2813 civibus
1434 2775 1538 2813 facta
1561 2776 1618 2813 di-

155 2837 268 2876 cendi
288 2842 481 2888 potestate
503 2836 718 2874 secundum
738 2838 869 2889 legum
899 2838 1056 2877 decreta
1076 2835 1383 2887 consequamini.
1437 2835 1617 2887 Denique

155 2907 237 2937 turn
257 2899 413 2937 demum
432 2898 539 2948 leges
557 2904 594 2936 et
610 2897 787 2936 instituta
805 2899 964 2938 aliorum
985 2899 1183 2938 laudanda
1202 2909 1358 2943 censeo,
1378 2904 1416 2935 et
1434 2898 1617 2937 vestratia
