1923 3149
280 167 353 203 36⁴2
660 163 887 201 CONTRA
918 163 1344 203 ANDROTIONEM.

281 268 439 307 solvisse
454 267 667 319 pecuniam.
689 268 787 311 Quae
803 268 833 305 si
844 267 1055 307 *ostendere
1071 280 1147 305 non
1165 269 1324 319 poteris,
1337 267 1422 318 lege
1438 272 1591 305 vetante
1608 266 1736 304 fecisti

281 331 491 368 decretum.
515 328 705 366 Heredem
721 329 822 367 enim
848 336 886 367 te
902 328 964 366 lex
979 328 1180 366 constituit
1192 335 1360 379 paternae
1381 327 1623 378 ignominiae:
1643 339 1733 364 cum

282 399 410 430 autem
431 391 708 442 ignominiosus
740 392 805 437 sis,
826 405 898 430 nec
919 392 1034 429 verba
1070 390 1210 437 facere,
1230 404 1301 428 nec
1321 390 1525 428 decernere
1544 390 1610 426 tibi
1630 389 1734 427 licet.

340 455 400 490 ll.
430 453 489 490 Ac
515 452 562 490 de
587 452 736 502 legibus
766 466 861 503 quas
895 452 935 489 in
965 451 1131 489 medium
1161 451 1373 496 attulimus,
1411 451 1442 488 si
1468 450 1559 501 quid
1603 449 1736 487 afferre

281 515 360 552 fuci
387 527 532 565 vosque
550 513 748 552 vseducere
776 513 963 557 instituet,
984 514 1070 550 haec
1098 513 1206 550 vobis
1244 525 1327 551 esse
1355 511 1536 556 tenenda,
1563 524 1651 560 quae
1679 523 1736 547 re-

282 577 415 615 censui
445 575 627 613 arbitror:
668 583 758 613 sunt
795 582 922 613 autern
952 574 986 612 ei
1019 581 1057 612 et
1094 574 1141 612 de
1170 574 1308 613 ceteris
1341 573 1533 611 orationes
1581 571 1629 608 ad
1667 584 1737 608 vos

282 636 533 688 decipiendos
560 637 659 674 belle
690 643 935 687 comparatae,
953 636 1001 673 de
1026 636 1166 687 quibus
1192 648 1260 673 vos
1285 634 1390 685 prius
1407 633 1538 672 audire
1568 638 1742 683 praestat.

285 699 457 743 Quarum
489 711 568 736 una
600 697 688 734 talis
722 704 795 742 est,
820 710 867 736 ne
898 697 1128 747 quingentos
1158 703 1371 735 vestrorum
1407 695 1548 733 civium
1585 693 1741 744 praemio

285 760 470 811 spolietis,
490 766 558 796 aut
586 758 796 809 ignominia
822 758 1020 796 afficiatis:
1051 758 1205 796 illorum·
1233 758 1295 808 agi
1320 770 1492 802 causam,
1517 769 1594 793 non
1619 767 1741 793 suam.

288 822 372 872 Ego
420 833 523 865 vem,
562 819 592 857 si
640 819 726 856 illos
757 819 947 857 duntaxat
973 819 1188 870 spoliaturi,
1226 819 1446 870 reipublicae
1479 825 1607 856 autem
1648 815 1744 854 nihil

286 881 568 930 commodaturi
600 880 750 925 essetis,
786 893 864 917 non
898 880 1005 917 vobis
1052 886 1187 917 auctor
1235 892 1374 925 essem,
1421 885 1466 916 ut
1510 890 1742 928 magnopere

288 942 592 981 contenderetis:
623 941 690 979 sed
710 941 739 978 si
759 953 804 977 eo
830 941 933 978 facto
964 941 1066 978 cives
1098 941 1261 991 amplius
1295 940 1422 977 decies
1448 939 1550 976 mille
1569 939 1745 976 meliores

289 1006 428 1043 facturi
460 1004 567 1050 estis,
612 1009 756 1052 quanto
789 1002 958 1052 pulcrius
1002 1009 1061 1040 est
1099 1002 1264 1047 efficere,
1297 1007 1342 1039 ut
1383 1008 1461 1039 tarn
1504 1000 1613 1037 multi
1656 998 1747 1036 boni

291 1068 381 1111 sint,
403 1079 517 1117 quam
547 1065 685 1113 injuste
715 1064 921 1115 gratificari
938 1063 1188 1114 quingentis?
1244 1063 1385 1100 Dicere
1416 1069 1544 1100 autem
1571 1073 1749 1112 possum,

289 1129 485 1178 negotium
505 1127 580 1164 hoc
611 1139 689 1164 non
722 1139 807 1163 esse
839 1126 955 1163 totius
982 1132 1156 1171 senatus,
1184 1125 1250 1162 sed
1276 1124 1531 1175 quorundam,
1560 1123 1626 1173 qui
1658 1128 1749 1160 sunt

291 1195 468 1240 auctores
499 1187 700 1233 malorum,
738 1194 777 1224 et
804 1180 1068 1224 Androtionis.
1138 1186 1210 1223 Cui
1240 1186 1339 1223 enirn
1374 1185 1577 1237 opprobrio
1609 1190 1687 1228 est,
1717 1183 1748 1220 si

293 1257 445 1289 tacente
484 1250 580 1299 ipso,
613 1255 653 1286 et
686 1247 778 1285 nihil
807 1247 1012 1292 scribente,
1033 1260 1077 1285 ac
1112 1247 1283 1285 fortassis
1313 1260 1361 1284 ne
1394 1246 1539 1284 curiam
1571 1246 1748 1295 frequen-

293 1318 415 1356 tante,
435 1316 592 1348 senatus
611 1322 791 1346 coronam
818 1322 893 1346 non
910 1308 1130 1360 acceperit?
1161 1308 1318 1346 Nemini
1345 1320 1438 1345 sane
1456 1321 1464 1345 :
1496 1307 1564 1345 sed
1580 1306 1662 1357 ejus
1683 1306 1748 1355 qui

296 1372 480 1417 decernit,
501 1377 541 1409 et
558 1384 618 1407 res
645 1370 898 1413 administrat,
920 1375 959 1406 et
977 1369 1124 1419 quaevis
1143 1369 1293 1406 senatui
1314 1367 1529 1419 persuadet.
1587 1366 1751 1417 Propter

293 1434 365 1472 hos
384 1433 486 1471 enim
505 1432 544 1468 in
563 1431 742 1469 obeundo
771 1443 924 1467 munere
941 1430 1134 1467 senatorio
1151 1443 1192 1466 se
1212 1442 1354 1466 corona
1379 1429 1557 1478 indignos
1575 1428 1750 1478 praebue-

294 1502 396 1533 runt.
454 1493 532 1530 Sed
560 1499 690 1530 tamen
721 1498 764 1528 ut
797 1491 961 1528 maxime
993 1490 1109 1527 totius
1131 1496 1284 1527 senatus
1304 1502 1424 1527 causa
1440 1495 1589 1539 agatur,
1605 1494 1751 1537 quanto

296 1557 406 1595 vobis
440 1568 528 1593 eum
560 1554 819 1591 condemnare
849 1552 898 1589 sit
930 1551 1059 1589 utilius
1085 1564 1199 1602 quam
1232 1564 1322 1594 non,
1357 1557 1544 1601 spectate.
1600 1549 1701 1586 Nam
1720 1549 1752 1587 si

297 1617 548 1662 absolveritis,
569 1617 607 1653 in
627 1629 744 1653 manu
777 1621 970 1652 oratorum
997 1615 1068 1651 erit
1099 1621 1285 1651 senatus:
1316 1613 1376 1650 sin
1408 1611 1693 1657 damnaveritis,
1714 1610 1751 1648 in

297 1681 429 1734 populi
449 1685 654 1730 potestate.
700 1677 799 1714 Nam
821 1677 851 1714 si
871 1675 1076 1713 multitudo
1095 1674 1230 1713 viderit
1263 1674 1364 1711 hunc
1393 1681 1568 1711 senatum
1598 1679 1754 1724 propter

298 1741 584 1793 improbitatem
605 1744 813 1782 oratorum,
834 1751 977 1776 corona
995 1750 1081 1775 esse
1100 1737 1302 1787 privatum,
1324 1748 1401 1775 non
1424 1734 1574 1772 illorum
1605 1733 1753 1771 libidini

300 1803 456 1854 negotia
474 1800 728 1846 committent,
749 1799 817 1837 sed
835 1799 903 1849 ipsi
931 1811 977 1836 ea
997 1799 1139 1844 dicent,
1165 1810 1250 1848 quae
1279 1803 1367 1834 sunt
1393 1795 1617 1833 utilissima:
1647 1794 1752 1845 quod

301 1866 332 1903 si
351 1864 431 1910 fiet,
449 1876 596 1913 vosque
618 1875 640 1899 a
658 1868 783 1899 vetere
799 1860 866 1898 illa
884 1860 1049 1898 factione
1066 1867 1105 1898 et
1122 1858 1402 1910 conspiratione
1422 1864 1615 1895 oratorum
1631 1869 1754 1894 reces-

301 1926 438 1971 seritis,
458 1925 648 1970 videbitis,
670 1923 939 1969 Athenienses,
961 1923 1090 1960 onmia
1122 1922 1202 1959 fieri
1233 1934 1318 1971 quae
1345 1927 1508 1971 oportet.
1566 1920 1694 1960 Quare
1713 1925 1754 1955 ut

300 1988 449 2026 nullam
469 1987 517 2023 ob
538 1985 664 2030 aliam,
686 1984 758 2022 hac
777 1991 881 2022 certe
900 1984 948 2022 de
967 1996 1087 2021 cansa
1107 1990 1197 2020 sunt
1215 1981 1512 2020 condemnandi.

300 2090 306 2093 ,
360 2051 421 2085 12.
451 2047 540 2085 Jam
560 2045 666 2084 aliud
693 2046 797 2096 quod
829 2059 896 2082 vos
929 2046 1048 2082 latere
1076 2057 1154 2081 non
1187 2049 1352 2094 oportet,
1383 2042 1526 2080 audite.
1584 2039 1758 2078 Prodibit

300 2107 476 2150 fortassis
496 2113 536 2144 et
554 2112 729 2143 senatum
750 2105 934 2142 defendet
954 2105 1156 2155 Philippus
1175 2110 1214 2140 et
1233 2103 1460 2152 Antigenes,
1481 2108 1520 2140 et
1539 2100 1756 2151 rescrIptor,

302 2178 342 2210 et
361 2169 516 2220 quidam
531 2167 607 2213 alii,
623 2167 688 2217 qui
707 2165 784 2203 illic
805 2179 883 2215 nna
897 2179 984 2204 cum
1006 2167 1080 2203 isto
1102 2178 1173 2202 sua
1199 2171 1375 2202 senatum
1403 2163 1629 2201 auctoritate
1645 2175 1756 2200 rexe-

304 2239 406 2276 runt,
425 2230 614 2272 ethorum
646 2227 834 2265 malorum
860 2235 949 2265 sunt
975 2234 1168 2265 auctores.
1224 2226 1370 2263 Omnes
1400 2226 1515 2276 igitur
1530 2237 1598 2262 vos
1618 2223 1758 2261 intelli-

306 2305 396 2343 gere
430 2289 592 2333 debetis,
619 2287 673 2327 eis
704 2295 935 2339 praetextum
968 2301 1054 2326 esse
1086 2286 1333 2331 defensionis,
1356 2285 1536 2336 adjuvare
1557 2290 1755 2322 senatum:

307 2353 377 2391 sed
397 2363 530 2389 revera
542 2350 591 2387 de
613 2362 654 2389 se
671 2349 921 2393 laboraturos,
941 2356 980 2386 et
999 2349 1048 2386 dc
1065 2347 1274 2386 rationibus
1295 2359 1418 2384 rerum
1441 2352 1650 2395 gestarum,
1671 2358 1758 2395 quae

308 2413 362 2450 cis
384 2410 590 2449 reddendae
614 2417 740 2446 erunt.
798 2409 861 2447 Sic
881 2409 980 2446 enim
1009 2423 1048 2447 se
1069 2421 1128 2446 res
1150 2408 1289 2445 habet:
1321 2407 1352 2444 si
1380 2419 1484 2443 reum
1506 2406 1758 2451 absolveritis,

309 2486 442 2513 omnes
482 2485 561 2511 rein
593 2471 734 2511 factam
769 2471 979 2516 habebunt,
1015 2483 1086 2508 nec
1111 2482 1243 2508 eorum
1272 2469 1471 2518 quisquam
1499 2481 1631 2518 poenas
1659 2468 1759 2506 ullas

309 2534 430 2573 dabit..
487 2532 584 2574 Quis
616 2532 713 2572 enim
745 2545 857 2582 porro
885 2532 1040 2571 damnet
1069 2531 1170 2575 illos,
1195 2531 1226 2567 si
1253 2543 1321 2566 vos
1350 2537 1540 2574 senatum,
1569 2530 1680 2580 cujus
1707 2528 1761 2566 illi

309 2596 458 2647 patroni
485 2594 653 2637 suerunt,
675 2606 816 2631 corona
845 2591 1106 2632 donaveritis?
1136 2591 1201 2628 Sin
1237 2591 1524 2638 damnaveritis,
1550 2590 1714 2642 primum
1740 2602 1760 2628 e

304 2653 553 2706 jurisjurandi
580 2653 762 2703 religione
784 2652 1083 2703 pronunciabitis
1102 2665 1110 2689 ε
1141 2651 1296 2697 deinde,
1317 2652 1352 2689 in
1380 2651 1587 2689 referendis
1606 2650 1761 2688 rationi-

313 2719 383 2754 bus
411 2717 569 2753 istorum
602 2714 761 2764 singulis
785 2713 994 2763 prehensis,
1016 2713 1046 2749 si
1072 2713 1154 2763 quis
1183 2713 1289 2750 vobis
1325 2712 1530 2762 deliquisse
1558 2710 1760 2756 videbitur,

313 2792 395 2814 omn
419 2775 596 2826 punietis,
617 2774 679 2826 qui
699 2787 789 2818 non,
807 2788 892 2811 eum
916 2782 994 2810 tum
1016 2773 1235 2811 absolvetis.
1293 2774 1352 2810 Ne
1374 2773 1486 2823 igitur
1515 2773 1570 2809 sic
1602 2783 1666 2808 eos
1691 2784 1759 2808 au-

314 2838 404 2880 dito,
427 2846 468 2874 ut
488 2836 552 2888 qui
569 2842 722 2873 senatus
744 2842 783 2872 et
802 2834 929 2885 populi
954 2847 1109 2871 causam
1127 2842 1257 2886 agant,
1274 2834 1339 2872 scd
1363 2832 1562 2872 irascimini
1584 2839 1624 2869 ut
1641 2832 1682 2869 iis
1697 2831 1760 2882 qui

313 2912 392 2943 stau:
413 2898 644 2951 impunitatis
663 2897 785 2948 gratia
802 2894 874 2934 ‘vos
896 2895 1100 2948 decipiant.
