1923 3149
298 206 375 242 294
715 204 1003 243 ADVERSUS
1034 205 1331 245 LEPTINEM.

296 307 408 343 rebus
423 305 575 357 impulsi
596 319 666 344 nos
687 307 896 346 affecerunt
910 309 1072 358 injuria?
1102 310 1203 348 Sane
1223 309 1398 348 omnibus
1413 309 1656 360 perspicuum
1670 315 1742 353 est,

295 366 588 417 exspectatione
618 379 845 418 magnorum
880 382 903 406 a
939 370 1116 421 Philippo
1152 384 1354 408 munerum
1392 370 1431 408 id
1469 384 1555 408 esse
1587 370 1744 408 factum.

298 427 435 464 Utrum
455 427 582 477 igitur,
614 428 785 480 Leptine,
813 438 850 467 te
872 431 992 480 magis
1013 431 1155 475 decuit,
1178 432 1351 469 hostibus
1373 432 1404 469 si
1427 438 1550 482 potes,
1571 432 1745 476 suadere,

294 501 343 525 ne
362 488 546 526 honorem
566 489 733 528 habeant
752 491 1022 541 proditoribus,
1043 493 1105 543 qui
1126 506 1170 530 eo
1189 493 1273 544 ipso
1293 505 1370 542 quo
1385 505 1454 530 nos
1469 492 1662 537 laeserunt,
1677 493 1744 529 be-

292 549 403 587 nefici
422 550 460 587 in
480 549 608 589 hostes
628 558 781 589 nostros
804 553 1048 600 exstiterunt,
1064 567 1112 591 an
1132 554 1257 604 legem
1277 553 1378 590 hanc
1398 554 1508 590 nobis
1526 553 1635 597 ferre,
1655 564 1744 601 quae

295 610 424 661 aliqua
442 612 535 649 data
552 613 796 650 benemeritis
817 613 864 650 de
885 614 994 652 nobis
1014 617 1172 665 praemia
1191 615 1352 666 eripiat?
1381 627 1454 664 ego
1474 613 1625 665 quidem
1648 612 1744 649 illud

292 671 419 723 potius
439 685 523 710 esse
544 685 696 711 censeo.
745 673 888 712 Verum
908 688 956 713 ne
975 676 1127 727 longius
1157 678 1204 715 ab
1225 676 1400 714 instituto
1424 674 1630 726 digrediar,
1651 684 1744 724 cape

290 734 637 780 senatusconsulta,
659 747 745 784 quae
770 734 922 774 Thasiis
941 744 980 774 et
1002 738 1221 789 Byzantinis
1241 738 1383 789 scripta
1402 743 1503 775 sunt.
1540 735 1690 774 Recita.

743 870 1304 911 SENATUSCONSULTA.

290 970 636 1010 Senatusconsulta
667 973 836 1023 quidem,
864 974 1027 1025 judices,
1058 974 1271 1011 audivistis.
1329 973 1519 1019 Fortassis
1550 979 1677 1009 autem
1696 984 1744 1009 ex

288 1031 372 1070 istis
392 1033 566 1071 nonnulli
587 1034 785 1080 obierunt;
816 1043 855 1074 at
874 1049 934 1074 res
956 1043 1076 1086 gestae
1095 1035 1223 1073 adhuc
1239 1041 1393 1073 exstant
1404 1040 1607 1084 postquam
1624 1031 1744 1070 semel

288 1099 410 1143 gestae
429 1101 527 1132 sunt.
587 1095 798 1133 Columnas
819 1096 933 1146 igitur
952 1109 1015 1134 eas
1044 1097 1082 1134 in
1100 1103 1328 1147 perpetuum
1348 1103 1451 1133 ratas
1470 1107 1555 1132 esse
1578 1094 1743 1139 sinitote,

286 1160 331 1191 ut
350 1167 412 1201 ne,
433 1155 525 1192 dum
545 1155 614 1193 ulli
636 1157 862 1207 superstites
882 1158 1035 1203 suerint,
1050 1158 1187 1209 injuria
1204 1171 1270 1208 per
1284 1170 1350 1195 vos
1372 1157 1614 1194 afficiantur:
1643 1162 1681 1193 et
1700 1160 1745 1191 ut

284 1222 490 1266 postquam
511 1217 683 1263 obierint,
704 1218 816 1256 moris
842 1217 1009 1256 civitatis
1036 1225 1177 1256 nostrae
1198 1218 1476 1255 monimentum
1495 1217 1583 1260 sint,
1599 1222 1639 1253 et
1656 1222 1742 1253 tan-

284 1289 400 1326 quam
424 1277 603 1328 exempla
631 1279 830 1329 proposita
862 1279 960 1317 bene
988 1279 1035 1317 de
1066 1280 1175 1317 nobis
1208 1279 1342 1316 mereri
1377 1278 1634 1328 cupientibus,
1654 1288 1741 1327 quae

285 1345 481 1384 moneant,
499 1346 670 1378 nostram
691 1341 826 1377 urbem
847 1341 1008 1390 gratiam
1032 1340 1080 1378 de
1100 1354 1140 1378 se
1161 1339 1402 1378 benemeritis
1424 1339 1616 1377 retulisse.
1671 1338 1742 1374 At-

285 1411 360 1449 que
380 1399 476 1437 illud
497 1401 625 1447 etiarn,
647 1401 926 1448 Athenienses,
944 1415 1018 1439 vos
1039 1415 1086 1439 ne
1102 1402 1234 1446 lateat,
1256 1401 1519 1452 turpissimum
1534 1413 1632 1444 esse,
1653 1412 1743 1438 cum

285 1459 419 1497 o'mnes
433 1460 606 1500 homines
625 1469 705 1499 tum
726 1463 881 1500 videant
905 1469 986 1500 tum
1017 1462 1177 1500 audiant
1203 1462 1457 1505 calamitates,
1487 1462 1525 1498 in
1554 1474 1649 1511 quas
1679 1459 1743 1497 isti

287 1520 356 1558 viri
375 1521 607 1569 inciderunt,
629 1524 732 1561 omni
755 1531 924 1574 tempore
944 1531 1048 1561 ratas
1064 1523 1138 1561 illis
1154 1524 1356 1569 mansisse,
1377 1522 1545 1572 praemia,
1567 1535 1654 1572 quae
1672 1534 1741 1572 pro

282 1581 356 1619 illis
377 1592 624 1634 acceperunt,
642 1597 665 1622 a
685 1585 791 1622 vobis
811 1586 914 1622 irrita
932 1598 1019 1622 esse
1040 1585 1152 1622 facta.
1186 1584 1313 1622 Multo
1328 1584 1429 1621 enim
1450 1582 1739 1621 convenientius

285 1650 379 1689 erat,
399 1644 645 1682 manentibus
681 1645 969 1695 donationibus,
1000 1645 1207 1683 infortunia
1239 1645 1422 1689 minuere,
1445 1657 1560 1695 quam
1595 1643 1741 1695 eripere

280 1705 450 1754 praemia,
470 1705 710 1743 calamitates
731 1706 960 1756 relinquere.
1003 1707 1107 1745 Nam
1127 1707 1211 1757 quis
1231 1714 1302 1754 est,
1318 1707 1445 1744 Deum
1465 1705 1740 1744 immortalem!

281 1767 346 1816 qui
359 1768 466 1805 vobis
484 1767 714 1806 benefacere
728 1768 833 1815 velit,
848 1769 879 1806 si
898 1776 1057 1806 conatus
1078 1781 1155 1805 non
1175 1769 1444 1817 successerint,
1460 1781 1550 1805 mox
1566 1767 1740 1805 hostibus

281 1840 416 1877 poenas
436 1829 616 1867 daturus:
647 1830 706 1866 sin
722 1830 997 1873 successerint,
1020 1829 1178 1866 dubiam
1198 1843 1220 1866 a
1240 1829 1349 1866 vobis
1370 1830 1530 1879 gratiam
1545 1828 1740 1866 initurus?

341 1892 403 1928 16.
434 1890 753 1928 Molestissimum
782 1903 885 1936 vero,
913 1890 1082 1940 judices,
1115 1889 1206 1926 mihi
1244 1890 1370 1936 fuerit,
1404 1890 1435 1926 si
1472 1890 1546 1926 hoc
1585 1889 1739 1926 nomine

281 1953 472 1990 duntaxat
499 1951 626 2001 legem
653 1952 738 2002 jure
769 1963 1006 1997 accusarem,
1039 1951 1144 2001 quod
1176 1950 1307 1988 multis
1348 1950 1514 1987 externis
1553 1950 1653 1988 bene
1689 1949 1738 1988 de

280 2014 414 2065 repub.
435 2012 579 2050 meritis
599 2012 880 2049 immunitatem
901 2011 1057 2062 eripiat:
1088 2012 1228 2049 civium
1242 2024 1330 2049 vero
1358 2011 1549 2048 neminem
1568 2011 1739 2061 proferre

279 2087 448 2126 possem,
470 2075 532 2112 cui
552 2074 686 2111 merito
706 2074 738 2111 is
757 2074 882 2111 honos
903 2074 1142 2124 contigisset.
1200 2072 1303 2110 Nam
1324 2086 1412 2110 cum
1442 2072 1600 2110 aliarum
1620 2084 1737 2123 opum

278 2139 484 2174 maximam
505 2135 608 2187 apud
626 2148 694 2173 vos
716 2148 801 2173 esse
823 2135 973 2186 copiam
986 2135 1160 2186 optarim,
1174 2142 1255 2172 tum
1269 2134 1606 2185 praestantissimos
1620 2134 1738 2180 viros,

280 2212 326 2237 ac
357 2199 543 2250 plurimos
572 2198 621 2235 de
650 2197 846 2249 republica
871 2198 1130 2235 benemeritos
1149 2198 1251 2235 cives
1280 2209 1375 2235 esse.
1432 2195 1601 2233 Primum
1621 2196 1739 2246 igitur

280 2260 480 2299 Cononem
507 2259 722 2305 intuemini,
741 2265 868 2297 utrum
889 2271 1041 2309 aequum
1063 2258 1125 2304 sit,
1145 2258 1206 2296 vel
1225 2257 1333 2295 illum
1352 2257 1487 2302 virum,
1513 2256 1574 2294 vel
1606 2269 1666 2293 res
1688 2257 1735 2294 ab

280 2337 326 2363 eo
346 2332 490 2375 gestas,
511 2321 757 2374 reprehendi,
788 2335 833 2360 ac
852 2321 1077 2360 donationes
1096 2321 1149 2358 illi
1175 2321 1297 2358 factas
1318 2318 1503 2368 abrogari.
1561 2318 1599 2356 Is
1620 2318 1735 2365 enim,

279 2393 322 2423 ut
351 2399 371 2423 e
398 2392 563 2423 vestrum
585 2384 831 2435 quibusdam,
851 2383 917 2434 qui
933 2384 1102 2433 aequales
1120 2382 1172 2419 illi
1191 2382 1358 2426 fuerunt,
1379 2379 1510 2416 audire
1526 2379 1627 2425 licet,
1648 2387 1738 2430 post

278 2446 416 2498 Populi
445 2460 465 2483 e
491 2446 638 2483 Piraeeo
666 2445 844 2489 reditum,
873 2445 967 2481 urbe
994 2451 1128 2481 nostra
1158 2442 1318 2485 infirma,
1340 2447 1379 2478 et
1407 2440 1551 2477 nullam
1578 2440 1736 2479 omnino

277 2521 415 2546 navem
436 2507 671 2558 possidente,
693 2519 783 2544 curn
812 2505 901 2556 regi,
927 2505 1133 2542 Persarum
1153 2502 1361 2541 exercitum
1383 2501 1557 2545 duceret,
1575 2514 1598 2539 a
1624 2501 1734 2539 vobis

278 2569 384 2606 nulla
402 2580 444 2605 re
464 2580 620 2618 prorsus
636 2567 806 2617 adjutus,
824 2566 949 2603 navali
972 2565 1108 2616 proelio
1127 2562 1448 2601 Lacedaemonios
1468 2562 1676 2612 superavit,
1696 2568 1737 2600 et

278 2630 345 2681 qui
363 2630 467 2680 prius
488 2628 570 2666 aliis
591 2628 778 2678 imperare
803 2632 1050 2671 consuerant,
1067 2638 1133 2662 eos
1153 2624 1261 2661 vobis
1279 2636 1410 2674 parere
1433 2623 1579 2669 docuit,
1606 2629 1644 2661 et
1661 2622 1733 2661 La-

278 2704 419 2729 conum
444 2691 691 2740 magistratus
713 2702 759 2726 ex
779 2689 913 2726 insulis
927 2687 1074 2738 expulit
1089 2701 1098 2730 ;
1116 2686 1257 2723 deiude
1273 2685 1348 2722 huc
1363 2684 1572 2736 profectus,
1593 2684 1734 2722 moenia

278 2754 460 2796 restituit;
491 2759 529 2790 et
548 2752 692 2802 primus
714 2750 855 2796 effecit,
876 2756 916 2786 ut
936 2755 1062 2786 nostra
1081 2749 1171 2785 urbs
1194 2760 1324 2784 rursus
1344 2747 1391 2784 de
1409 2745 1625 2797 principatu
1643 2757 1732 2781 cum

279 2813 581 2854 Lacedaemoniis
602 2813 826 2863 disputaret.
886 2811 928 2847 In
951 2810 1033 2848 sola
1054 2810 1152 2847 enim
1174 2809 1270 2846 illius
1293 2821 1338 2845 ex
1359 2807 1534 2845 omnibus
1551 2805 1734 2843 columna

279 2878 460 2926 scriptum
485 2883 558 2922 est,
575 2875 633 2913 his
653 2873 803 2912 verbis:
834 2879 1090 2923 postquam
1115 2871 1211 2908 Con
1226 2883 1248 2907 0
1280 2869 1450 2907 socios
1472 2866 1731 2905 Athenien-

277 2938 397 2975 sium
428 2937 521 2975 libe
535 2950 550 2975 r
564 2950 614 2975 av
629 2936 664 2974 it
683 2958 697 2966 -
712 2958 727 2965 -
746 2959 761 2965 -
782 2935 857 2974 Est
877 2941 1006 2973 autem
1025 2946 1071 2971 ca
1090 2931 1298 2983 inscriptio,
1322 2930 1486 2985 judices,
1507 2927 1560 2966 illi
1575 2927 1731 2978 quidem
