1923 3149
593 181 824 221 CONTRA
854 182 1242 224 TIMOCRATEM.
1554 186 1633 224 415

177 295 252 330 ser,
272 283 376 335 apud
395 297 463 324 vos
481 298 605 337 pauca
622 287 774 338 praesari
801 287 902 334 volo,
923 299 1011 336 quoe
1031 299 1054 324 a
1072 300 1111 324 re
1132 287 1257 324 aliena
1275 299 1351 325 non
1378 292 1501 325 erunt.
1533 287 1632 338 Ego,

178 345 447 393 Athenienses,
476 349 627 400 suscepi
649 348 863 387 inimicitias
886 347 1051 385 hominis
1083 348 1241 398 improbi
1273 355 1311 385 et
1338 349 1476 395 odiosi,
1496 355 1534 387 et
1560 349 1632 386 diis

177 404 303 453 invisi,
329 409 390 445 cui
417 410 572 446 tandem
603 416 685 447 tota
713 423 865 460 quoque
894 409 1027 446 civitas
1055 407 1208 446 inimica
1240 409 1346 447 facta
1375 418 1447 454 cst,
1479 410 1635 448 Andro-

176 467 319 506 tionem
340 470 440 508 dico.
473 471 675 520 Tantoque
691 483 773 508 sum
791 469 1030 520 gravioribus
1046 470 1093 506 ab
1110 482 1154 506 eo
1171 469 1313 520 injuriis
1335 470 1495 508 affectus
1516 484 1633 520 quam

177 528 377 576 Euctemo,
406 531 509 581 quod
539 531 601 568 hic
630 531 806 582 pecuniae
830 529 1259 580 nonnullamjacturam
1289 531 1402 567 fecit:
1434 544 1506 581 ego
1531 543 1635 577 vcro,

175 590 208 629 si
236 598 398 629 conatus
428 592 528 629 illius
560 592 746 629 adversus
766 603 827 628 me
857 591 1018 641 improbi
1042 604 1266 629 successum
1295 591 1536 637 habuissent,
1557 606 1632 629 non

175 653 293 690 modo
325 652 487 690 fortunis
507 652 699 697 omnibus,
721 651 790 689 sed
816 652 896 689 vita
923 651 1036 689 etiam
1064 651 1147 702 ipsa
1172 664 1300 689 essem
1331 651 1529 702 spoliatus,
1558 653 1633 689 imo

173 727 246 752 nec
267 715 305 752 id
321 715 424 765 quod
442 727 644 751 commune
666 719 724 751 est
739 713 932 760 omnibus,
947 713 1134 751 excedere
1151 715 1229 751 vita
1243 714 1335 751 mihi
1357 714 1468 752 facile
1486 715 1631 752 fuisset.

174 775 275 812 Nam
295 788 341 812 ea
359 774 530 820 crimina,
552 787 640 825 quae
660 775 716 812 vir
732 774 904 824 prudens
924 775 1039 812 etiam
1059 775 1198 812 invitus
1219 776 1405 820 nominet,
1422 782 1554 813 contra
1572 789 1633 812 me

170 842 430 883 commentus,
452 842 494 873 ut
518 837 583 887 qui
605 842 751 887 patrem
771 836 1017 881 occidissem,
1038 836 1126 873 dica
1145 837 1351 887 impietatis
1372 837 1551 888 impacta,
1571 851 1632 874 me

170 910 277 935 reum
294 897 399 936 fecit.
431 897 475 934 In
498 910 574 948 quo
593 897 757 948 judicio,
780 897 882 947 quod
903 898 1075 947 quintam
1097 898 1364 949 suffragiorum
1385 906 1533 948 partem
1553 911 1632 936 non

171 959 339 1003 tulisset,
360 958 466 996 mille
487 958 680 996 drachmis
702 965 762 996 cst
782 958 1002 1004 damnatus,
1019 972 1092 1010 ego
1113 972 1220 1003 vero,
1245 959 1355 997 sicuti
1370 962 1517 1008 Justum
1547 960 1632 1006 fuit,

168 1020 208 1057 in
236 1020 366 1072 primis
393 1033 466 1071 ope
496 1020 655 1058 deorum
675 1020 961 1066 immortalium,
989 1020 1129 1058 deinde
1153 1027 1279 1058 vestro
1308 1020 1436 1065 etiam,
1460 1019 1631 1071 judices,

169 1081 325 1127 auxilio,
345 1081 550 1119 incolumis
572 1081 687 1119 evasi.
737 1081 835 1118 Eum
857 1081 985 1131 igitur,
1019 1095 1041 1119 a
1068 1095 1144 1134 quo
1169 1081 1310 1119 talibus
1335 1094 1459 1119 essem
1480 1080 1629 1119 insidiis

169 1143 376 1193 appetitus,
395 1142 545 1180 hostem
564 1142 655 1179 mihi
674 1142 1028 1180 irreconciliabilem
1059 1143 1284 1180 arbitrabar.
1335 1143 1435 1180 Cum
1465 1155 1554 1179 vero
1575 1142 1631 1180 vi-

168 1204 299 1242 derem
319 1204 367 1241 ab
388 1217 435 1242 eo
452 1203 704 1242 communiter
719 1209 839 1241 totam
854 1204 1047 1242 civitatem
1064 1217 1149 1242 esse
1167 1204 1313 1250 laesam,
1334 1210 1414 1241 tum
1431 1203 1630 1254 exigendis

167 1265 332 1310 tributis,
351 1266 434 1302 tum
455 1265 574 1302 sacris
593 1264 694 1302 vasis
714 1265 976 1311 conficiendis,
993 1278 1251 1316 magnamque
1269 1265 1470 1315 pecuniam
1493 1266 1630 1315 partim

171 1325 373 1372 Minervae,
392 1326 531 1376 partim
551 1325 724 1372 heroum,
750 1326 890 1375 partim
916 1326 1096 1372 civitatis,
1122 1326 1278 1372 habere,
1305 1339 1421 1376 quam
1441 1339 1518 1363 non
1541 1327 1632 1364 red-
1666 1361 1672 1368 ,

167 1381 288 1433 deret,
308 1399 387 1424 una
415 1399 504 1425 cum
528 1386 770 1424 Euctemone
799 1399 883 1424 sum
912 1400 998 1424 eum
1017 1390 1241 1437 aggressus,
1269 1388 1517 1425 occasionem
1537 1387 1630 1425 mihi

167 1447 299 1485 datam
315 1460 398 1485 esse
418 1454 540 1492 ratus,
560 1453 599 1484 et
617 1447 840 1497 reipublicae
866 1447 1139 1492 defendendae,
1159 1455 1197 1486 et
1216 1448 1340 1486 factas
1361 1449 1452 1485 mihi
1472 1448 1630 1499 injurias

166 1508 401 1547 vindicandi.
449 1507 603 1546 Vellem
622 1514 752 1545 autem
780 1513 820 1545 et
837 1520 898 1545 me
919 1508 998 1546 voti
1017 1508 1097 1547 fieri
1117 1515 1350 1560 compotem,
1383 1514 1423 1546 et
1446 1508 1563 1547 istum
1583 1521 1632 1548 ea

166 1569 274 1609 luere
293 1583 380 1621 quae
399 1569 618 1607 meruisset.

219 1634 258 1670 4.
290 1632 389 1670 Cum
409 1644 498 1669 vero
517 1644 577 1668 res
597 1643 672 1667 non
686 1630 771 1681 jam
791 1636 1048 1677 controversa,
1069 1630 1136 1668 sed
1159 1630 1321 1681 primum
1346 1644 1368 1669 a
1397 1637 1535 1669 senatu
1560 1632 1630 1671 da-

164 1700 308 1740 mnata,
336 1693 477 1731 deinde
499 1706 522 1730 a
544 1692 688 1744 populo
716 1705 817 1729 unus
844 1698 948 1730 totus
978 1692 1060 1730 dies
1088 1692 1123 1729 in
1146 1692 1203 1730 his
1226 1699 1480 1744 consumptus
1511 1700 1630 1741 esset,

163 1762 427 1808 praetereaque
445 1754 694 1804 duojudicia,
713 1753 782 1791 viri
799 1754 900 1790 mille
917 1760 955 1791 et
971 1767 1069 1791 unus
1090 1767 1264 1800 numero,
1283 1755 1495 1792 sententias
1512 1755 1631 1793 dixis-

164 1823 264 1864 sent,
284 1829 409 1867 neque
424 1828 489 1853 reo
502 1816 584 1866 jam
604 1815 724 1852 ullum
745 1820 893 1865 pateret
907 1814 1105 1865 effugium,
1126 1828 1203 1865 quo
1225 1815 1349 1852 minus
1370 1821 1537 1853 vestram
1557 1829 1625 1867 pe-

163 1878 318 1917 cuniam
350 1890 419 1916 vos
449 1876 658 1922 haberetis,
688 1876 927 1914 Timocrates
957 1875 1041 1913 haec
1070 1889 1155 1926 quae
1176 1877 1480 1914 intercesserunt
1498 1877 1629 1915 omnia

162 1952 288 1991 usque
303 1939 401 1977 adeo
416 1937 600 1989 neglexit,
618 1937 799 1987 utlegem
817 1950 901 1975 eam
923 1937 1032 1983 ferat,
1052 1950 1128 1987 qua
1148 1944 1185 1974 et
1208 1950 1317 1975 sacra
1335 1938 1504 1988 pecunia
1516 1939 1625 1984 deos,

160 2007 202 2039 et
213 2001 388 2038 aerarium
408 1999 563 2050 publica
583 1998 734 2049 spoliet,
755 2011 800 2036 ac
817 1998 975 2036 decreta
988 2005 1069 2036 tum
1089 2006 1261 2045 senatus,
1281 2005 1362 2036 tum
1378 1999 1521 2050 populi,
1541 2007 1625 2038 tum

154 2061 389 2111 judiciorum
418 2065 578 2106 evertat,
603 2059 870 2110 impunitatem
899 2059 1065 2109 denique
1090 2060 1369 2110 rempublicam
1399 2061 1623 2111 depeculari

162 2122 408 2174 cupientibus
427 2126 631 2172 proponat.
680 2119 779 2163 Quae
807 2133 895 2157 cum
916 2120 970 2157 ita
990 2120 1067 2157 sint
1085 2121 1227 2165 omnia,
1246 2120 1319 2157 hoc
1350 2133 1468 2158 unum
1488 2122 1625 2171 praesi-

162 2184 268 2222 dium
287 2183 474 2233 reliquum
501 2194 584 2219 esse
603 2180 792 2227 videmus,
821 2187 864 2218 ut
883 2181 1008 2231 legem
1032 2188 1271 2229 accusatam,
1302 2189 1341 2220 et
1367 2183 1505 2220 vestris
1534 2196 1622 2221 sen-

159 2244 291 2283 tentiis
310 2242 523 2294 subjectam
542 2242 710 2279 refutare
731 2254 928 2279 conemur.

214 2308 252 2344 5.
282 2306 344 2343 Ab
368 2304 475 2342 initio
500 2303 615 2354 igitur
634 2316 713 2341 rem
735 2309 884 2352 gestam
903 2301 1010 2340 vobis
1031 2303 1198 2341 breviter
1226 2316 1432 2354 exponam,
1461 2310 1506 2342 ut
1525 2304 1623 2356 inju-

158 2367 234 2405 rias
256 2380 343 2418 quae
362 2366 401 2403 in
429 2365 505 2403 ista
523 2364 611 2415 lege
630 2364 774 2409 insunt,
799 2363 951 2401 facilius
973 2363 1144 2411 discatis,
1166 2370 1203 2402 et
1223 2365 1491 2415 assequamini.
1542 2367 1624 2405 De-

161 2433 306 2466 cretum
332 2427 424 2465 fecit
451 2426 554 2478 apud
584 2439 652 2464 vos
677 2425 891 2477 Aristopho
920 2426 1120 2476 eligendos
1151 2440 1235 2465 esse
1269 2427 1531 2478 inquisitores.
1579 2429 1621 2468 Si

159 2490 246 2541 quis
260 2501 349 2527 vero
369 2488 465 2526 sciat
486 2487 654 2538 aliquem
673 2487 737 2538 qui
757 2487 899 2538 aliquid
917 2487 1091 2538 pecuniae
1108 2487 1262 2535 habeat,
1283 2489 1361 2526 sive
1383 2502 1518 2537 sacrae,
1541 2490 1620 2528 sive

158 2550 337 2602 publicae,
352 2555 395 2587 ut
415 2549 532 2592 illum⁴
542 2548 647 2600 apud
665 2562 734 2587 vos
755 2549 918 2587 deferat.
962 2548 1058 2587 Post
1074 2549 1161 2587 haec
1181 2550 1314 2587 retulit
1333 2550 1520 2588 Euctemo
1551 2551 1620 2589 ha-

157 2614 248 2651 bere
265 2610 501 2649 Archebium
520 2616 558 2647 et
574 2609 830 2660 Lysithidem,
851 2609 1072 2647 trierarchia
1092 2610 1264 2656 functos,
1287 2612 1489 2662 pecuniam
1511 2611 1548 2647 N
1551 2624 1619 2648 au-

156 2673 384 2716 cratiticam,
403 2671 662 2709 aestimatione
682 2683 822 2709 novem
843 2671 1032 2709 talentum
1058 2678 1097 2709 et
1115 2672 1273 2722 triginta
1299 2673 1501 2710 minarum.
1538 2672 1618 2710 Ac-

158 2735 277 2775 cessit
303 2734 354 2772 ad
374 2738 565 2777 senatum,
587 2733 967 2770 senatusconsultum
986 2732 1170 2784 scriptum
1191 2739 1262 2770 est.
1302 2732 1453 2769 Deinde
1473 2744 1617 2770 convo-

156 2803 246 2836 cata
266 2795 466 2841 concione,
487 2799 691 2832 accusator
705 2799 763 2831 est
781 2793 911 2833 datus.
958 2794 1152 2832 Euctemo
1170 2806 1386 2831 conscenso
1414 2800 1616 2843 suggestu,

156 2872 246 2897 cum
271 2858 346 2896 alia
368 2856 490 2894 multa
508 2854 615 2900 dixit,
635 2860 716 2892 tum
731 2855 833 2905 apud
849 2868 918 2893 vos
938 2856 1143 2900 recensuit,
1165 2867 1188 2892 a
1215 2853 1369 2900 triremi,
1391 2866 1469 2904 qua
1490 2853 1614 2892 Mela-

158 2932 298 2972 nopuS,
318 2918 546 2962 Glaucetes,
578 2922 617 2955 et
638 2915 840 2966 Androtio,
856 2911 976 2969 legati
997 2916 1044 2955 ad
1063 2915 1302 2962 Mausolum,
1321 2914 1422 2953 vecti
1439 2913 1531 2961 sint,
1550 2926 1614 2954 ca·
