<?xml version="1.0" encoding="UTF-8"?>
<!DOCTYPE html PUBLIC "-//W3C//DTD XHTML 1.0 Transitional//EN"
    "http://www.w3.org/TR/xhtml1/DTD/xhtml1-transitional.dtd">
<html xmlns="http://www.w3.org/1999/xhtml" xml:lang="en" lang="en">
 <head>
  <title>
</title>
<meta http-equiv="Content-Type" content="text/html;charset=utf-8" />
  <meta name='ocr-system' content='tesseract 3.04.00' />
  <meta name='ocr-capabilities' content='ocr_page ocr_carea ocr_par ocr_line ocrx_word'/>
</head>
<body>
  <div class='ocr_page' id='page_1' title='image "./oratoresatticie15dobs_0356.png"; bbox 0 0 1923 3149; ppageno 0'>
   <div class='ocr_carea' id='block_1_1' title="bbox 276 181 1254 228">
    <p class='ocr_par' dir='ltr' id='par_1_1' title="bbox 276 181 1254 228">
     <span class='ocr_line' id='line_1_1' title="bbox 276 181 1254 228; baseline -0.01 0"><span class='ocrx_word' id='word_1_1' title='bbox 276 191 355 228; x_wconf 78' lang='lat'>:340</span> <span class='ocrx_word' id='word_1_2' title='bbox 769 183 993 223; x_wconf 79' lang='lat' dir='ltr'><strong>CONTRA.</strong></span> <span class='ocrx_word' id='word_1_3' title='bbox 1024 181 1254 220; x_wconf 87' lang='lat' dir='ltr'><strong>MIDIAM.</strong></span> 
     </span>
    </p>
   </div>
   <div class='ocr_carea' id='block_1_2' title="bbox 255 282 1758 2964">
    <p class='ocr_par' dir='ltr' id='par_1_2' title="bbox 278 282 1735 583">
     <span class='ocr_line' id='line_1_2' title="bbox 278 282 1730 335; baseline -0.007 -7"><span class='ocrx_word' id='word_1_4' title='bbox 278 290 479 335; x_wconf 85' lang='lat' dir='ltr'>henderat‚</span> <span class='ocrx_word' id='word_1_5' title='bbox 499 295 541 326; x_wconf 83' lang='lat' dir='ltr'>ut</span> <span class='ocrx_word' id='word_1_6' title='bbox 558 288 676 327; x_wconf 82' lang='lat' dir='ltr'>aiunt.</span> <span class='ocrx_word' id='word_1_7' title='bbox 733 288 852 330; x_wconf 84' lang='lat' dir='ltr'>Quod</span> <span class='ocrx_word' id='word_1_8' title='bbox 882 300 929 325; x_wconf 89' lang='lat' dir='ltr'>ne</span> <span class='ocrx_word' id='word_1_9' title='bbox 960 286 1129 325; x_wconf 89' lang='lat' dir='ltr'>criminis</span> <span class='ocrx_word' id='word_1_10' title='bbox 1158 284 1312 335; x_wconf 82' lang='lat' dir='ltr'>quidem</span> <span class='ocrx_word' id='word_1_11' title='bbox 1345 282 1459 334; x_wconf 86' lang='lat' dir='ltr'>objici</span> <span class='ocrx_word' id='word_1_12' title='bbox 1490 282 1577 320; x_wconf 91' lang='lat' dir='ltr'>loco</span> <span class='ocrx_word' id='word_1_13' title='bbox 1601 282 1730 320; x_wconf 75' lang='lat' dir='ltr'>debet.</span> 
     </span>
     <span class='ocr_line' id='line_1_3' title="bbox 283 341 1732 396; baseline -0.008 -6"><span class='ocrx_word' id='word_1_14' title='bbox 283 351 535 390; x_wconf 84' lang='lat' dir='ltr'>Mercuriales</span> <span class='ocrx_word' id='word_1_15' title='bbox 563 356 712 387; x_wconf 88' lang='lat' dir='ltr'>statuas</span> <span class='ocrx_word' id='word_1_16' title='bbox 746 348 947 387; x_wconf 86' lang='lat' dir='ltr'>mutilavit.</span> <span class='ocrx_word' id='word_1_17' title='bbox 1004 347 1146 384; x_wconf 89' lang='lat' dir='ltr'>Omnia</span> <span class='ocrx_word' id='word_1_18' title='bbox 1165 346 1319 396; x_wconf 89' lang='lat' dir='ltr'>quidem</span> <span class='ocrx_word' id='word_1_19' title='bbox 1339 344 1455 394; x_wconf 88' lang='lat' dir='ltr'>impia</span> <span class='ocrx_word' id='word_1_20' title='bbox 1473 343 1578 381; x_wconf 88' lang='lat' dir='ltr'>facta</span> <span class='ocrx_word' id='word_1_21' title='bbox 1596 341 1732 380; x_wconf 83' lang='lat' dir='ltr'>eadem</span> 
     </span>
     <span class='ocr_line' id='line_1_4' title="bbox 283 404 1734 458; baseline -0.007 -8"><span class='ocrx_word' id='word_1_22' title='bbox 283 412 485 451; x_wconf 85' lang='lat' dir='ltr'>severitate</span> <span class='ocrx_word' id='word_1_23' title='bbox 505 418 596 449; x_wconf 87' lang='lat' dir='ltr'>sunt</span> <span class='ocrx_word' id='word_1_24' title='bbox 614 410 863 448; x_wconf 81' lang='lat' dir='ltr'>vindicanda:</span> <span class='ocrx_word' id='word_1_25' title='bbox 890 410 958 447; x_wconf 81' lang='lat' dir='ltr'>sed</span> <span class='ocrx_word' id='word_1_26' title='bbox 980 421 1090 447; x_wconf 86' lang='lat' dir='ltr'>sacra</span> <span class='ocrx_word' id='word_1_27' title='bbox 1107 420 1266 458; x_wconf 87' lang='lat' dir='ltr'>prorsus</span> <span class='ocrx_word' id='word_1_28' title='bbox 1282 405 1448 450; x_wconf 88' lang='lat' dir='ltr'>abolere,</span> <span class='ocrx_word' id='word_1_29' title='bbox 1467 411 1528 442; x_wconf 85' lang='lat' dir='ltr'>est</span> <span class='ocrx_word' id='word_1_30' title='bbox 1554 404 1593 441; x_wconf 88' lang='lat' dir='ltr'>in</span> <span class='ocrx_word' id='word_1_31' title='bbox 1614 416 1690 454; x_wconf 87' lang='lat' dir='ltr'>quo</span> <span class='ocrx_word' id='word_1_32' title='bbox 1711 416 1734 440; x_wconf 90' lang='lat' dir='ltr'>a</span> 
     </span>
     <span class='ocr_line' id='line_1_5' title="bbox 283 465 1735 519; baseline -0.006 -9"><span class='ocrx_word' id='word_1_33' title='bbox 283 472 523 510; x_wconf 89' lang='lat' dir='ltr'>mutilatione</span> <span class='ocrx_word' id='word_1_34' title='bbox 539 479 751 510; x_wconf 85' lang='lat' dir='ltr'>statuarum</span> <span class='ocrx_word' id='word_1_35' title='bbox 769 470 947 508; x_wconf 73' lang='lat' dir='ltr'>differat?</span> <span class='ocrx_word' id='word_1_36' title='bbox 1002 469 1118 519; x_wconf 85' lang='lat' dir='ltr'><strong>Atqui</strong></span> <span class='ocrx_word' id='word_1_37' title='bbox 1132 470 1204 506; x_wconf 90' lang='lat' dir='ltr'>iste</span> <span class='ocrx_word' id='word_1_38' title='bbox 1219 467 1398 506; x_wconf 85' lang='lat' dir='ltr'>facinoris</span> <span class='ocrx_word' id='word_1_39' title='bbox 1410 466 1523 517; x_wconf 81' lang='lat' dir='ltr'>hujus</span> <span class='ocrx_word' id='word_1_40' title='bbox 1536 465 1735 503; x_wconf 89' lang='lat' dir='ltr'>convictus</span> 
     </span>
     <span class='ocr_line' id='line_1_6' title="bbox 284 527 1557 583; baseline -0.007 -11"><span class='ocrx_word' id='word_1_41' title='bbox 284 541 356 572; x_wconf 88' lang='lat' dir='ltr'>est.</span> <span class='ocrx_word' id='word_1_42' title='bbox 416 533 670 572; x_wconf 86' lang='lat' dir='ltr'>Conferamus</span> <span class='ocrx_word' id='word_1_43' title='bbox 690 532 805 583; x_wconf 82' lang='lat' dir='ltr'>igitur</span> <span class='ocrx_word' id='word_1_44' title='bbox 824 532 910 581; x_wconf 90' lang='lat' dir='ltr'>quis</span> <span class='ocrx_word' id='word_1_45' title='bbox 930 530 1001 568; x_wconf 88' lang='lat' dir='ltr'>iste</span> <span class='ocrx_word' id='word_1_46' title='bbox 1023 531 1083 575; x_wconf 91' lang='lat' dir='ltr'>sit,</span> <span class='ocrx_word' id='word_1_47' title='bbox 1106 537 1145 567; x_wconf 88' lang='lat' dir='ltr'>et</span> <span class='ocrx_word' id='word_1_48' title='bbox 1163 529 1300 578; x_wconf 89' lang='lat' dir='ltr'>quibus</span> <span class='ocrx_word' id='word_1_49' title='bbox 1319 528 1393 565; x_wconf 88' lang='lat' dir='ltr'>ista</span> <span class='ocrx_word' id='word_1_50' title='bbox 1411 527 1557 565; x_wconf 84' lang='lat' dir='ltr'>fecerit.</span> 
     </span>
    </p>

    <p class='ocr_par' dir='ltr' id='par_1_3' title="bbox 255 586 1754 2473">
     <span class='ocr_line' id='line_1_7' title="bbox 337 586 1737 644; baseline -0.006 -12"><span class='ocrx_word' id='word_1_51' title='bbox 337 597 404 633; x_wconf 80' lang='lat'>42.</span> <span class='ocrx_word' id='word_1_52' title='bbox 434 594 601 632; x_wconf 84' lang='lat' dir='ltr'>Proinde</span> <span class='ocrx_word' id='word_1_53' title='bbox 634 599 890 644; x_wconf 78' lang='lat' dir='ltr'>praeterquam</span> <span class='ocrx_word' id='word_1_54' title='bbox 921 591 1024 641; x_wconf 89' lang='lat' dir='ltr'>quod</span> <span class='ocrx_word' id='word_1_55' title='bbox 1057 591 1302 628; x_wconf 88' lang='lat' dir='ltr'>inhonestum</span> <span class='ocrx_word' id='word_1_56' title='bbox 1333 595 1404 635; x_wconf 88' lang='lat' dir='ltr'>est,</span> <span class='ocrx_word' id='word_1_57' title='bbox 1423 600 1545 638; x_wconf 84' lang='lat' dir='ltr'>neque</span> <span class='ocrx_word' id='word_1_58' title='bbox 1577 586 1737 631; x_wconf 86' lang='lat' dir='ltr'>licitum,</span> 
     </span>
     <span class='ocr_line' id='line_1_8' title="bbox 281 647 1739 709; baseline -0.006 -15"><span class='ocrx_word' id='word_1_59' title='bbox 281 657 448 709; x_wconf 82' lang='lat' dir='ltr'>judices,</span> <span class='ocrx_word' id='word_1_60' title='bbox 463 670 509 694; x_wconf 86' lang='lat' dir='ltr'>ne</span> <span class='ocrx_word' id='word_1_61' title='bbox 529 656 585 693; x_wconf 86' lang='lat' dir='ltr'>fas</span> <span class='ocrx_word' id='word_1_62' title='bbox 606 655 759 704; x_wconf 86' lang='lat' dir='ltr'>quidem</span> <span class='ocrx_word' id='word_1_63' title='bbox 789 666 873 691; x_wconf 89' lang='lat' dir='ltr'>esse</span> <span class='ocrx_word' id='word_1_64' title='bbox 893 654 1015 699; x_wconf 84' lang='lat' dir='ltr'>vobis,</span> <span class='ocrx_word' id='word_1_65' title='bbox 1031 653 1165 690; x_wconf 89' lang='lat' dir='ltr'>talium</span> <span class='ocrx_word' id='word_1_66' title='bbox 1184 652 1350 690; x_wconf 89' lang='lat' dir='ltr'>virorum</span> <span class='ocrx_word' id='word_1_67' title='bbox 1369 650 1511 702; x_wconf 80' lang='lat' dir='ltr'>posteri</span> <span class='ocrx_word' id='word_1_68' title='bbox 1537 661 1625 687; x_wconf 89' lang='lat' dir='ltr'>cum</span> <span class='ocrx_word' id='word_1_69' title='bbox 1645 647 1739 693; x_wconf 83' lang='lat' dir='ltr'>sitis,</span> 
     </span>
     <span class='ocr_line' id='line_1_9' title="bbox 287 710 1738 765; baseline -0.008 -9"><span class='ocrx_word' id='word_1_70' title='bbox 287 718 514 762; x_wconf 85' lang='lat' dir='ltr'>existimate,</span> <span class='ocrx_word' id='word_1_71' title='bbox 537 724 580 753; x_wconf 89' lang='lat' dir='ltr'>ut</span> <span class='ocrx_word' id='word_1_72' title='bbox 597 715 793 754; x_wconf 87' lang='lat' dir='ltr'>hominem</span> <span class='ocrx_word' id='word_1_73' title='bbox 825 714 1041 765; x_wconf 91' lang='lat' dir='ltr'>improbum</span> <span class='ocrx_word' id='word_1_74' title='bbox 1059 720 1098 751; x_wconf 90' lang='lat' dir='ltr'>et</span> <span class='ocrx_word' id='word_1_75' title='bbox 1116 714 1324 752; x_wconf 84' lang='lat' dir='ltr'>violentum</span> <span class='ocrx_word' id='word_1_76' title='bbox 1345 720 1382 750; x_wconf 90' lang='lat' dir='ltr'>et</span> <span class='ocrx_word' id='word_1_77' title='bbox 1402 710 1738 754; x_wconf 84' lang='lat' dir='ltr'>contumeliosum,</span> 
     </span>
     <span class='ocr_line' id='line_1_10' title="bbox 286 773 1739 828; baseline -0.006 -11"><span class='ocrx_word' id='word_1_78' title='bbox 286 787 324 818; x_wconf 92' lang='lat' dir='ltr'>et</span> <span class='ocrx_word' id='word_1_79' title='bbox 343 780 465 817; x_wconf 90' lang='lat' dir='ltr'>omnis</span> <span class='ocrx_word' id='word_1_80' title='bbox 485 777 683 828; x_wconf 79' lang='lat' dir='ltr'>dignitatis</span> <span class='ocrx_word' id='word_1_81' title='bbox 703 781 908 827; x_wconf 87' lang='lat' dir='ltr'>expertem,</span> <span class='ocrx_word' id='word_1_82' title='bbox 925 782 1175 826; x_wconf 78' lang='lat' dir='ltr'>posteaquam</span> <span class='ocrx_word' id='word_1_83' title='bbox 1197 782 1335 813; x_wconf 87' lang='lat' dir='ltr'>vestrae</span> <span class='ocrx_word' id='word_1_84' title='bbox 1349 774 1527 825; x_wconf 81' lang='lat' dir='ltr'>potestati</span> <span class='ocrx_word' id='word_1_85' title='bbox 1542 773 1739 822; x_wconf 84' lang='lat' dir='ltr'>subjectus</span> 
     </span>
     <span class='ocr_line' id='line_1_11' title="bbox 287 832 1739 889; baseline -0.008 -10"><span class='ocrx_word' id='word_1_86' title='bbox 287 847 362 887; x_wconf 90' lang='lat' dir='ltr'>est,</span> <span class='ocrx_word' id='word_1_87' title='bbox 380 838 581 889; x_wconf 86' lang='lat' dir='ltr'>quisquam</span> <span class='ocrx_word' id='word_1_88' title='bbox 598 837 726 887; x_wconf 87' lang='lat' dir='ltr'>aliqua</span> <span class='ocrx_word' id='word_1_89' title='bbox 744 836 867 881; x_wconf 89' lang='lat' dir='ltr'>venia,</span> <span class='ocrx_word' id='word_1_90' title='bbox 887 836 949 873; x_wconf 90' lang='lat' dir='ltr'>vel</span> <span class='ocrx_word' id='word_1_91' title='bbox 969 836 1220 882; x_wconf 82' lang='lat' dir='ltr'>humanitate,</span> <span class='ocrx_word' id='word_1_92' title='bbox 1242 836 1300 873; x_wconf 90' lang='lat' dir='ltr'>vel</span> <span class='ocrx_word' id='word_1_93' title='bbox 1322 834 1583 872; x_wconf 80' lang='lat' dir='ltr'>misericordia</span> <span class='ocrx_word' id='word_1_94' title='bbox 1603 832 1739 882; x_wconf 87' lang='lat' dir='ltr'>digne-</span> 
     </span>
     <span class='ocr_line' id='line_1_12' title="bbox 288 893 1739 950; baseline -0.008 -11"><span class='ocrx_word' id='word_1_95' title='bbox 288 908 360 940; x_wconf 87' lang='lat' dir='ltr'>tur.</span> <span class='ocrx_word' id='word_1_96' title='bbox 418 900 465 937; x_wconf 88' lang='lat' dir='ltr'>Id</span> <span class='ocrx_word' id='word_1_97' title='bbox 498 900 600 937; x_wconf 88' lang='lat' dir='ltr'>enim</span> <span class='ocrx_word' id='word_1_98' title='bbox 626 912 704 950; x_wconf 81' lang='lat' dir='ltr'>qua</span> <span class='ocrx_word' id='word_1_99' title='bbox 732 899 780 935; x_wconf 90' lang='lat' dir='ltr'>de</span> <span class='ocrx_word' id='word_1_100' title='bbox 800 910 920 936; x_wconf 84' lang='lat' dir='ltr'>causa</span> <span class='ocrx_word' id='word_1_101' title='bbox 940 897 1075 935; x_wconf 76' lang='lat' dir='ltr'>fieret?</span> <span class='ocrx_word' id='word_1_102' title='bbox 1131 897 1293 947; x_wconf 90' lang='lat' dir='ltr'>Propter</span> <span class='ocrx_word' id='word_1_103' title='bbox 1313 902 1423 946; x_wconf 80' lang='lat' dir='ltr'>gesta</span> <span class='ocrx_word' id='word_1_104' title='bbox 1442 893 1625 944; x_wconf 78' lang='lat' dir='ltr'>imperia?</span> <span class='ocrx_word' id='word_1_105' title='bbox 1680 893 1739 929; x_wconf 75' lang='lat' dir='ltr'>At</span> 
     </span>
     <span class='ocr_line' id='line_1_13' title="bbox 289 954 1740 1012; baseline -0.007 -13"><span class='ocrx_word' id='word_1_106' title='bbox 289 975 339 1000; x_wconf 88' lang='lat' dir='ltr'>ne</span> <span class='ocrx_word' id='word_1_107' title='bbox 354 974 422 1012; x_wconf 88' lang='lat' dir='ltr'>per</span> <span class='ocrx_word' id='word_1_108' title='bbox 442 973 485 998; x_wconf 91' lang='lat' dir='ltr'>se</span> <span class='ocrx_word' id='word_1_109' title='bbox 505 960 660 1011; x_wconf 90' lang='lat' dir='ltr'>quidem</span> <span class='ocrx_word' id='word_1_110' title='bbox 682 959 789 996; x_wconf 88' lang='lat' dir='ltr'>miles</span> <span class='ocrx_word' id='word_1_111' title='bbox 818 966 879 996; x_wconf 83' lang='lat' dir='ltr'>est</span> <span class='ocrx_word' id='word_1_112' title='bbox 907 958 1022 995; x_wconf 87' lang='lat' dir='ltr'>ullius</span> <span class='ocrx_word' id='word_1_113' title='bbox 1042 957 1165 1008; x_wconf 80' lang='lat' dir='ltr'>pretii,</span> <span class='ocrx_word' id='word_1_114' title='bbox 1184 956 1325 994; x_wconf 87' lang='lat' dir='ltr'>nedum</span> <span class='ocrx_word' id='word_1_115' title='bbox 1346 955 1507 993; x_wconf 89' lang='lat' dir='ltr'>aliorum</span> <span class='ocrx_word' id='word_1_116' title='bbox 1525 954 1740 1003; x_wconf 87' lang='lat' dir='ltr'>imperator.</span> 
     </span>
     <span class='ocr_line' id='line_1_14' title="bbox 289 1014 1741 1073; baseline -0.007 -12"><span class='ocrx_word' id='word_1_117' title='bbox 289 1023 534 1073; x_wconf 70' lang='lat' dir='ltr'>Eloquentiae</span> <span class='ocrx_word' id='word_1_118' title='bbox 553 1021 704 1073; x_wconf 78' lang='lat' dir='ltr'>gratia?</span> <span class='ocrx_word' id='word_1_119' title='bbox 761 1020 837 1064; x_wconf 87' lang='lat' dir='ltr'>Qui</span> <span class='ocrx_word' id='word_1_120' title='bbox 858 1019 1013 1071; x_wconf 91' lang='lat' dir='ltr'>publice</span> <span class='ocrx_word' id='word_1_121' title='bbox 1033 1019 1125 1057; x_wconf 90' lang='lat' dir='ltr'>nihil</span> <span class='ocrx_word' id='word_1_122' title='bbox 1146 1031 1314 1068; x_wconf 86' lang='lat' dir='ltr'>unquam</span> <span class='ocrx_word' id='word_1_123' title='bbox 1333 1017 1424 1055; x_wconf 91' lang='lat' dir='ltr'>boni</span> <span class='ocrx_word' id='word_1_124' title='bbox 1443 1016 1550 1061; x_wconf 88' lang='lat' dir='ltr'>dixit,</span> <span class='ocrx_word' id='word_1_125' title='bbox 1565 1014 1741 1066; x_wconf 86' lang='lat' dir='ltr'>privatim</span> 
     </span>
     <span class='ocr_line' id='line_1_15' title="bbox 290 1076 1742 1128; baseline -0.007 -6"><span class='ocrx_word' id='word_1_126' title='bbox 290 1098 424 1123; x_wconf 89' lang='lat' dir='ltr'>omnes</span> <span class='ocrx_word' id='word_1_127' title='bbox 443 1084 619 1121; x_wconf 88' lang='lat' dir='ltr'>homines</span> <span class='ocrx_word' id='word_1_128' title='bbox 640 1081 856 1120; x_wconf 85' lang='lat' dir='ltr'>maledictis</span> <span class='ocrx_word' id='word_1_129' title='bbox 875 1081 1097 1119; x_wconf 87' lang='lat' dir='ltr'>insectatur.</span> <span class='ocrx_word' id='word_1_130' title='bbox 1154 1081 1216 1117; x_wconf 94' lang='lat' dir='ltr'>Ob</span> <span class='ocrx_word' id='word_1_131' title='bbox 1237 1079 1473 1117; x_wconf 86' lang='lat' dir='ltr'>nobilitatem</span> <span class='ocrx_word' id='word_1_132' title='bbox 1493 1076 1643 1128; x_wconf 82' lang='lat' dir='ltr'>generis</span> <span class='ocrx_word' id='word_1_133' title='bbox 1662 1088 1742 1115; x_wconf 89' lang='lat' dir='ltr'>me-</span> 
     </span>
     <span class='ocr_line' id='line_1_16' title="bbox 289 1136 1745 1193; baseline -0.007 -10"><span class='ocrx_word' id='word_1_134' title='bbox 289 1145 376 1183; x_wconf 91' lang='lat' dir='ltr'>dius</span> <span class='ocrx_word' id='word_1_135' title='bbox 395 1145 509 1182; x_wconf 86' lang='lat' dir='ltr'>fidius</span> <span class='ocrx_word' id='word_1_136' title='bbox 525 1144 540 1181; x_wconf 67' lang='lat'>‘3</span> <span class='ocrx_word' id='word_1_137' title='bbox 572 1155 575 1157; x_wconf 71' lang='grc'><strong>’</strong></span> <span class='ocrx_word' id='word_1_138' title='bbox 598 1144 648 1181; x_wconf 93' lang='lat' dir='ltr'>Et</span> <span class='ocrx_word' id='word_1_139' title='bbox 667 1143 750 1193; x_wconf 90' lang='lat' dir='ltr'>quis</span> <span class='ocrx_word' id='word_1_140' title='bbox 769 1149 940 1181; x_wconf 89' lang='lat' dir='ltr'>vestrum</span> <span class='ocrx_word' id='word_1_141' title='bbox 959 1142 1083 1180; x_wconf 87' lang='lat' dir='ltr'>nescit</span> <span class='ocrx_word' id='word_1_142' title='bbox 1100 1141 1274 1179; x_wconf 89' lang='lat' dir='ltr'>occultos</span> <span class='ocrx_word' id='word_1_143' title='bbox 1294 1148 1477 1190; x_wconf 79' lang='lat' dir='ltr'>tanquam</span> <span class='ocrx_word' id='word_1_144' title='bbox 1500 1140 1537 1176; x_wconf 93' lang='lat' dir='ltr'>in</span> <span class='ocrx_word' id='word_1_145' title='bbox 1557 1136 1745 1187; x_wconf 79' lang='lat' dir='ltr'>tragoedia</span> 
     </span>
     <span class='ocr_line' id='line_1_17' title="bbox 290 1198 1746 1251; baseline -0.006 -8"><span class='ocrx_word' id='word_1_146' title='bbox 290 1206 400 1244; x_wconf 90' lang='lat' dir='ltr'>istius</span> <span class='ocrx_word' id='word_1_147' title='bbox 422 1204 595 1242; x_wconf 75' lang='lat' dir='ltr'>natales?</span> <span class='ocrx_word' id='word_1_148' title='bbox 624 1203 687 1241; x_wconf 86' lang='lat' dir='ltr'>cui</span> <span class='ocrx_word' id='word_1_149' title='bbox 705 1203 782 1240; x_wconf 93' lang='lat' dir='ltr'>duo</span> <span class='ocrx_word' id='word_1_150' title='bbox 809 1203 974 1241; x_wconf 84' lang='lat' dir='ltr'>maxime</span> <span class='ocrx_word' id='word_1_151' title='bbox 1005 1202 1196 1240; x_wconf 85' lang='lat' dir='ltr'>contraria</span> <span class='ocrx_word' id='word_1_152' title='bbox 1223 1201 1477 1251; x_wconf 84' lang='lat' dir='ltr'>contigerunt.</span> <span class='ocrx_word' id='word_1_153' title='bbox 1535 1198 1636 1236; x_wconf 89' lang='lat' dir='ltr'>Nam</span> <span class='ocrx_word' id='word_1_154' title='bbox 1657 1209 1746 1244; x_wconf 85' lang='lat' dir='ltr'>vera</span> 
     </span>
     <span class='ocr_line' id='line_1_18' title="bbox 293 1259 1743 1316; baseline -0.007 -12"><span class='ocrx_word' id='word_1_155' title='bbox 293 1274 428 1312; x_wconf 86' lang='lat' dir='ltr'>mater,</span> <span class='ocrx_word' id='word_1_156' title='bbox 449 1280 534 1316; x_wconf 84' lang='lat' dir='ltr'>quae</span> <span class='ocrx_word' id='word_1_157' title='bbox 554 1278 642 1303; x_wconf 88' lang='lat' dir='ltr'>eum</span> <span class='ocrx_word' id='word_1_158' title='bbox 661 1272 877 1316; x_wconf 86' lang='lat' dir='ltr'>pepererat,</span> <span class='ocrx_word' id='word_1_159' title='bbox 896 1264 1066 1302; x_wconf 90' lang='lat' dir='ltr'>omnium</span> <span class='ocrx_word' id='word_1_160' title='bbox 1098 1262 1310 1300; x_wconf 86' lang='lat' dir='ltr'>mortalium</span> <span class='ocrx_word' id='word_1_161' title='bbox 1341 1259 1635 1311; x_wconf 88' lang='lat' dir='ltr'>sapientissima,</span> <span class='ocrx_word' id='word_1_162' title='bbox 1656 1270 1743 1307; x_wconf 81' lang='lat' dir='ltr'>quae</span> 
     </span>
     <span class='ocr_line' id='line_1_19' title="bbox 283 1319 1743 1374; baseline -0.006 -8"><span class='ocrx_word' id='word_1_163' title='bbox 283 1341 376 1367; x_wconf 75' lang='lat' dir='ltr'>‚esse</span> <span class='ocrx_word' id='word_1_164' title='bbox 408 1327 610 1364; x_wconf 78' lang='lat' dir='ltr'>videbatur</span> <span class='ocrx_word' id='word_1_165' title='bbox 642 1333 680 1363; x_wconf 82' lang='lat' dir='ltr'>et</span> <span class='ocrx_word' id='word_1_166' title='bbox 718 1325 922 1374; x_wconf 82' lang='lat' dir='ltr'>adscititia,</span> <span class='ocrx_word' id='word_1_167' title='bbox 951 1324 1152 1361; x_wconf 84' lang='lat' dir='ltr'>mulierum</span> <span class='ocrx_word' id='word_1_168' title='bbox 1187 1323 1355 1360; x_wconf 90' lang='lat' dir='ltr'>omnium</span> <span class='ocrx_word' id='word_1_169' title='bbox 1381 1320 1628 1359; x_wconf 79' lang='lat' dir='ltr'>stolidissima</span> <span class='ocrx_word' id='word_1_170' title='bbox 1659 1319 1743 1357; x_wconf 81' lang='lat' dir='ltr'>fuit.</span> 
     </span>
     <span class='ocr_line' id='line_1_20' title="bbox 288 1382 1745 1438; baseline -0.006 -12"><span class='ocrx_word' id='word_1_171' title='bbox 288 1388 396 1435; x_wconf 10' lang='lat' dir='ltr'>,Illud</span> <span class='ocrx_word' id='word_1_172' title='bbox 417 1382 642 1438; x_wconf 76' lang='lat' dir='ltr'>argumento</span> <span class='ocrx_word' id='word_1_173' title='bbox 663 1392 736 1423; x_wconf 87' lang='lat' dir='ltr'>est.</span> <span class='ocrx_word' id='word_1_174' title='bbox 791 1386 907 1429; x_wconf 86' lang='lat' dir='ltr'>Quod</span> <span class='ocrx_word' id='word_1_175' title='bbox 935 1385 1000 1422; x_wconf 90' lang='lat' dir='ltr'>illa</span> <span class='ocrx_word' id='word_1_176' title='bbox 1033 1385 1161 1422; x_wconf 88' lang='lat' dir='ltr'>statim</span> <span class='ocrx_word' id='word_1_177' title='bbox 1190 1391 1322 1421; x_wconf 82' lang='lat' dir='ltr'>natum</span> <span class='ocrx_word' id='word_1_178' title='bbox 1341 1382 1525 1427; x_wconf 86' lang='lat' dir='ltr'>vendidit,</span> <span class='ocrx_word' id='word_1_179' title='bbox 1544 1382 1641 1425; x_wconf 88' lang='lat' dir='ltr'>haec,</span> <span class='ocrx_word' id='word_1_180' title='bbox 1656 1393 1745 1418; x_wconf 89' lang='lat' dir='ltr'>curn</span> 
     </span>
     <span class='ocr_line' id='line_1_21' title="bbox 295 1441 1745 1498; baseline -0.005 -11"><span class='ocrx_word' id='word_1_181' title='bbox 295 1450 431 1487; x_wconf 71' lang='lat' dir='ltr'>eodem</span> <span class='ocrx_word' id='word_1_182' title='bbox 465 1448 585 1498; x_wconf 82' lang='lat' dir='ltr'>pretio</span> <span class='ocrx_word' id='word_1_183' title='bbox 632 1446 827 1485; x_wconf 84' lang='lat' dir='ltr'>meliorem</span> <span class='ocrx_word' id='word_1_184' title='bbox 860 1459 995 1497; x_wconf 85' lang='lat' dir='ltr'>parare</span> <span class='ocrx_word' id='word_1_185' title='bbox 1024 1446 1208 1489; x_wconf 88' lang='lat' dir='ltr'>licuisset,</span> <span class='ocrx_word' id='word_1_186' title='bbox 1246 1445 1360 1482; x_wconf 86' lang='lat' dir='ltr'>istum</span> <span class='ocrx_word' id='word_1_187' title='bbox 1406 1443 1507 1480; x_wconf 90' lang='lat' dir='ltr'>emit.</span> <span class='ocrx_word' id='word_1_188' title='bbox 1576 1441 1745 1482; x_wconf 86' lang='lat' dir='ltr'>Proinde</span> 
     </span>
     <span class='ocr_line' id='line_1_22' title="bbox 296 1503 1746 1562; baseline -0.006 -14"><span class='ocrx_word' id='word_1_189' title='bbox 296 1516 451 1562; x_wconf 85' lang='lat' dir='ltr'>propter</span> <span class='ocrx_word' id='word_1_190' title='bbox 470 1509 557 1554; x_wconf 86' lang='lat' dir='ltr'>hoc,</span> <span class='ocrx_word' id='word_1_191' title='bbox 576 1507 688 1545; x_wconf 90' lang='lat' dir='ltr'>bonis</span> <span class='ocrx_word' id='word_1_192' title='bbox 708 1507 758 1544; x_wconf 92' lang='lat' dir='ltr'>ad</span> <span class='ocrx_word' id='word_1_193' title='bbox 787 1520 827 1544; x_wconf 88' lang='lat' dir='ltr'>se</span> <span class='ocrx_word' id='word_1_194' title='bbox 849 1506 940 1543; x_wconf 89' lang='lat' dir='ltr'>nihil</span> <span class='ocrx_word' id='word_1_195' title='bbox 963 1506 1215 1544; x_wconf 85' lang='lat' dir='ltr'>attinentibus</span> <span class='ocrx_word' id='word_1_196' title='bbox 1241 1505 1402 1555; x_wconf 90' lang='lat' dir='ltr'>potitus,</span> <span class='ocrx_word' id='word_1_197' title='bbox 1422 1511 1461 1541; x_wconf 92' lang='lat' dir='ltr'>et</span> <span class='ocrx_word' id='word_1_198' title='bbox 1477 1503 1638 1554; x_wconf 86' lang='lat' dir='ltr'>patriam</span> <span class='ocrx_word' id='word_1_199' title='bbox 1653 1515 1746 1541; x_wconf 88' lang='lat' dir='ltr'>con-</span> 
     </span>
     <span class='ocr_line' id='line_1_23' title="bbox 255 1563 1748 1619; baseline -0.006 -9"><span class='ocrx_word' id='word_1_200' title='bbox 255 1606 257 1609; x_wconf 89' lang='lat'><em>.</em></span> <span class='ocrx_word' id='word_1_201' title='bbox 295 1577 468 1614; x_wconf 85' lang='lat' dir='ltr'>secutus,</span> <span class='ocrx_word' id='word_1_202' title='bbox 487 1582 574 1619; x_wconf 82' lang='lat' dir='ltr'>quae</span> <span class='ocrx_word' id='word_1_203' title='bbox 594 1568 757 1606; x_wconf 84' lang='lat' dir='ltr'>maxime</span> <span class='ocrx_word' id='word_1_204' title='bbox 772 1567 968 1605; x_wconf 89' lang='lat' dir='ltr'>civitatum</span> <span class='ocrx_word' id='word_1_205' title='bbox 988 1567 1155 1604; x_wconf 89' lang='lat' dir='ltr'>omnium</span> <span class='ocrx_word' id='word_1_206' title='bbox 1176 1566 1325 1616; x_wconf 85' lang='lat' dir='ltr'>legibus</span> <span class='ocrx_word' id='word_1_207' title='bbox 1344 1565 1501 1615; x_wconf 86' lang='lat' dir='ltr'>regitur,</span> <span class='ocrx_word' id='word_1_208' title='bbox 1520 1563 1627 1601; x_wconf 91' lang='lat' dir='ltr'>nullo</span> <span class='ocrx_word' id='word_1_209' title='bbox 1645 1571 1748 1605; x_wconf 82' lang='lat' dir='ltr'>certe</span> 
     </span>
     <span class='ocr_line' id='line_1_24' title="bbox 294 1626 1750 1680; baseline -0.004 -11"><span class='ocrx_word' id='word_1_210' title='bbox 294 1632 410 1669; x_wconf 86' lang='lat' dir='ltr'>modo</span> <span class='ocrx_word' id='word_1_211' title='bbox 430 1630 500 1668; x_wconf 90' lang='lat' dir='ltr'>has</span> <span class='ocrx_word' id='word_1_212' title='bbox 520 1629 631 1676; x_wconf 84' lang='lat' dir='ltr'>ferre,</span> <span class='ocrx_word' id='word_1_213' title='bbox 651 1642 779 1680; x_wconf 89' lang='lat' dir='ltr'>neque</span> <span class='ocrx_word' id='word_1_214' title='bbox 798 1629 904 1667; x_wconf 89' lang='lat' dir='ltr'>hisce</span> <span class='ocrx_word' id='word_1_215' title='bbox 926 1629 979 1666; x_wconf 89' lang='lat' dir='ltr'>uti</span> <span class='ocrx_word' id='word_1_216' title='bbox 996 1636 1137 1679; x_wconf 86' lang='lat' dir='ltr'>potest.</span> <span class='ocrx_word' id='word_1_217' title='bbox 1195 1627 1274 1666; x_wconf 88' lang='lat' dir='ltr'>Sed</span> <span class='ocrx_word' id='word_1_218' title='bbox 1293 1634 1429 1665; x_wconf 87' lang='lat' dir='ltr'>natura</span> <span class='ocrx_word' id='word_1_219' title='bbox 1446 1639 1534 1664; x_wconf 90' lang='lat' dir='ltr'>vere</span> <span class='ocrx_word' id='word_1_220' title='bbox 1549 1626 1750 1668; x_wconf 82' lang='lat' dir='ltr'>barbarica</span> 
     </span>
     <span class='ocr_line' id='line_1_25' title="bbox 293 1688 1746 1741; baseline -0.004 -10"><span class='ocrx_word' id='word_1_221' title='bbox 293 1702 332 1731; x_wconf 87' lang='lat' dir='ltr'>et</span> <span class='ocrx_word' id='word_1_222' title='bbox 350 1693 422 1730; x_wconf 90' lang='lat' dir='ltr'>diis</span> <span class='ocrx_word' id='word_1_223' title='bbox 438 1691 591 1728; x_wconf 85' lang='lat' dir='ltr'>inimica.</span> <span class='ocrx_word' id='word_1_224' title='bbox 608 1690 723 1728; x_wconf 88' lang='lat' dir='ltr'>trahit</span> <span class='ocrx_word' id='word_1_225' title='bbox 738 1697 775 1728; x_wconf 80' lang='lat' dir='ltr'>et</span> <span class='ocrx_word' id='word_1_226' title='bbox 793 1690 910 1741; x_wconf 86' lang='lat' dir='ltr'>cogit,</span> <span class='ocrx_word' id='word_1_227' title='bbox 931 1697 970 1727; x_wconf 88' lang='lat' dir='ltr'>et</span> <span class='ocrx_word' id='word_1_228' title='bbox 988 1689 1116 1740; x_wconf 91' lang='lat' dir='ltr'>prodit</span> <span class='ocrx_word' id='word_1_229' title='bbox 1133 1703 1217 1727; x_wconf 88' lang='lat' dir='ltr'>eum</span> <span class='ocrx_word' id='word_1_230' title='bbox 1239 1689 1284 1727; x_wconf 90' lang='lat' dir='ltr'>iis</span> <span class='ocrx_word' id='word_1_231' title='bbox 1304 1702 1391 1739; x_wconf 89' lang='lat' dir='ltr'>quae</span> <span class='ocrx_word' id='word_1_232' title='bbox 1411 1688 1544 1734; x_wconf 85' lang='lat' dir='ltr'>habet,</span> <span class='ocrx_word' id='word_1_233' title='bbox 1562 1695 1746 1738; x_wconf 87' lang='lat' dir='ltr'>tanquam</span> 
     </span>
     <span class='ocr_line' id='line_1_26' title="bbox 294 1749 1750 1798; baseline -0.003 -7"><span class='ocrx_word' id='word_1_234' title='bbox 294 1753 444 1798; x_wconf 87' lang='lat' dir='ltr'>alienis,</span> <span class='ocrx_word' id='word_1_235' title='bbox 465 1752 565 1790; x_wconf 89' lang='lat' dir='ltr'>sicut</span> <span class='ocrx_word' id='word_1_236' title='bbox 594 1751 648 1787; x_wconf 92' lang='lat' dir='ltr'>illi</span> <span class='ocrx_word' id='word_1_237' title='bbox 679 1764 811 1789; x_wconf 86' lang='lat' dir='ltr'>revera</span> <span class='ocrx_word' id='word_1_238' title='bbox 839 1758 944 1795; x_wconf 85' lang='lat' dir='ltr'>sunt,</span> <span class='ocrx_word' id='word_1_239' title='bbox 966 1757 1150 1788; x_wconf 82' lang='lat' dir='ltr'>utentem.</span> <span class='ocrx_word' id='word_1_240' title='bbox 1206 1750 1334 1794; x_wconf 89' lang='lat' dir='ltr'>Quum</span> <span class='ocrx_word' id='word_1_241' title='bbox 1354 1757 1483 1788; x_wconf 88' lang='lat' dir='ltr'>autem</span> <span class='ocrx_word' id='word_1_242' title='bbox 1502 1749 1673 1787; x_wconf 85' lang='lat' dir='ltr'>facinora</span> <span class='ocrx_word' id='word_1_243' title='bbox 1691 1755 1750 1786; x_wconf 87' lang='lat' dir='ltr'>tot</span> 
     </span>
     <span class='ocr_line' id='line_1_27' title="bbox 295 1811 1751 1862; baseline -0.003 -10"><span class='ocrx_word' id='word_1_244' title='bbox 295 1821 334 1852; x_wconf 89' lang='lat' dir='ltr'>et</span> <span class='ocrx_word' id='word_1_245' title='bbox 352 1820 460 1851; x_wconf 89' lang='lat' dir='ltr'>tanta</span> <span class='ocrx_word' id='word_1_246' title='bbox 489 1813 527 1849; x_wconf 87' lang='lat' dir='ltr'>in</span> <span class='ocrx_word' id='word_1_247' title='bbox 560 1811 668 1849; x_wconf 88' lang='lat' dir='ltr'>istius</span> <span class='ocrx_word' id='word_1_248' title='bbox 700 1812 834 1861; x_wconf 23' lang='lat' dir='ltr'>furio-si</span> <span class='ocrx_word' id='word_1_249' title='bbox 863 1819 901 1849; x_wconf 91' lang='lat' dir='ltr'>et</span> <span class='ocrx_word' id='word_1_250' title='bbox 934 1811 1167 1862; x_wconf 91' lang='lat' dir='ltr'>impudentis</span> <span class='ocrx_word' id='word_1_251' title='bbox 1187 1811 1266 1848; x_wconf 88' lang='lat' dir='ltr'>vita</span> <span class='ocrx_word' id='word_1_252' title='bbox 1283 1812 1491 1861; x_wconf 84' lang='lat' dir='ltr'>emineant,</span> <span class='ocrx_word' id='word_1_253' title='bbox 1510 1811 1668 1861; x_wconf 89' lang='lat' dir='ltr'>quidam</span> <span class='ocrx_word' id='word_1_254' title='bbox 1688 1823 1751 1853; x_wconf 78' lang='lat' dir='ltr'>me</span> 
     </span>
     <span class='ocr_line' id='line_1_28' title="bbox 295 1872 1750 1926; baseline -0.001 -14"><span class='ocrx_word' id='word_1_255' title='bbox 295 1873 482 1926; x_wconf 81' lang='lat' dir='ltr'>aggressi,</span> <span class='ocrx_word' id='word_1_256' title='bbox 495 1873 662 1923; x_wconf 92' lang='lat' dir='ltr'>judices,</span> <span class='ocrx_word' id='word_1_257' title='bbox 683 1886 729 1910; x_wconf 85' lang='lat' dir='ltr'>ex</span> <span class='ocrx_word' id='word_1_258' title='bbox 763 1872 1011 1910; x_wconf 83' lang='lat' dir='ltr'>familiaribus</span> <span class='ocrx_word' id='word_1_259' title='bbox 1041 1872 1138 1923; x_wconf 83' lang='lat' dir='ltr'>ejus,</span> <span class='ocrx_word' id='word_1_260' title='bbox 1172 1872 1311 1910; x_wconf 88' lang='lat' dir='ltr'>hortati</span> <span class='ocrx_word' id='word_1_261' title='bbox 1341 1879 1446 1916; x_wconf 88' lang='lat' dir='ltr'>sunt,</span> <span class='ocrx_word' id='word_1_262' title='bbox 1469 1879 1509 1909; x_wconf 91' lang='lat' dir='ltr'>ut</span> <span class='ocrx_word' id='word_1_263' title='bbox 1527 1872 1750 1913; x_wconf 88' lang='lat' dir='ltr'>desisterem</span> 
     </span>
     <span class='ocr_line' id='line_1_29' title="bbox 297 1934 1749 1986; baseline 0.002 -13"><span class='ocrx_word' id='word_1_264' title='bbox 297 1943 412 1986; x_wconf 87' lang='lat' dir='ltr'>atque</span> <span class='ocrx_word' id='word_1_265' title='bbox 431 1935 622 1972; x_wconf 85' lang='lat' dir='ltr'>actionem</span> <span class='ocrx_word' id='word_1_266' title='bbox 641 1935 868 1980; x_wconf 88' lang='lat' dir='ltr'>omitterem,</span> <span class='ocrx_word' id='word_1_267' title='bbox 887 1934 992 1983; x_wconf 89' lang='lat' dir='ltr'>quod</span> <span class='ocrx_word' id='word_1_268' title='bbox 1011 1947 1097 1971; x_wconf 91' lang='lat' dir='ltr'>cum</span> <span class='ocrx_word' id='word_1_269' title='bbox 1118 1934 1209 1972; x_wconf 89' lang='lat' dir='ltr'>mihi</span> <span class='ocrx_word' id='word_1_270' title='bbox 1230 1948 1304 1972; x_wconf 93' lang='lat' dir='ltr'>non</span> <span class='ocrx_word' id='word_1_271' title='bbox 1324 1934 1614 1984; x_wconf 85' lang='lat' dir='ltr'>persuaderent,</span> <span class='ocrx_word' id='word_1_272' title='bbox 1634 1934 1749 1975; x_wconf 85' lang='lat' dir='ltr'>istum</span> 
     </span>
     <span class='ocr_line' id='line_1_30' title="bbox 296 1995 1750 2046; baseline 0.001 -12"><span class='ocrx_word' id='word_1_273' title='bbox 296 1997 417 2034; x_wconf 88' lang='lat' dir='ltr'>multa</span> <span class='ocrx_word' id='word_1_274' title='bbox 436 2007 558 2046; x_wconf 86' lang='lat' dir='ltr'>eaque</span> <span class='ocrx_word' id='word_1_275' title='bbox 574 1995 717 2033; x_wconf 87' lang='lat' dir='ltr'>atrocia</span> <span class='ocrx_word' id='word_1_276' title='bbox 737 1995 990 2041; x_wconf 88' lang='lat' dir='ltr'>commisisse,</span> <span class='ocrx_word' id='word_1_277' title='bbox 1010 2009 1241 2046; x_wconf 82' lang='lat' dir='ltr'>suorumque</span> <span class='ocrx_word' id='word_1_278' title='bbox 1263 1996 1474 2034; x_wconf 87' lang='lat' dir='ltr'>facinorum</span> <span class='ocrx_word' id='word_1_279' title='bbox 1488 1996 1576 2046; x_wconf 91' lang='lat' dir='ltr'>jure</span> <span class='ocrx_word' id='word_1_280' title='bbox 1595 1997 1750 2046; x_wconf 86' lang='lat' dir='ltr'>quasvis</span> 
     </span>
     <span class='ocr_line' id='line_1_31' title="bbox 295 2047 1752 2110; baseline 0.001 -16"><span class='ocrx_word' id='word_1_281' title='bbox 295 2069 432 2110; x_wconf 84' lang='lat' dir='ltr'>poenas</span> <span class='ocrx_word' id='word_1_282' title='bbox 452 2056 647 2101; x_wconf 83' lang='lat' dir='ltr'>daturum,</span> <span class='ocrx_word' id='word_1_283' title='bbox 667 2068 810 2106; x_wconf 85' lang='lat' dir='ltr'>negare</span> <span class='ocrx_word' id='word_1_284' title='bbox 832 2068 907 2093; x_wconf 89' lang='lat' dir='ltr'>non</span> <span class='ocrx_word' id='word_1_285' title='bbox 928 2055 1137 2101; x_wconf 87' lang='lat' dir='ltr'>audebant,</span> <span class='ocrx_word' id='word_1_286' title='bbox 1152 2057 1221 2094; x_wconf 86' lang='lat' dir='ltr'>sed</span> <span class='ocrx_word' id='word_1_287' title='bbox 1240 2057 1316 2094; x_wconf 81' lang='lat' dir='ltr'>hue</span> <span class='ocrx_word' id='word_1_288' title='bbox 1337 2070 1378 2095; x_wconf 90' lang='lat' dir='ltr'>se</span> <span class='ocrx_word' id='word_1_289' title='bbox 1393 2056 1641 2107; x_wconf 88' lang='lat' dir='ltr'>recipiebant,</span> <span class='ocrx_word' id='word_1_290' title='bbox 1654 2047 1752 2105; x_wconf 87' lang='lat' dir='ltr'>esto,</span> 
     </span>
     <span class='ocr_line' id='line_1_32' title="bbox 298 2117 1751 2170; baseline 0 -13"><span class='ocrx_word' id='word_1_291' title='bbox 298 2120 348 2158; x_wconf 89' lang='lat' dir='ltr'>sit</span> <span class='ocrx_word' id='word_1_292' title='bbox 362 2120 444 2170; x_wconf 87' lang='lat' dir='ltr'>jam</span> <span class='ocrx_word' id='word_1_293' title='bbox 474 2118 673 2156; x_wconf 87' lang='lat' dir='ltr'>convictus</span> <span class='ocrx_word' id='word_1_294' title='bbox 694 2125 732 2155; x_wconf 90' lang='lat' dir='ltr'>et</span> <span class='ocrx_word' id='word_1_295' title='bbox 750 2117 1055 2155; x_wconf 80' lang='lat' dir='ltr'>condemnatus:</span> <span class='ocrx_word' id='word_1_296' title='bbox 1085 2131 1219 2168; x_wconf 88' lang='lat' dir='ltr'>quam</span> <span class='ocrx_word' id='word_1_297' title='bbox 1249 2118 1288 2156; x_wconf 91' lang='lat' dir='ltr'>ei</span> <span class='ocrx_word' id='word_1_298' title='bbox 1317 2118 1541 2156; x_wconf 84' lang='lat' dir='ltr'>mulctam</span> <span class='ocrx_word' id='word_1_299' title='bbox 1580 2119 1751 2170; x_wconf 83' lang='lat' dir='ltr'>irroga·</span> 
     </span>
     <span class='ocr_line' id='line_1_33' title="bbox 298 2179 1751 2231; baseline -0.001 -12"><span class='ocrx_word' id='word_1_300' title='bbox 298 2189 431 2219; x_wconf 84' lang='lat' dir='ltr'>turos</span> <span class='ocrx_word' id='word_1_301' title='bbox 474 2194 580 2218; x_wconf 90' lang='lat' dir='ltr'>esse</span> <span class='ocrx_word' id='word_1_302' title='bbox 614 2180 809 2231; x_wconf 89' lang='lat' dir='ltr'>judices</span> <span class='ocrx_word' id='word_1_303' title='bbox 850 2179 1018 2230; x_wconf 75' lang='lat' dir='ltr'>putas?</span> <span class='ocrx_word' id='word_1_304' title='bbox 1061 2192 1152 2217; x_wconf 92' lang='lat' dir='ltr'>non</span> <span class='ocrx_word' id='word_1_305' title='bbox 1182 2179 1335 2226; x_wconf 87' lang='lat' dir='ltr'>vides,</span> <span class='ocrx_word' id='word_1_306' title='bbox 1364 2192 1466 2217; x_wconf 90' lang='lat' dir='ltr'>eum</span> <span class='ocrx_word' id='word_1_307' title='bbox 1507 2180 1751 2218; x_wconf 87' lang='lat' dir='ltr'>abundare</span> 
     </span>
     <span class='ocr_line' id='line_1_34' title="bbox 298 2239 1752 2293; baseline -0.001 -13"><span class='ocrx_word' id='word_1_308' title='bbox 298 2243 486 2293; x_wconf 90' lang='lat' dir='ltr'>opibus,</span> <span class='ocrx_word' id='word_1_309' title='bbox 516 2242 886 2291; x_wconf 87' lang='lat' dir='ltr'>instructasque</span> <span class='ocrx_word' id='word_1_310' title='bbox 924 2239 1142 2278; x_wconf 86' lang='lat' dir='ltr'>triremes</span> <span class='ocrx_word' id='word_1_311' title='bbox 1173 2240 1370 2290; x_wconf 87' lang='lat' dir='ltr'>aliaque</span> <span class='ocrx_word' id='word_1_312' title='bbox 1400 2252 1592 2279; x_wconf 89' lang='lat' dir='ltr'>munera</span> <span class='ocrx_word' id='word_1_313' title='bbox 1619 2241 1752 2281; x_wconf 83' lang='lat' dir='ltr'>obita</span> 
     </span>
     <span class='ocr_line' id='line_1_35' title="bbox 299 2300 1754 2352; baseline 0.001 -12"><span class='ocrx_word' id='word_1_314' title='bbox 299 2301 590 2340; x_wconf 74' lang='lat' dir='ltr'>allaturum?</span> <span class='ocrx_word' id='word_1_315' title='bbox 633 2301 900 2352; x_wconf 90' lang='lat' dir='ltr'>provideto,</span> <span class='ocrx_word' id='word_1_316' title='bbox 949 2314 1004 2338; x_wconf 90' lang='lat' dir='ltr'>ne</span> <span class='ocrx_word' id='word_1_317' title='bbox 1051 2301 1124 2338; x_wconf 90' lang='lat' dir='ltr'>his</span> <span class='ocrx_word' id='word_1_318' title='bbox 1172 2313 1221 2339; x_wconf 90' lang='lat' dir='ltr'>se</span> <span class='ocrx_word' id='word_1_319' title='bbox 1263 2301 1484 2346; x_wconf 86' lang='lat' dir='ltr'>redimat,</span> <span class='ocrx_word' id='word_1_320' title='bbox 1513 2307 1564 2338; x_wconf 87' lang='lat' dir='ltr'>et</span> <span class='ocrx_word' id='word_1_321' title='bbox 1605 2300 1754 2352; x_wconf 84' lang='lat' dir='ltr'>longe</span> 
     </span>
     <span class='ocr_line' id='line_1_36' title="bbox 301 2361 1752 2413; baseline -0.001 -12"><span class='ocrx_word' id='word_1_322' title='bbox 301 2376 485 2401; x_wconf 80' lang='lat' dir='ltr'>minore</span> <span class='ocrx_word' id='word_1_323' title='bbox 527 2363 574 2399; x_wconf 89' lang='lat' dir='ltr'>in</span> <span class='ocrx_word' id='word_1_324' title='bbox 617 2363 841 2400; x_wconf 84' lang='lat' dir='ltr'>aerarium</span> <span class='ocrx_word' id='word_1_325' title='bbox 883 2362 997 2413; x_wconf 88' lang='lat' dir='ltr'>conj</span> <span class='ocrx_word' id='word_1_326' title='bbox 1013 2374 1061 2399; x_wconf 87' lang='lat' dir='ltr'>ec</span> <span class='ocrx_word' id='word_1_327' title='bbox 1078 2369 1128 2399; x_wconf 89' lang='lat' dir='ltr'>ta</span> <span class='ocrx_word' id='word_1_328' title='bbox 1165 2361 1392 2412; x_wconf 88' lang='lat' dir='ltr'>pecunia,</span> <span class='ocrx_word' id='word_1_329' title='bbox 1431 2373 1565 2410; x_wconf 89' lang='lat' dir='ltr'>quam</span> <span class='ocrx_word' id='word_1_330' title='bbox 1609 2375 1752 2411; x_wconf 89' lang='lat' dir='ltr'>quan-</span> 
     </span>
     <span class='ocr_line' id='line_1_37' title="bbox 301 2422 1172 2473; baseline -0.003 -11"><span class='ocrx_word' id='word_1_331' title='bbox 301 2431 396 2462; x_wconf 86' lang='lat' dir='ltr'>tam</span> <span class='ocrx_word' id='word_1_332' title='bbox 422 2424 509 2461; x_wconf 90' lang='lat' dir='ltr'>tibi</span> <span class='ocrx_word' id='word_1_333' title='bbox 539 2422 829 2473; x_wconf 85' lang='lat' dir='ltr'>pollicetur,</span> <span class='ocrx_word' id='word_1_334' title='bbox 858 2429 905 2459; x_wconf 89' lang='lat' dir='ltr'>te</span> <span class='ocrx_word' id='word_1_335' title='bbox 935 2422 1172 2460; x_wconf 86' lang='lat' dir='ltr'>derideat.</span> 
     </span>
    </p>

    <p class='ocr_par' dir='ltr' id='par_1_4' title="bbox 302 2482 1758 2964">
     <span class='ocr_line' id='line_1_38' title="bbox 355 2482 1753 2534; baseline -0.001 -11"><span class='ocrx_word' id='word_1_336' title='bbox 355 2487 420 2523; x_wconf 84' lang='lat'>43.</span> <span class='ocrx_word' id='word_1_337' title='bbox 450 2484 534 2534; x_wconf 80' lang='lat' dir='ltr'>Ego</span> <span class='ocrx_word' id='word_1_338' title='bbox 550 2497 638 2521; x_wconf 88' lang='lat' dir='ltr'>vero</span> <span class='ocrx_word' id='word_1_339' title='bbox 657 2484 820 2534; x_wconf 88' lang='lat' dir='ltr'>primum</span> <span class='ocrx_word' id='word_1_340' title='bbox 833 2483 924 2520; x_wconf 91' lang='lat' dir='ltr'>nihil</span> <span class='ocrx_word' id='word_1_341' title='bbox 935 2483 1110 2534; x_wconf 83' lang='lat' dir='ltr'>putidum</span> <span class='ocrx_word' id='word_1_342' title='bbox 1130 2489 1170 2521; x_wconf 88' lang='lat' dir='ltr'>et</span> <span class='ocrx_word' id='word_1_343' title='bbox 1183 2482 1375 2533; x_wconf 87' lang='lat' dir='ltr'>abjectum</span> <span class='ocrx_word' id='word_1_344' title='bbox 1393 2496 1415 2520; x_wconf 89' lang='lat' dir='ltr'>a</span> <span class='ocrx_word' id='word_1_345' title='bbox 1430 2483 1539 2521; x_wconf 90' lang='lat' dir='ltr'>vobis</span> <span class='ocrx_word' id='word_1_346' title='bbox 1551 2491 1753 2534; x_wconf 87' lang='lat' dir='ltr'>exspecto,</span> 
     </span>
     <span class='ocr_line' id='line_1_39' title="bbox 303 2544 1758 2596; baseline 0 -12"><span class='ocrx_word' id='word_1_347' title='bbox 303 2559 375 2584; x_wconf 90' lang='lat' dir='ltr'>nec</span> <span class='ocrx_word' id='word_1_348' title='bbox 396 2545 569 2583; x_wconf 79' lang='lat' dir='ltr'>existimo</span> <span class='ocrx_word' id='word_1_349' title='bbox 589 2557 657 2582; x_wconf 84' lang='lat' dir='ltr'>vos</span> <span class='ocrx_word' id='word_1_350' title='bbox 683 2544 788 2582; x_wconf 89' lang='lat' dir='ltr'>litem</span> <span class='ocrx_word' id='word_1_351' title='bbox 810 2545 862 2581; x_wconf 91' lang='lat' dir='ltr'>illi</span> <span class='ocrx_word' id='word_1_352' title='bbox 891 2544 1045 2582; x_wconf 88' lang='lat' dir='ltr'>minoris</span> <span class='ocrx_word' id='word_1_353' title='bbox 1065 2545 1336 2589; x_wconf 78' lang='lat' dir='ltr'>aestimaturos,</span> <span class='ocrx_word' id='word_1_354' title='bbox 1357 2558 1488 2595; x_wconf 88' lang='lat' dir='ltr'>quam,</span> <span class='ocrx_word' id='word_1_355' title='bbox 1512 2558 1589 2596; x_wconf 90' lang='lat' dir='ltr'>qua</span> <span class='ocrx_word' id='word_1_356' title='bbox 1613 2545 1758 2585; x_wconf 79' lang='lat' dir='ltr'>mulcta</span> 
     </span>
     <span class='ocr_line' id='line_1_40' title="bbox 302 2606 1755 2658; baseline 0.001 -12"><span class='ocrx_word' id='word_1_357' title='bbox 302 2610 376 2646; x_wconf 88' lang='lat' dir='ltr'>iste</span> <span class='ocrx_word' id='word_1_358' title='bbox 395 2606 534 2652; x_wconf 87' lang='lat' dir='ltr'>soluta,</span> <span class='ocrx_word' id='word_1_359' title='bbox 552 2606 853 2644; x_wconf 88' lang='lat' dir='ltr'>contumeliosus</span> <span class='ocrx_word' id='word_1_360' title='bbox 870 2619 958 2644; x_wconf 88' lang='lat' dir='ltr'>esse</span> <span class='ocrx_word' id='word_1_361' title='bbox 979 2606 1143 2645; x_wconf 90' lang='lat' dir='ltr'>desinat.</span> <span class='ocrx_word' id='word_1_362' title='bbox 1175 2607 1272 2650; x_wconf 82' lang='lat' dir='ltr'>Quae</span> <span class='ocrx_word' id='word_1_363' title='bbox 1290 2609 1610 2658; x_wconf 79' lang='lat' dir='ltr'>praestantissima</span> <span class='ocrx_word' id='word_1_364' title='bbox 1628 2608 1755 2654; x_wconf 85' lang='lat' dir='ltr'>suerit,</span> 
     </span>
     <span class='ocr_line' id='line_1_41' title="bbox 304 2667 1754 2719; baseline 0.002 -13"><span class='ocrx_word' id='word_1_365' title='bbox 304 2682 429 2706; x_wconf 88' lang='lat' dir='ltr'>mors:</span> <span class='ocrx_word' id='word_1_366' title='bbox 459 2667 644 2719; x_wconf 86' lang='lat' dir='ltr'>proxima,</span> <span class='ocrx_word' id='word_1_367' title='bbox 677 2668 868 2705; x_wconf 90' lang='lat' dir='ltr'>bonorum</span> <span class='ocrx_word' id='word_1_368' title='bbox 901 2667 1071 2704; x_wconf 87' lang='lat' dir='ltr'>omnium</span> <span class='ocrx_word' id='word_1_369' title='bbox 1107 2667 1328 2717; x_wconf 85' lang='lat' dir='ltr'>publicatio.</span> <span class='ocrx_word' id='word_1_370' title='bbox 1384 2669 1536 2709; x_wconf 87' lang='lat' dir='ltr'>Deinde</span> <span class='ocrx_word' id='word_1_371' title='bbox 1566 2668 1670 2719; x_wconf 91' lang='lat' dir='ltr'>quod</span> <span class='ocrx_word' id='word_1_372' title='bbox 1706 2668 1754 2709; x_wconf 83' lang='lat' dir='ltr'>ad</span> 
     </span>
     <span class='ocr_line' id='line_1_42' title="bbox 302 2727 1756 2779; baseline 0.001 -13"><span class='ocrx_word' id='word_1_373' title='bbox 302 2728 408 2766; x_wconf 87' lang='lat' dir='ltr'>obita</span> <span class='ocrx_word' id='word_1_374' title='bbox 428 2741 587 2766; x_wconf 85' lang='lat' dir='ltr'>munera</span> <span class='ocrx_word' id='word_1_375' title='bbox 606 2735 641 2764; x_wconf 82' lang='lat' dir='ltr'>et</span> <span class='ocrx_word' id='word_1_376' title='bbox 659 2727 865 2765; x_wconf 86' lang='lat' dir='ltr'>triremium</span> <span class='ocrx_word' id='word_1_377' title='bbox 886 2727 1191 2773; x_wconf 85' lang='lat' dir='ltr'>instructionem,</span> <span class='ocrx_word' id='word_1_378' title='bbox 1210 2735 1325 2779; x_wconf 88' lang='lat' dir='ltr'>atque</span> <span class='ocrx_word' id='word_1_379' title='bbox 1351 2729 1542 2779; x_wconf 89' lang='lat' dir='ltr'>ejusmodi</span> <span class='ocrx_word' id='word_1_380' title='bbox 1561 2742 1756 2768; x_wconf 85' lang='lat' dir='ltr'>sermones</span> 
     </span>
     <span class='ocr_line' id='line_1_43' title="bbox 305 2787 1756 2840; baseline 0 -12"><span class='ocrx_word' id='word_1_381' title='bbox 305 2790 531 2840; x_wconf 15' lang='lat' dir='ltr'>attinet,tsic</span> <span class='ocrx_word' id='word_1_382' title='bbox 569 2789 706 2827; x_wconf 90' lang='lat' dir='ltr'>sentio.</span> <span class='ocrx_word' id='word_1_383' title='bbox 763 2787 802 2825; x_wconf 92' lang='lat' dir='ltr'>Si</span> <span class='ocrx_word' id='word_1_384' title='bbox 835 2787 922 2833; x_wconf 88' lang='lat' dir='ltr'>hoc,</span> <span class='ocrx_word' id='word_1_385' title='bbox 958 2788 1233 2832; x_wconf 81' lang='lat' dir='ltr'>Athenienses,</span> <span class='ocrx_word' id='word_1_386' title='bbox 1263 2796 1323 2828; x_wconf 89' lang='lat' dir='ltr'>est</span> <span class='ocrx_word' id='word_1_387' title='bbox 1352 2791 1490 2828; x_wconf 83' lang='lat' dir='ltr'>servire</span> <span class='ocrx_word' id='word_1_388' title='bbox 1522 2789 1756 2840; x_wconf 69' lang='lat' dir='ltr'>reipublicae,</span> 
     </span>
     <span class='ocr_line' id='line_1_44' title="bbox 306 2848 1757 2901; baseline 0 -13"><span class='ocrx_word' id='word_1_389' title='bbox 306 2851 410 2901; x_wconf 83' lang='lat' dir='ltr'>apud</span> <span class='ocrx_word' id='word_1_390' title='bbox 429 2863 498 2888; x_wconf 92' lang='lat' dir='ltr'>vos</span> <span class='ocrx_word' id='word_1_391' title='bbox 518 2851 556 2887; x_wconf 86' lang='lat' dir='ltr'>in</span> <span class='ocrx_word' id='word_1_392' title='bbox 577 2849 755 2888; x_wconf 85' lang='lat' dir='ltr'>omnibus</span> <span class='ocrx_word' id='word_1_393' title='bbox 771 2848 1034 2894; x_wconf 87' lang='lat' dir='ltr'>concionibus,</span> <span class='ocrx_word' id='word_1_394' title='bbox 1050 2857 1164 2899; x_wconf 83' lang='lat' dir='ltr'>atque</span> <span class='ocrx_word' id='word_1_395' title='bbox 1187 2850 1327 2901; x_wconf 90' lang='lat' dir='ltr'>ubique</span> <span class='ocrx_word' id='word_1_396' title='bbox 1347 2851 1518 2889; x_wconf 86' lang='lat' dir='ltr'>locorum</span> <span class='ocrx_word' id='word_1_397' title='bbox 1539 2850 1757 2893; x_wconf 85' lang='lat' dir='ltr'>inculcare:</span> 
     </span>
     <span class='ocr_line' id='line_1_45' title="bbox 306 2911 1755 2964; baseline 0.001 -16"><span class='ocrx_word' id='word_1_398' title='bbox 306 2925 394 2950; x_wconf 86' lang='lat' dir='ltr'>nos</span> <span class='ocrx_word' id='word_1_399' title='bbox 424 2912 472 2949; x_wconf 86' lang='lat' dir='ltr'>hi</span> <span class='ocrx_word' id='word_1_400' title='bbox 503 2925 668 2950; x_wconf 90' lang='lat' dir='ltr'>sumus</span> <span class='ocrx_word' id='word_1_401' title='bbox 697 2911 775 2961; x_wconf 90' lang='lat' dir='ltr'>qui</span> <span class='ocrx_word' id='word_1_402' title='bbox 806 2912 1051 2948; x_wconf 81' lang='lat' dir='ltr'>obeamus</span> <span class='ocrx_word' id='word_1_403' title='bbox 1082 2925 1293 2957; x_wconf 77' lang='lat' dir='ltr'>munera,</span> <span class='ocrx_word' id='word_1_404' title='bbox 1325 2926 1418 2950; x_wconf 87' lang='lat' dir='ltr'>nos</span> <span class='ocrx_word' id='word_1_405' title='bbox 1447 2913 1586 2964; x_wconf 87' lang='lat' dir='ltr'>primi</span> <span class='ocrx_word' id='word_1_406' title='bbox 1617 2913 1755 2950; x_wconf 78' lang='lat' dir='ltr'>vobis</span> 
     </span>
    </p>
   </div>
  </div>
 </body>
</html>
