1923 3149
276 159 352 196 230
582 154 656 193 DE
688 154 848 193 MALE
877 154 1051 194 GESTA
1081 156 1415 197 LEGATIONE.

271 256 498 308 dispiciebat
513 270 589 307 quo
609 264 722 308 pacto
742 257 849 296 vobis
870 256 1161 308 gratificaretur,
1181 258 1319 297 missos
1343 259 1486 309 facere,
1504 275 1553 300 ne
1567 264 1603 301 in
1619 276 1725 303 men-

269 325 346 357 tem
367 318 523 370 quidem
542 318 613 357 sibi
632 319 781 357 venisse
800 319 1011 370 profitetur.
1058 318 1170 370 Saepe
1183 326 1309 358 autem
1327 327 1507 360 testatum
1524 325 1633 362 vobis
1653 332 1724 371 est,

270 380 387 430 idque
405 380 571 431 publice,
592 393 651 418 me
671 380 846 418 attulisse
873 380 1073 425 talentum,
1104 388 1143 418 et
1163 380 1212 418 ad
1233 394 1300 419 eos
1322 382 1563 422 redimendos
1596 386 1726 436 profe-

268 447 372 479 ctum
392 453 490 487 esse,
518 440 622 492 quod
658 441 916 479 testimonium
947 454 1051 479 nunc
1071 442 1186 479 etiam
1203 442 1381 480 audietis.
1429 443 1671 496 Quapropter
1686 452 1728 483 ut

268 503 342 541 iste
361 502 515 541 laudem
534 502 638 540 illam
656 502 904 554 benignitatis
925 502 1016 540 mihi
1035 503 1210 554 eriperet,
1230 504 1343 542 etiam
1364 503 1403 541 id
1432 512 1476 542 ut
1494 505 1726 553 inscriberet,

269 561 448 615 Philippo
461 563 664 614 persuasit.
688 562 802 606 Quod
822 563 938 614 igitur
954 564 1161 602 maximum
1181 570 1239 603 est
1253 565 1438 612 omnium,
1451 565 1516 616 qui
1536 567 1723 616 prioribus

265 624 385 663 literis
404 637 470 676 per
485 637 554 662 nos
571 623 711 669 allatis,
733 624 990 676 inscripserat,
1010 638 1051 664 se
1073 631 1201 677 aperte
1217 626 1330 664 etiam
1346 626 1466 664 fuisse
1481 627 1725 678 scripturum,

268 686 423 737 quantis
437 685 632 724 beneficiis
650 698 719 724 vos
741 686 948 725 affecturus
967 693 1083 733 esset,
1101 687 1132 725 si
1149 687 1264 726 sciret
1283 688 1506 726 societatem
1526 689 1641 726 etiam
1663 701 1723 726 se-

266 759 355 785 cum
383 747 518 785 initum
538 746 596 792 iri,
618 747 664 792 is,
686 747 855 786 conflata
874 748 1075 794 societate,
1106 762 1232 800 neque
1261 749 1357 788 scire
1388 763 1444 794 se,
1463 763 1539 800 qua
1558 763 1598 787 re
1618 750 1725 787 vobis

266 808 510 858 gratificetur,
529 820 652 860 neque
665 809 872 860 quicquam
897 809 1119 861 promisisse
1138 811 1218 854 ait·,
1247 810 1349 861 quod
1370 811 1502 862 utique
1522 818 1669 858 nosset,
1692 810 1725 848 si

265 870 398 908 fucum
417 870 525 908 vobis
559 882 637 907 non
665 871 836 910 fecisset.
875 872 1022 909 Verum
1041 878 1086 909 ut
1103 885 1189 909 eum
1217 871 1303 910 hacc
1339 872 1537 922 scripsisse
1557 879 1722 916 constet,

266 943 362 983 cape
380 931 525 983 priores
546 931 692 979 literas,
713 938 828 983 atque
849 945 896 971 ex
913 932 987 970 illis
1003 933 1169 983 idipsum
1189 932 1322 983 recita,
1342 933 1389 970 ab
1410 932 1483 970 hoc
1498 932 1616 971 initio.

832 1039 903 1076 EX
931 1037 1163 1076 LITERIS.

266 1125 368 1162 Anto
396 1135 534 1174 pacem
567 1125 682 1174 igitur
704 1125 961 1174 impetratam,
985 1124 1016 1160 si
1046 1125 1161 1161 etiam
1192 1123 1358 1161 societas
1385 1136 1516 1161 secum
1551 1124 1723 1171 iniretur,

265 1198 306 1224 se
320 1185 550 1236 scripturum
566 1184 822 1235 promittebat,
836 1184 990 1234 quantis
1006 1184 1282 1235 rempublicam
1303 1184 1496 1222 beneficiis
1513 1184 1722 1223 affecturus

265 1253 392 1285 esset:
422 1251 631 1297 postquam
659 1252 788 1283 autem
811 1251 1015 1296 utrumque
1044 1246 1221 1291 obtinuit,
1247 1246 1422 1296 ignorare
1451 1259 1492 1283 se
1517 1245 1621 1291 dicit,
1647 1259 1724 1296 qua

262 1308 371 1346 vobis
392 1321 431 1346 re
452 1307 699 1358 gratificetur.
735 1307 835 1344 Cum
860 1320 950 1345 vero
977 1319 1044 1344 vos
1071 1320 1118 1345 ea
1136 1307 1307 1345 facturos
1327 1307 1479 1352 dicatis,
1496 1319 1582 1357 quae
1602 1308 1635 1345 ei
1652 1320 1723 1345 nec

262 1369 460 1421 pudenda,
470 1381 539 1407 nec
552 1368 808 1420 ignominiosa
821 1369 909 1415 sint,
928 1368 977 1406 ad
989 1369 1060 1406 has
1077 1368 1345 1406 excusationes
1361 1368 1635 1419 confugiendo,
1651 1368 1723 1406 etsi

264 1444 357 1470 sane
376 1437 414 1468 et
432 1430 513 1482 ipse
533 1431 671 1469 dixerit
699 1431 854 1481 aliquid,
874 1436 914 1468 et
932 1443 1000 1468 vos
1021 1429 1268 1468 adducamini
1299 1430 1348 1468 ad
1368 1429 1644 1481 pollicendum,
1662 1443 1722 1468 re-

264 1499 421 1544 ceptum
446 1493 519 1531 sibi
542 1492 736 1542 relinquit.

240 1594 249 1602 ,
323 1554 385 1593 15.
416 1553 513 1591 Haec
533 1553 648 1604 igitur
678 1561 717 1591 et
740 1553 817 1591 alia
842 1552 963 1591 multa
981 1566 1028 1592 eo
1054 1559 1224 1605 tempore
1256 1553 1385 1591 statim
1412 1553 1451 1590 in
1475 1566 1515 1592 re
1539 1552 1723 1602 praesenti

262 1614 420 1667 coargui
439 1621 661 1666 potuerunt,
680 1627 826 1665 vosque
846 1614 1013 1661 edoceri,
1034 1620 1073 1653 et
1089 1627 1237 1660 cavere,
1257 1628 1305 1652 ne
1325 1628 1449 1654 rerum
1469 1614 1724 1665 gerendarum

262 1678 485 1716 occasiones
506 1677 745 1724 amitteretis,
766 1676 840 1714 nisi
859 1676 1052 1728 Thespiae,
1077 1684 1115 1715 et
1143 1676 1319 1722 Plataeae,
1352 1684 1390 1715 et
1414 1676 1609 1714 Thebanis
1639 1675 1721 1713 sine

262 1751 370 1777 mora
387 1738 641 1789 infligendum
662 1737 906 1789 supplicium,
928 1739 1127 1776 veritatem
1152 1738 1259 1776 vobis
1289 1737 1504 1789 eripuisset.
1535 1736 1658 1787 Atqui
1677 1748 1724 1774 ea

261 1801 294 1839 si
326 1807 476 1838 tantum
500 1800 691 1838 audienda
716 1799 893 1846 fuissent,
928 1805 969 1837 et
993 1801 1109 1838 verba
1138 1799 1267 1838 danda
1297 1800 1453 1845 civitati,
1483 1805 1585 1836 recte
1619 1797 1724 1836 dicta

246 1868 413 1900 'essentz
444 1862 502 1899 sin
517 1874 649 1899 revera
668 1860 839 1912 gerenda
856 1867 895 1898 et
913 1861 1150 1911 praestanda,
1171 1861 1289 1899 taceri
1302 1860 1545 1912 expediebat.
1569 1859 1668 1896 Nam
1689 1859 1720 1896 si

262 1925 300 1961 in
322 1936 368 1961 eo
386 1935 447 1961 res
462 1925 543 1971 jam
562 1928 684 1969 erant,
703 1930 748 1960 ut
765 1935 837 1960 nec
857 1921 1132 1960 animadversis
1148 1922 1296 1960 insidiis
1317 1921 1492 1960 Thebani
1513 1921 1720 1971 quicquam

260 1985 505 2036 proficerent,
520 1996 588 2022 cur
603 1984 716 2022 factae
736 1997 814 2023 non
833 1983 946 2022 sunt?
976 1984 1044 2022 Sin
1063 1990 1267 2035 propterea
1283 1990 1376 2021 sunt
1393 1982 1601 2034 impeditae,
1616 1982 1721 2032 quod

260 2045 314 2084 illi
333 2052 627 2097 praesenserant,
644 2045 732 2095 quis
752 2045 993 2084 enunciavit?
1021 2058 1151 2083 nonne
1170 2044 1272 2083 iste?
1304 2044 1380 2082 Sed
1401 2044 1467 2082 illa
1486 2056 1611 2094 neque
1628 2043 1720 2081 Phi-

260 2106 388 2158 lippus
408 2107 586 2152 instituit,
606 2113 673 2144 aut
691 2107 824 2152 voluit,
842 2120 967 2157 neque
987 2108 1155 2158 speravit
1174 2107 1268 2144 iste:
1299 2106 1460 2157 proinde
1481 2105 1719 2143 enunciatio-

261 2169 321 2206 nis
341 2181 430 2206 eum
449 2168 605 2206 crimine
620 2167 754 2205 libero.
781 2168 928 2206 Fucum
948 2167 1022 2205 illis
1041 2168 1167 2206 verbis
1189 2167 1269 2205 fieri
1288 2167 1395 2205 vobis
1422 2166 1603 2216 oportuit,
1622 2173 1662 2202 et
1679 2165 1719 2202 id

262 2230 376 2275 effici,
396 2242 444 2267 ne
464 2241 596 2267 verum
616 2241 663 2266 ex
682 2242 743 2267 me
763 2228 896 2266 audire
914 2228 1076 2274 velletis,
1097 2235 1135 2266 et
1154 2234 1197 2266 ut
1217 2228 1321 2266 domi
1342 2227 1560 2271 maneretis,
1581 2232 1621 2264 et
1640 2226 1716 2264 tale

263 2290 403 2328 scitum
427 2290 640 2340 juberetur,
668 2302 743 2340 quo
765 2289 987 2328 Phocenses
1015 2289 1203 2327 interituri
1230 2295 1360 2328 essent
1370 2302 1380 2332 ;
1411 2301 1458 2326 eo
1478 2287 1721 2339 pertinebant

261 2351 337 2388 illae
359 2351 522 2398 deliciae,
541 2351 632 2388 hinc
653 2357 764 2389 erant
783 2351 858 2388 illae
878 2351 1098 2389 conciones.

321 2413 381 2449 16.
413 2413 497 2462 Ego
524 2425 614 2450 vero
643 2425 731 2450 cum
752 2418 860 2450 tanta
888 2419 927 2450 et
946 2411 1038 2449 talia
1063 2411 1170 2448 illum
1188 2410 1358 2461 polliceri
1377 2417 1458 2448 tum
1479 2410 1665 2457 audirem,
1684 2416 1721 2448 et

262 2474 411 2511 mentiri
426 2479 662 2523 compertum
680 2471 1048 2523 haberem,-—idque
1068 2472 1171 2510 unde
1188 2471 1312 2509 dicam
1330 2471 1437 2510 vobis
1453 2485 1462 2509 :
1492 2472 1656 2522 primum
1671 2483 1719 2509 ex

261 2535 322 2581 eo,
342 2547 429 2573 cum
455 2534 656 2585 Philippus
669 2534 942 2585 jusjurandum
968 2534 1016 2571 de
1044 2546 1139 2584 pace
1159 2533 1318 2571 daturus
1348 2540 1465 2579 esset,
1489 2532 1594 2583 quod
1614 2532 1716 2570 Pho-

262 2608 399 2634 censes
419 2596 466 2633 ab
487 2595 569 2633 istis
586 2596 764 2634 exclusos
783 2609 867 2634 esse
886 2595 1031 2633 foedere
1047 2595 1269 2646 apparebat,
1284 2594 1387 2645 quod
1401 2593 1519 2632 taceri
1540 2600 1577 2631 et
1595 2592 1719 2631 omitti

261 2658 530 2704 conveniebat,
550 2657 580 2694 si
597 2658 768 2694 futurum
789 2663 871 2695 erat
888 2664 932 2694 ut
950 2664 1290 2694 conservarentur:
1321 2655 1458 2694 deinde
1474 2655 1577 2706 quod
1591 2667 1719 2705 neque

263 2718 431 2770 Philippi
452 2718 569 2770 legati
587 2718 626 2755 id
653 2718 848 2762 dicebant,
870 2730 993 2769 neque
1013 2717 1131 2755 literae
1160 2718 1341 2769 Philippi,
1367 2717 1435 2755 scd
1459 2717 1600 2761 iste-‚
1627 2715 1718 2754 hinc

263 2779 378 2830 igitur
392 2779 653 2830 conjecturam
673 2778 844 2830 capiens,
862 2778 1010 2816 surrexi
1030 2784 1070 2815 et
1083 2778 1220 2829 prodii,
1239 2779 1398 2817 daturus
1417 2789 1586 2829 operam,
1601 2782 1645 2814 ut
1659 2789 1717 2814 re-

262 2842 445 2893 fragarer.
475 2842 528 2881 Ut
546 2849 674 2881 autem
689 2854 756 2880 vos
770 2841 900 2880 audire
914 2854 974 2880 me
988 2841 1191 2889 nolebatis,
1205 2841 1346 2894 quievi,
1361 2847 1510 2879 tantum
1526 2839 1717 2877 duntaxat

263 2904 614 2957 testatus,—-idque
632 2906 794 2944 obsecro
814 2917 880 2944 vos
895 2917 961 2956 per
981 2904 1073 2943 deos
1095 2911 1137 2942 ut
1156 2904 1191 2942 in
1209 2904 1428 2944 memoriam
1459 2901 1714 2948 revocetis—,
