1923 3149
511 186 583 225 DE
614 186 761 225 MALE
792 186 972 226 GESTA
1005 185 1335 225 LEGATIONE.
1565 186 1639 223 261

192 288 288 327 tuito
305 293 345 326 et
359 288 440 326 sine
457 290 685 341 corruptelis
705 302 818 341 agere
835 301 922 341 quae
939 287 1047 326 vobis
1068 295 1161 325 sunt
1180 289 1395 327 utilissima.
1434 288 1493 327 Ac
1512 287 1560 327 de
1580 300 1644 326 ce·

191 350 281 388 teris
308 350 414 388 nullo
435 358 530 389 teste
556 352 660 390 vobis
693 358 753 390 est
780 364 898 402 opus:
929 364 952 388 a
981 349 1186 400 Phrynone
1217 357 1344 388 autem
1375 351 1530 389 missum
1559 362 1643 388 esse

191 412 308 449 filiurn
328 419 370 450 ut
388 421 552 460 constet,
573 426 668 452 voca
688 414 780 451 mihi
802 420 933 452 testes.

809 530 1028 568 TESTES.

192 617 308 656 Hunc
327 618 441 669 igitur
461 631 538 656 non
555 618 754 656 accusavit
772 616 989 661 AEschines,
1009 615 1112 666 quod
1130 629 1238 654 suum
1255 617 1372 654 filium
1393 615 1441 654 ad
1463 617 1645 667 probrum

190 679 294 717 misit
312 680 361 717 ad
383 679 623 729 Philippum:
653 678 724 716 sed
742 679 772 715 si
787 679 870 728 quis
891 678 1134 724 adolescens,
1152 678 1233 715 aliis
1253 678 1376 716 forma
1391 677 1647 728 praestantior,

189 752 267 778 uon
281 753 420 778 cavens
439 739 543 777 illam
562 753 610 778 ex
624 739 722 777 facie
743 740 849 777 nasci
871 740 1022 777 solitam
1041 740 1316 790 suspicionem,
1335 738 1491 777 liberius
1510 744 1648 789 postea

187 801 296 850 vixit,
318 814 405 839 eum
426 801 674 852 impudicitiae
695 802 906 840 accusavit.

242 863 306 900 67.
336 863 479 901 Verum
489 867 570 912 jam
590 864 639 902 de
660 864 881 902 invitatione
902 878 946 902 ac
963 864 1119 902 decreto
1136 870 1176 901 ut
1187 864 1326 910 dicam,
1342 864 1561 902 faciendum
1576 870 1649 902 est.

188 923 329 962 Parum
346 925 445 962 enim
467 925 603 971 abfuit,
621 925 712 976 quin
734 938 780 963 ea
798 926 931 977 primae
952 926 1153 976 legationis
1174 933 1274 972 acta,
1295 939 1380 976 quae
1401 939 1461 963 me
1480 925 1589 963 vobis
1608 925 1648 962 in

189 985 320 1035 primis
340 986 479 1023 referre
499 993 664 1037 oportet,
683 987 928 1037 praeterirem.
959 986 1043 1037 Ego
1055 1000 1143 1024 cum
1158 987 1538 1024 senatusconsultum
1555 987 1650 1024 scri-

188 1047 330 1091 berem,
352 1060 396 1084 ac
421 1060 554 1085 rursus
581 1048 685 1098 apud
711 1048 910 1099 populum,
943 1061 1031 1085 cum
1061 1048 1217 1098 quidem
1248 1048 1291 1086 iis
1320 1048 1582 1095 concionibus,
1610 1048 1649 1086 in

189 1109 328 1159 quibus
356 1108 404 1146 de
425 1122 521 1159 pace
543 1109 788 1147 deliberaturi
815 1110 944 1155 eratis,
967 1109 1060 1146 nihil
1088 1110 1178 1147 dum
1200 1123 1322 1160 nequ:
1356 1110 1406 1147 de
1437 1109 1649 1148 rationibus

186 1169 362 1216 istorum,
381 1183 504 1220 neque
523 1171 571 1208 de
588 1170 736 1222 injuriis
752 1177 959 1216 constaret,
976 1172 1268 1209 consuetudinis
1284 1174 1369 1222 jure
1384 1185 1494 1218 usus,
1513 1171 1649 1210 etlau-

188 1230 275 1267 davi
295 1230 402 1276 istos,
424 1238 465 1268 et
492 1232 530 1269 in
548 1234 691 1270 curiam
718 1233 887 1270 invitavi.
930 1232 989 1270 Ac
1010 1233 1229 1271 mehercule
1249 1240 1287 1270 et
1313 1233 1480 1284 Philippi
1498 1233 1648 1284 legatos

186 1291 353 1342 hospitio
373 1295 520 1344 excepi,
543 1295 672 1344 idque,
699 1295 975 1341 Athenienses,
997 1296 1154 1333 omnino
1175 1295 1391 1346 splendide.
1438 1295 1541 1333 Nam
1561 1308 1650 1333 cum

186 1353 357 1391 viderem
385 1367 451 1392 eos
484 1355 560 1393 illic
581 1356 696 1393 etiam
724 1369 810 1393 eam
838 1369 919 1394 rem
951 1357 1082 1407 gloriae
1104 1356 1175 1394 sibi
1208 1357 1364 1405 ducere,
1395 1363 1437 1394 ut
1461 1356 1586 1394 beatis
1611 1363 1651 1395 et

187 1415 415 1465 splendidis,
436 1417 566 1454 statim
586 1417 677 1455 duxi
698 1431 760 1455 me
779 1417 944 1468 primum
967 1418 1021 1455 eis
1042 1418 1275 1468 superiorem
1298 1431 1382 1455 esse
1401 1425 1592 1469 oportere,
1613 1424 1653 1456 et

185 1478 472 1527 magnificentia
491 1479 734 1517 antecellere.
770 1479 830 1517 Ea
848 1479 964 1530 igitur
982 1479 1056 1517 iste
1077 1492 1182 1517 nunc
1203 1478 1335 1517 afferet
1354 1486 1393 1517 et
1411 1479 1645 1517 recensebit:

187 1538 313 1589 ipse,
351 1539 510 1589 inquiet,
544 1540 780 1578 laudavit
810 1554 917 1586 nos,
951 1546 990 1578 et
1024 1540 1133 1591 ipse
1168 1540 1370 1591 legatos
1415 1540 1647 1578 convivio

186 1611 242 1637 ex
257 1601 415 1651 cepit;
447 1614 571 1651 neque
590 1608 743 1652 tempus
769 1601 869 1639 illius
898 1602 991 1639 facti
1017 1601 1241 1652 distinguet.
1290 1601 1412 1640 Facta
1435 1608 1563 1639 autem
1583 1601 1651 1640 illa

188 1667 291 1706 sunt,
313 1668 519 1712 antequam
535 1662 756 1714 respublica
775 1664 981 1714 quicquam
1001 1663 1220 1701 detrimenti
1239 1663 1421 1714 cepisset,
1442 1671 1650 1714 antequam

186 1724 313 1774 palam
326 1724 473 1762 factum
494 1732 612 1772 esset,
630 1725 724 1763 istos
745 1739 786 1763 se
807 1725 1028 1764 vendidisse
1044 1739 1052 1764 :
1087 1739 1176 1764 cum
1195 1726 1313 1776 legati
1332 1727 1495 1778 primum
1514 1739 1649 1765 recens

186 1785 447 1832 advenissent,
463 1792 501 1824 et
514 1786 658 1838 populo
674 1787 910 1824 audiendum
926 1794 1030 1825 esset
1043 1787 1137 1838 quid
1151 1786 1345 1825 dicerent:
1375 1800 1463 1825 cum
1475 1788 1648 1826 nondum

185 1846 245 1884 vel
261 1847 375 1884 istum
389 1847 623 1897 patrocinari
637 1848 859 1896 Philocrati,
878 1849 939 1886 vel
952 1849 1059 1886 illum
1075 1848 1168 1887 talia
1181 1861 1265 1901 esse
1280 1849 1538 1895 decreturum,
1555 1862 1649 1888 con-

185 1913 316 1946 staret.
361 1908 402 1946 Si
422 1908 538 1959 igitur
556 1909 651 1947 talia
678 1909 831 1957 dixerit,
858 1917 1093 1949 mementote
1122 1918 1351 1962 temporum,
1384 1926 1472 1963 quae
1503 1912 1647 1961 injuriis

184 1976 489 2008 antecesserunt.
522 1970 618 2008 Post
636 1977 766 2009 autem
786 1971 893 2009 nulla
912 1973 1004 2010 mihi
1027 1986 1114 2011 cum
1134 1973 1217 2011 istis
1237 1972 1475 2012 familiaritas
1497 1980 1563 2012 aut
1584 1987 1646 2012 so·

183 2030 302 2069 cietas
319 2032 551 2070 intercessit.
595 2032 734 2071 Recita
752 2033 1029 2072 testimonium.

718 2170 1124 2209 TESTIMONIUM.

238 2258 302 2295 68.
333 2258 525 2296 Fortassis
546 2264 675 2296 autem
687 2257 805 2296 frater
821 2258 854 2296 ei
876 2257 1182 2308 patrocinabitur
1195 2257 1446 2296 Philochares
1457 2263 1496 2296 et
1508 2257 1644 2310 Apho-

181 2321 305 2366 betus,
325 2334 489 2372 quorum
510 2320 663 2371 utrique
692 2320 816 2359 multa
847 2327 886 2358 et
917 2333 1031 2370 aequa
1061 2320 1298 2370 respondere
1317 2319 1505 2371 poteritis.
1561 2319 1642 2358 Ne-

183 2394 294 2420 cesse
314 2389 442 2420 autem
471 2390 543 2429 est,
574 2382 849 2432 Athenienses,
882 2382 1000 2420 libere
1029 2381 1149 2433 loqui,
1181 2381 1353 2433 nihilque
1386 2381 1644 2420 dissimulare.

186 2443 283 2488 Nos,
304 2446 521 2496 Aphobete,
542 2452 580 2484 et
605 2452 660 2492 tu,
681 2445 944 2491 Philochares,
965 2444 1107 2482 scimus
1127 2451 1163 2482 te
1183 2445 1341 2496 quidem
1361 2445 1644 2484 alabastrothe-

185 2517 252 2542 cas
272 2505 429 2556 pingere
459 2507 627 2554 solitum,
655 2514 696 2546 et
715 2515 911 2559 tympana,
941 2507 1037 2544 istos
1070 2518 1160 2544 vero
1192 2506 1364 2544 notarios
1392 2514 1431 2544 et
1462 2507 1643 2557 vulgares

184 2565 304 2604 fuisse
330 2567 679 2619 homines—atque
708 2569 796 2607 haec
823 2575 864 2606 ut
883 2569 931 2606 ab
957 2568 1062 2606 omni
1093 2574 1183 2606 sunt
1207 2568 1451 2620 improbitate
1482 2574 1644 2613 remota,

185 2628 239 2665 sic
279 2641 401 2679 neque
437 2630 583 2680 imperii
631 2630 858 2682 dignitatem
901 2629 1425 2680 merentur—legationibus,
1462 2628 1642 2680 imperiiS,

182 2690 358 2728 maximis
376 2690 583 2730 honoribus
602 2706 671 2731 vos
691 2692 927 2731 ornavimus.
983 2691 1099 2734 Quod
1132 2692 1164 2729 si
1197 2705 1312 2730 nemo
1342 2697 1510 2730 vestrum
1537 2690 1642 2740 quic-

183 2765 299 2802 quam
321 2752 572 2803 delinqueret,
590 2767 669 2792 non
688 2768 758 2793 nos
775 2755 911 2793 merito
937 2753 1044 2792 vobis
1064 2753 1142 2791 ullo
1161 2753 1330 2799 nomine,
1349 2753 1420 2791 sed
1445 2765 1514 2790 vos
1530 2751 1642 2789 nobis

183 2813 230 2851 de
245 2813 303 2851 his
316 2817 403 2862 jure
423 2814 587 2865 gratiam
604 2815 808 2854 haberetis.
834 2816 973 2854 Multis
992 2815 1094 2853 enim
1112 2814 1259 2854 honore
1277 2827 1392 2865 quam
1407 2826 1476 2851 vos
1490 2812 1642 2863 dignio-

181 2874 286 2912 ribus
319 2876 535 2926 praeteritis,
557 2889 625 2915 vos
655 2877 878 2915 extulimus.
937 2876 1015 2915 Sed
1035 2876 1066 2914 si
1085 2876 1172 2927 quis
1191 2882 1358 2913 vestrum
1379 2874 1418 2911 in
1437 2873 1513 2911 illis
1533 2874 1642 2925 ipsis,

184 2935 249 2985 qui
263 2937 371 2976 vobis
390 2936 645 2986 habebantur,
655 2938 865 2978 honoribus
884 2938 1059 2989 deliquit,
1079 2937 1196 2988 idque
1223 2943 1329 2975 tanta
1355 2935 1394 2974 in
1423 2949 1475 2983 re,
1496 2942 1642 2988 quanto
