1923 3149
251 114 303 150 56
781 108 1090 149 PHILIPPICA
1117 109 1169 148 11.

302 215 342 250 2.
371 211 540 250 Primum
559 211 687 263 igitur,
710 212 741 249 si
760 212 875 263 quis,.
894 212 1169 258 Athenienses,
1190 223 1348 250 securus
1369 217 1442 259 est,
1461 223 1549 250 curn
1570 211 1700 250 videat

249 280 414 324 quantus
443 273 524 324 jam
544 279 584 311 et
611 286 725 323 quarn
747 274 873 311 multis
893 275 1036 325 potitus
1057 274 1106 311 sit
1126 273 1337 323 Philippus,
1358 280 1396 310 et
1415 273 1564 310 nullum
1589 279 1701 325 putat

249 333 460 386 periculum
475 346 522 370 ex
542 346 588 372 eo
609 333 832 385 impendere
851 334 994 372 civitati
1014 347 1136 385 neque
1153 341 1287 372 contra
1303 346 1369 371 vos
1389 346 1435 371 ea
1454 334 1582 371 omnia
1595 346 1701 371 com-

249 395 388 446 parari,
416 395 542 440 miror,
561 402 600 432 et
616 407 727 446 aeque
747 407 815 432 vos
835 408 968 433 omnes
984 402 1111 433 oratos
1126 394 1212 433 volo
1230 402 1273 432 ut
1284 407 1389 432 meas
1415 394 1579 432 rationes
1605 407 1701 445 pau-

252 458 305 494 cis
326 456 503 501 audiatis,
525 456 662 506 quibus
689 455 880 493 adductus
907 457 1021 507 longe
1047 456 1123 494 alia
1148 462 1367 506 exspectem
1388 462 1428 494 et
1445 455 1594 493 hostem
1619 467 1702 493 esse

253 518 473 569 Philippum
509 517 693 568 judicem,
722 523 765 555 ut
811 518 842 555 si
883 518 1019 556 melius
1051 530 1124 568 ego
1159 518 1374 568 prospicere
1403 517 1573 562 videbor,
1611 515 1704 553 mihi

252 580 536 631 obtemperetiS,
566 579 623 616 sin
647 580 770 617 securi
790 580 852 618 isti
868 587 906 618 et
924 580 947 617 ii
967 580 1030 630 qui
1061 579 1095 617 ei
1125 579 1239 617 fidem
1269 579 1424 625 habent,
1461 579 1534 616 illis
1569 590 1703 616 assen-

252 643 409 680 tiamini.
466 642 551 692 Ego
580 641 708 692 igitur,
732 642 997 687 Athenienses,
1021 654 1172 679 mecum
1202 642 1345 692 cogito,
1369 641 1508 691 quibus
1538 639 1704 691 primum

254 707 368 742 rebus
390 703 590 754 Philippus
610 710 698 753 post
717 704 849 741 initam
868 704 1068 741 nobiscum
1090 715 1224 752 pacem
1243 702 1386 753 potitus
1416 701 1490 740 sit?
1523 701 1629 752 Pylis
1645 700 1705 738 xii-,-

255 766 393 803 mirum
413 772 451 803 et
463 766 575 803 rebus
590 764 866 803 phocensibus.
896 764 999 807 Quid
1013 763 1151 814 igitur?
1171 763 1495 814 quemadmodum
1512 762 1596 800 istis
1612 773 1706 800 usus

254 826 338 864 est?
368 827 464 870 Quae
477 825 668 863 Thebanis
685 825 922 871 conducunt,
935 838 1011 863 non
1025 838 1111 875 quae
1125 825 1341 876 reipublicae
1356 832 1510 869 nostrae,
1521 836 1634 873 agere
1648 823 1707 860 in-

254 887 390 926 stituit.
421 887 525 931 Quid
538 886 613 924 ita?
634 886 827 929 Quoniam
842 887 873 924 is
896 886 1056 932 scilicet,
1073 886 1122 923 ad
1143 886 1410 923 inexhaustam
1426 884 1596 923 habendi
1611 897 1707 922 cun-

256 956 394 1000 ctaque
407 949 443 985 in
461 961 570 986 suam
587 947 769 985 ditionem
784 946 982 997 redigendi
1003 947 1251 997 cupiditatem
1265 946 1424 983 consilia
1443 959 1511 983 sua
1524 945 1710 990 referens,

257 1024 333 1048 non
361 1011 410 1048 ad
445 1023 578 1061 pacem
610 1022 733 1058 neque
754 1009 803 1046 ad
834 1009 951 1046 otium
982 1021 1106 1058 neque
1126 1008 1175 1045 ad
1197 1007 1416 1057 aequitatem
1436 1006 1567 1051 ullam,
1589 1006 1709 1057 probe

255 1071 330 1110 hoc
349 1072 554 1122 perspexit,
576 1083 616 1107 se
636 1077 776 1108 nostrae
796 1070 939 1108 civitati
957 1070 1175 1120 nostrisque
1195 1069 1376 1106 institutis
1398 1068 1491 1105 nihil
1521 1065 1709 1118 ejusmodi

256 1147 372 1186 posse
392 1136 450 1171 vel
467 1132 636 1183 polliceri
653 1132 713 1169 vel
733 1138 928 1182 praestare,
953 1144 1030 1181 quo
1051 1130 1207 1168 adducti
1225 1143 1291 1167 vos
1312 1130 1446 1180 privati
1465 1127 1712 1166 emolumenti

258 1196 380 1248 gratia
400 1201 625 1232 caeterorum
646 1192 870 1231 Graecorum
892 1193 1038 1242 aliquos
1058 1191 1129 1242 ipsi
1157 1191 1395 1235 condonetis,
1416 1190 1485 1227 sed
1503 1187 1712 1237 etjustitiae

258 1257 444 1296 rationem
474 1256 673 1301 habentes,
693 1261 731 1292 et
758 1256 806 1292 ab
832 1253 1041 1305 ignominia
1066 1253 1100 1290 ei
1120 1252 1173 1290 rei
1193 1252 1374 1303 adjuncta
1393 1251 1655 1293 abhorrentes,
1675 1254 1716 1289 et

258 1317 387 1356 omnia
405 1329 488 1367 quae
508 1316 650 1354 decent
662 1315 920 1366 providentes,
937 1314 1093 1365 perinde
1110 1325 1337 1351 occursuros
1357 1325 1456 1357 esse,
1477 1312 1507 1348 si
1526 1310 1615 1361 quid
1637 1309 1715 1348 tale

259 1385 475 1423 conaretur,
495 1389 539 1414 ac
561 1377 592 1414 si
611 1376 754 1414 bellum
775 1389 906 1414 secum
927 1375 1107 1426 gereretis
1124 1388 1133 1412 t
1172 1374 1376 1412 Thebanos
1392 1380 1516 1411 autem
1538 1372 1715 1423 putabat,

259 1439 300 1478 id
320 1438 425 1490 quod
444 1437 596 1483 accidit,
615 1438 730 1475 modo
757 1437 827 1488 ipsi
859 1437 1008 1474 lucrum
1023 1436 1206 1481 facerent,
1226 1434 1479 1486 permissuros
1500 1440 1543 1471 ut
1562 1446 1632 1470 suo
1653 1445 1714 1470 ar-

259 1501 402 1540 bitratu
423 1507 563 1538 caetera
582 1498 877 1544 administraret,
907 1504 946 1535 et
976 1497 1075 1535 adeo
1104 1510 1180 1535 non
1199 1496 1466 1534 adversaturos
1492 1502 1531 1532 et
1549 1494 1716 1545 prohibi-

261 1569 382 1608 turos,
403 1567 447 1598 ut
465 1560 579 1597 armis
599 1559 713 1597 etiam
734 1559 900 1607 adjuturi
918 1565 1063 1605 essent,
1079 1557 1110 1595 si
1124 1557 1316 1609 jussisset.
1375 1557 1425 1593 Et
1443 1569 1544 1593 nunc
1565 1555 1717 1593 Messe-

262 1623 346 1661 nios
367 1621 628 1673 Argivosque,
647 1633 733 1658 curn
748 1620 849 1658 hanc
868 1619 991 1671 ipsam
1007 1620 1056 1657 de
1075 1619 1121 1656 iis
1140 1619 1283 1656 habeat
1301 1618 1532 1669 opinionem,
1546 1617 1719 1655 cumulat

261 1685 473 1723 beneficiis.
543 1683 588 1720 Id
618 1682 723 1733 quod
754 1682 935 1719 maximae
962 1680 1067 1719 laudi
1097 1680 1202 1718 vobis
1232 1686 1304 1725 est,
1335 1679 1619 1716 AthenIenses:
1656 1678 1717 1716 his

264 1749 365 1785 enim
385 1746 495 1784 factis
516 1745 564 1782 de
582 1745 690 1782 vobis
710 1743 799 1781 solis
810 1743 1025 1794 judicatum
1046 1748 1116 1788 est,
1131 1754 1198 1779 vos
1221 1753 1340 1791 neque
1355 1739 1448 1777 lucri
1464 1740 1578 1777 ullius
1600 1752 1719 1777 causa

266 1808 483 1847 communia
497 1806 723 1844 Graecorum
735 1806 824 1855 jura
838 1804 1067 1855 prodidisse,
1087 1815 1210 1853 neque
1225 1809 1390 1839 vestram
1409 1814 1503 1851 erga
1520 1813 1584 1838 eos
1603 1802 1720 1838 bene-

263 1869 472 1908 volentiam
497 1867 577 1905 ulla
610 1866 731 1917 gratia
757 1866 883 1903 ullove
914 1864 1117 1903 commodo
1144 1870 1414 1902 commutasse.
1473 1864 1602 1912 Atque
1623 1862 1722 1900 adeo

264 1933 350 1984 jure
369 1931 470 1969 etde
492 1929 598 1967 vobis
618 1929 672 1966 ita
688 1927 803 1965 sentit
823 1934 861 1965 et
886 1927 933 1965 de
956 1927 1111 1978 Argivis
1133 1939 1177 1964 ac
1199 1925 1397 1963 Thebanis
1428 1924 1549 1971 aliter,
1577 1937 1654 1961 non
1683 1924 1723 1961 in

268 1994 353 2031 haec
373 1992 487 2030 modo
507 1998 678 2041 tempora
697 1989 862 2035 intuens,
882 1989 950 2026 sed
971 1995 1009 2026 et
1036 1988 1231 2039 superiora
1257 1986 1516 2024 considerans.
1573 1986 1724 2023 Invenit

270 2055 384 2100 enim,
405 2053 551 2105 opinor,
576 2059 688 2102 atque
711 2051 819 2088 audit
836 2057 985 2087 vestros
1017 2050 1192 2099 majores,
1214 2060 1301 2085 cum
1322 2047 1374 2084 eis
1409 2047 1542 2084 liceret
1567 2046 1723 2097 reliquis

269 2117 455 2167 imperare
477 2113 639 2158 Graecis,
659 2111 867 2149 dummodo
886 2111 957 2161 ipsi
979 2111 1059 2161 regi
1085 2123 1217 2160 parere.
1243 2109 1398 2153 vellent,
1433 2108 1547 2145 talem
1581 2121 1723 2146 sermo-

271 2190 358 2215 nem
394 2188 472 2213 non
500 2173 612 2211 modo
644 2185 720 2209 non
748 2172 944 2218 tolerasse,
965 2184 1051 2209 cum
1070 2170 1175 2208 venit
1204 2169 1252 2207 ad
1280 2182 1344 2207 eos
1375 2168 1534 2205 istorum
1559 2181 1721 2219 proavus

273 2237 497 2275 Alexander
515 2236 588 2273 hac
608 2235 691 2285 ipsa
718 2234 765 2271 de
783 2247 900 2271 causa
919 2233 1077 2279 fecialis,
1096 2244 1226 2270 verum
1247 2231 1361 2268 etiam
1382 2231 1512 2268 urbem
1546 2230 1720 2269 deserere

275 2300 452 2338 maluisse
484 2306 523 2335 ct
551 2296 676 2334 nullas
707 2295 786 2346 pati
816 2308 1006 2332 aerumnas
1034 2306 1231 2331 recusasse
1269 2292 1440 2342 talesque
1470 2304 1528 2329 res
1557 2292 1724 2342 gessisse

275 2371 422 2416 postca,
445 2374 540 2413 quas
556 2367 597 2398 ut
617 2373 748 2398 omnes
769 2359 960 2397 celebrare
980 2364 1163 2409 perpetuo
1185 2357 1366 2408 gestiunt,
1379 2355 1432 2393 sic
1447 2368 1516 2406 pro
1536 2355 1723 2406 dignitate

275 2437 408 2464 ornare
428 2436 540 2460 nemo
555 2422 690 2472 potuit,
718 2420 853 2471 quade
868 2433 985 2458 causa
1001 2434 1063 2458 eas
1084 2426 1122 2457 et
1140 2432 1212 2469 ego
1232 2417 1551 2469 praetereo,jure;
1581 2419 1729 2470 majora

277 2489 377 2526 enim
412 2492 501 2523 sunt
530 2496 657 2521 eorum
678 2483 847 2520 facinora
867 2495 980 2533 quam
999 2495 1084 2532 quae
1105 2480 1272 2518 oratione
1293 2479 1552 2530 explicentur:
1574 2486 1612 2517 at
1626 2479 1726 2518 The-

277 2551 462 2588 banorum
483 2555 521 2582 et
546 2545 773 2594 Argivorum
792 2544 968 2595 majores,
984 2543 1068 2580 illos
1097 2542 1134 2578 in
1156 2540 1321 2578 exercitu
1341 2540 1458 2577 fuisse
1476 2540 1640 2585 barbari,
1655 2540 1726 2578 hos

278 2611 311 2649 ei
332 2621 407 2646 non
428 2619 513 2644 esse
534 2605 768 2643 adversatos.
825 2603 1022 2642 Intellexit
1040 2603 1153 2653 igitur
1166 2609 1347 2651 utrosque
1362 2600 1508 2652 privato
1522 2601 1729 2640 commodo

278 2672 358 2708 fore
378 2674 595 2711 contentos,
612 2678 687 2702 non
704 2678 944 2703 communem
967 2663 1129 2701 Graeciae
1142 2662 1342 2699 utilitatem
1358 2668 1609 2712 spectaturos.
1632 2661 1727 2699 Pro-

278 2732 367 2770 inde
387 2729 546 2781 pinavit,
566 2740 622 2773 se,
640 2727 669 2765 si
686 2740 752 2764 vos
774 2727 915 2764 amicos
932 2725 1150 2773 delegisset,
1172 2723 1209 2761 in
1230 2736 1276 2761 ca
1295 2736 1379 2773 quoe
1395 2723 1472 2760 sint
1491 2723 1597 2773 justa
1611 2722 1726 2760 fuisse

281 2794 536 2836 delecturum,
567 2789 625 2827 sin
656 2788 728 2826 illis
764 2800 805 2825 se
838 2787 1090 2836 adjunxisset,
1111 2785 1302 2835 adjutores
1322 2783 1539 2821 habiturum
1560 2795 1640 2819 suae
1660 2795 1726 2819 cu-

282 2853 463 2905 piditatis.
521 2851 584 2890 Ob
604 2850 687 2888 haec
707 2849 791 2888 illos
811 2848 916 2887 vobis
937 2854 974 2886 et
993 2846 1173 2898 superiori
1193 2853 1363 2896 tempore
1383 2851 1421 2883 et
1440 2855 1542 2881 nunc
1561 2843 1727 2894 praefert.
