1923 3149
307 85 357 122 36
766 84 1123 123 OLYNTHIACA
1153 85 1190 122 11
1219 85 1328 135 (ΙΙΙ).

311 192 416 224 tutos
452 185 571 224 otium
599 198 728 237 agere,
766 186 945 238 quodque
979 186 1140 238 alicujus
1177 187 1287 223 vestri
1311 183 1537 234 imperatorie
1571 184 1763 234 peregrini

315 246 454 284 milites
474 247 646 293 vicerint,
661 247 815 286 audire:
844 247 928 286 haec
949 247 1050 286 enim
1075 259 1180 284 nunc
1199 246 1308 283 fiunt.
1366 244 1503 294 Neque
1521 244 1760 295 reprehendo

313 321 380 346 eos
399 309 464 359 qui
484 309 701 360 reipublicae
731 308 955 356 inserviunt,
983 308 1053 346 sed
1085 320 1154 359 pro
1173 306 1283 345 vobis
1307 306 1379 357 ipsi
1398 318 1445 343 ea
1473 305 1621 344 debetis
1647 316 1762 355 agere

312 377 467 420 propter
487 383 574 420 quae
592 369 686 407 alios
717 370 927 416 honoratis,
955 381 1082 418 neque
1112 367 1249 406 cedere
1276 367 1439 405 statione
1458 366 1620 413 virtutis,
1640 365 1761 403 Athe-

312 429 479 475 aienses,
510 443 626 480 quam
645 430 755 472 vobis
787 433 949 478 majores
969 429 1100 467 multis
1126 435 1165 466 et
1193 428 1364 478 gloriosis
1392 428 1586 465 laboribus
1615 434 1765 477 partam

311 491 560 542 reliquerunt.
630 491 726 529 Fere
767 491 846 529 dixi
891 503 978 541 quae
1016 490 1231 528 conducere
1269 497 1428 540 putem:
1458 501 1528 526 vos
1564 494 1691 526 autem
1718 498 1767 524 ea

311 553 607 604 amplectamini,
626 565 711 604 quae
732 558 771 590 et
799 551 1018 603 reipublicae
1043 558 1082 590 et
1108 550 1217 588 vobis
1234 551 1418 588 universis
1435 550 1634 600 profutura
1657 553 1761 586 sunt.

358 671 419 711 0.*
441 671 644 702 Athenienses
658 669 841 700 Charidemo
858 668 938 710 (qui,
950 669 1026 699 licet
1054 674 1086 699 et
1100 668 1319 708 quinquaginta
1342 667 1396 698 illo
1411 667 1539 698 deduxit
1554 679 1564 706 ;
1580 667 1677 706 iisque
1692 676 1763 697 cum

317 713 485 755 alienigena
508 719 600 749 esset,
630 713 743 752 quippe
769 713 853 741 Oreo
894 712 1020 742 Euboea:
1053 711 1266 750 Olynthiomm
1289 711 1386 750 copiis
1408 710 1588 750 conjunclis,
1606 710 1763 745 Pallenen,

314 757 428 796 oppido
444 756 602 792 oriundus,
631 765 734 785 eorum
758 760 856 784 lamen
873 754 1023 784 exercitui
1052 754 1242 784 Macedoniae
1263 753 1453 792 peninsulam
1469 763 1576 782 versus
1592 752 1765 787 Thraciam,

316 798 347 828 in
363 799 568 838 Hellesponto
584 798 720 838 praefuit)
732 798 913 827 mandarunt
928 797 1019 827 Chal·
1051 797 1256 835 Romamque,
1280 796 1435 835 regionem
1451 795 1591 826 Chalcidi
1605 794 1765 829 confinem,

317 841 392 876 uidi,
406 841 459 880 qui
473 851 571 880 pagus
585 841 720 870 Thraciae
736 845 793 875 est,
808 850 863 869 nec
878 839 968 878 longe
984 841 1020 868 ab
1048 849 1175 879 quaeque
1191 839 1269 868 inter
1295 839 1370 868 alias
1398 839 1490 868 nrbes
1516 838 1629 868 Pellam
1645 846 1766 876 quoque

317 884 452 922 Olyntho
467 884 570 919 distat,
581 884 737 922 suppetias
748 882 838 912 ferre.
877 882 1021 921 Isilaque
1049 882 1136 921 regni
1152 881 1341 911 Macedoniae
1357 886 1449 919 caput
1463 881 1650 916 continebat,
1663 889 1766 920 popu-

312 932 418 966 quater
441 926 525 957 mille
549 927 682 966 pedites,
697 925 876 964 equitesque
903 929 1024 954 centum
1047 924 1127 954 latus
1143 929 1200 955 est.
1240 924 1415 954 Touana.
1717 940 1719 942 -

1915 141 1923 193 2——
