1923 3149
229 160 306 197 476
742 157 797 193 ΙΝ
829 157 1100 196 APHOBUM
1132 157 1161 194 1.

227 263 299 299 bus
314 262 396 312 ipse
417 260 571 306 auditis,
592 273 714 311 neque
729 273 770 298 se
783 261 922 301 habere
946 259 1092 297 inficias
1108 259 1199 303 ibat,
1214 270 1336 307 neque
1356 257 1521 308 graviter
1531 257 1680 296 serebat

228 324 340 373 quasi
353 335 441 360 nom
457 322 683 373 accepisset,
700 323 769 361 sed
784 322 1052 366 confitebatur,
1073 333 1117 358 ac
1133 319 1262 357 nescio
1279 318 1372 368 quid
1391 331 1432 356 se
1451 330 1539 356 cum
1557 325 1678 357 matre

227 384 370 421 habere
389 383 658 420 controversiae
678 382 725 420 de
746 383 869 420 aureis
890 381 1121 419 ornamentis
1143 379 1307 418 dicebat.
1366 376 1454 422 Q'ua
1482 378 1679 428 expedita,

227 457 268 482 se
287 452 325 482 et
344 443 391 482 de
414 443 604 481 alimentis
625 450 664 481 et
689 444 838 482 caeteris
866 444 915 481 de
941 444 1057 481 rebus
1082 456 1167 481 eam
1191 442 1375 479 rationem
1396 441 1575 479 initurum
1596 440 1679 491 pol-

226 505 425 550 licebatur,
448 512 490 542 ut
509 504 598 542 mihi
617 505 815 542 cumulate
836 504 1052 543 satisfieret.
1082 504 1212 553 Atqui,
1234 503 1265 541 si
1285 509 1447 547 constat,
1468 514 1554 539 eum
1576 501 1678 551 apud

227 565 507 604 Democharem
526 566 609 603 haec
628 578 712 603 esse
726 565 947 604 confessum
970 573 1010 603 et
1025 565 1128 616 apud
1148 565 1315 614 reliquos
1329 563 1393 613 qui
1409 570 1488 601 tum
1504 562 1681 608 aderant,

225 634 264 665 et
283 640 307 665 a
323 628 594 678 Demophonte
615 634 730 678 atque
749 627 979 678 Therippide
994 628 1116 678 pretia
1131 626 1408 677 mancipiorum
1428 637 1547 662 causa
1570 637 1676 663 com-

223 689 377 740 plendae
397 690 497 728 dotis
518 690 731 740 accepisse,
752 695 791 726 et
812 689 940 726 dotem
970 702 1011 726 se
1040 689 1181 727 habere
1204 688 1242 726 in
1268 687 1504 738 collegarum
1523 685 1681 724 tabulas

223 750 417 796 retulisse,
438 757 476 788 et
494 763 612 800 quum
624 750 787 800 primum
805 755 914 800 pater
929 749 1022 787 obiit
1041 749 1080 786 in
1093 749 1244 786 aedibus
1258 748 1464 793 habitasse,
1480 759 1607 785 nonne
1629 747 1679 784 ab

223 811 325 849 omni
344 819 452 862 parte
471 824 530 850 res
549 811 588 849 in
606 811 786 849 confesso
806 817 865 848 est
886 810 1091 861 palamque
1117 809 1416 860 deprehenditur
1441 820 1526 846 eum
1546 806 1675 845 dotem

224 871 423 922 octoginta
441 872 564 910 minas
584 872 793 922 accepisse,
812 878 851 909 et
865 870 901 908 id
917 883 1020 908 nunc
1041 871 1186 909 factum
1204 868 1317 906 nimis
1335 868 1578 919 impudenter
1591 880 1676 918 per-

222 933 393 983 negare?
422 933 477 971 Ut
496 939 624 971 autem
656 946 717 971 me
746 946 835 971 vera
867 932 994 970 dicere
1026 937 1225 982 appareat,
1255 942 1350 980 cape
1387 929 1606 967 testimonia
1637 935 1680 967 et

222 993 319 1044 lege.

754 1135 1115 1176 TESTIMONIA.

221 1242 363 1281 Dotem
377 1242 492 1293 igitur
511 1243 561 1280 ad
578 1242 682 1280 hunc
701 1242 859 1280 modum
879 1246 1079 1292 acceptam
1099 1240 1247 1278 tenuit:
1278 1250 1396 1289 quum
1411 1248 1501 1276 vero
1512 1242 1674 1274 matrem

220 1315 344 1341 meam
375 1316 455 1341 non
475 1303 640 1349 duxerit,
660 1303 747 1353 lege
772 1303 931 1353 jubetur
960 1301 1101 1339 debere
1132 1300 1261 1338 dotem
1285 1311 1374 1337 cum
1396 1309 1514 1335 usura
1534 1307 1672 1333 novem

218 1364 435 1410 obolorum,
451 1377 524 1415 ego
544 1377 633 1402 vero
649 1363 844 1401 drachmae
859 1368 1012 1400 tantum
1028 1374 1146 1412 pono.
1178 1361 1268 1399 Sors
1285 1359 1401 1410 igitur
1415 1364 1453 1396 et
1465 1355 1672 1394 duodecim

219 1438 407 1464 annorum
426 1439 568 1471 usurae,
580 1425 868 1476 computatione
895 1423 1003 1469 inita,
1023 1423 1096 1460 tria
1112 1421 1267 1460 omnino
1285 1420 1434 1459 talenta
1450 1417 1672 1457 conficiunt.

218 1486 269 1524 Et
282 1486 367 1524 haec
383 1487 439 1525 sic
456 1498 542 1524 eum
559 1487 678 1537 probo
698 1485 895 1537 accepisse
916 1491 957 1522 et
975 1496 1016 1521 se
1035 1484 1176 1522 habere
1188 1495 1318 1521 coram
1334 1487 1394 1520 tot
1414 1479 1576 1520 testibus
1589 1491 1672 1518 esse

219 1547 456 1587 confessum.

272 1609 310 1645 6.
340 1609 427 1646 Jam
447 1608 541 1646 alias
559 1607 678 1645 habet
697 1606 857 1657 triginta
874 1605 1013 1651 minas,
1036 1612 1199 1656 accepto
1223 1604 1390 1643 officinae
1408 1600 1562 1644 reditu;
1593 1613 1670 1652 quo

216 1681 278 1707 me
309 1669 480 1708 omnium
516 1668 850 1719 impudentissime
886 1667 1066 1705 fraudare
1088 1673 1148 1704 est
1179 1677 1404 1717 aggressus.
1452 1663 1550 1701 Mihi
1578 1676 1672 1702 vero

215 1737 326 1782 pater
345 1731 510 1769 tricenas
539 1731 665 1769 minas
685 1729 851 1768 reditum
877 1728 926 1767 de
954 1728 1131 1766 omnibus
1153 1727 1318 1777 reliquit.
1383 1725 1515 1769 Quum
1541 1731 1670 1763 autem

216 1800 362 1830 tutores
401 1792 678 1844 mancipiorum
722 1798 871 1843 partem
909 1789 1105 1828 dimidiam
1135 1788 1391 1832 vendiderint,
1424 1786 1510 1836 ipsa
1536 1786 1670 1836 utique

217 1853 335 1904 exigit
355 1853 452 1891 ratio
478 1860 522 1891 ut
538 1854 653 1891 minae
672 1852 763 1890 mihi
782 1851 989 1902 quindenae
1010 1857 1272 1888 numerentur.
1331 1848 1385 1886 At
1401 1846 1669 1898 Thersppides,

216 1914 282 1964 qui
335 1915 578 1965 septennium
620 1925 754 1951 curam
791 1912 1031 1950 servitiorum
1067 1911 1213 1955 habuit,
1251 1908 1428 1946 undenas
1461 1907 1670 1957 quotannis

215 1975 340 2012 minas
373 1980 554 2024 acceptas
594 1973 737 2019 retulit,
771 1985 834 2010 me
878 1971 1039 2022 singulis
1069 1971 1177 2009 annis
1211 1970 1249 2007 in
1285 1968 1434 2006 ratione
1466 1966 1669 2006 referenda

213 2033 412 2085 quaternis
431 2033 544 2071 minis
574 2033 828 2071 defraudato:
868 2031 940 2069 iste
966 2044 1070 2077 vero,
1089 2031 1128 2068 in
1148 2033 1259 2078 cujus
1280 2041 1375 2067 cura
1402 2027 1500 2065 duos
1528 2027 1668 2077 primos

214 2109 335 2134 annos
354 2095 475 2141 fuere,
503 2108 551 2132 ne
573 2095 787 2132 teruncium
808 2093 962 2144 quidem
983 2092 1164 2131 exhibuit.
1222 2091 1337 2130 Nunc
1363 2089 1466 2128 enim
1491 2101 1667 2127 cessasse

215 2157 268 2195 ait
287 2156 498 2194 officinam:
530 2167 632 2193 nunc
663 2168 707 2193 se
725 2155 859 2192 harum
879 2167 1005 2192 rerum
1027 2166 1160 2191 curam
1184 2152 1310 2203 ipsum
1337 2163 1413 2189 non
1433 2150 1667 2200 suscepisse,

217 2217 286 2255 sed
315 2224 605 2268 procuratorem
633 2216 812 2254 libertum
832 2223 1004 2253 nostrum
1026 2215 1187 2265 Milyam
1212 2213 1496 2252 administrasse
1523 2211 1666 2256 omnia,

215 2285 254 2317 et
274 2279 322 2316 ab
347 2291 394 2316 eo
418 2278 568 2316 lucrum
595 2290 679 2315 esse
711 2276 1006 2327 reposcendum.
1063 2275 1180 2317 Quod
1211 2275 1242 2312 si
1264 2286 1368 2311 nunc
1396 2283 1549 2323 quoque
1568 2271 1666 2309 tales

214 2351 354 2376 causas
374 2338 517 2383 afferet,
537 2338 727 2375 mendacii
745 2338 860 2375 facile
881 2337 1143 2374 convincetur.
1176 2335 1277 2373 Nam
1295 2335 1326 2372 si
1346 2346 1524 2372 cessasse
1544 2333 1665 2370 offici-

215 2412 305 2438 nam
322 2399 470 2444 dixerit,
487 2399 571 2449 ipse
590 2399 759 2436 rationes
778 2397 909 2435 retulit
929 2398 977 2435 de
998 2397 1215 2448 sumptibus
1236 2407 1312 2432 non
1332 2394 1396 2444 qui
1417 2393 1509 2432 facti
1530 2394 1607 2432 sint
1625 2394 1665 2432 in

216 2459 435 2499 alimoniam
459 2460 749 2510 mancipiorum,
770 2459 839 2497 sed
857 2459 894 2496 in
911 2471 1044 2496 eorum
1065 2470 1195 2507 opera,
1220 2457 1313 2494 ebur
1341 2454 1392 2493 ad
1412 2455 1609 2493 artificium
1625 2461 1665 2492 et

216 2521 431 2573 gladiorum
444 2521 604 2572 capulos
621 2527 658 2558 et
673 2520 722 2557 ad
743 2521 818 2557 alia
837 2518 1090 2563 conficienda,
1103 2524 1286 2566 tanquam
1299 2529 1393 2567 opus
1407 2516 1566 2553 feceriut
1581 2516 1664 2565 opi-

216 2584 320 2620 fices.
379 2581 532 2619 Deinde
552 2581 591 2618 in
612 2581 821 2619 rationibus
842 2579 1041 2631 perscribit
1058 2591 1100 2616 se
1121 2578 1241 2615 tribus
1262 2577 1507 2628 Therippidae
1520 2576 1666 2614 manci-

215 2643 302 2694 piis,
322 2656 409 2693 quae
435 2643 473 2680 in
494 2642 649 2680 officina
667 2655 751 2679 mea
776 2641 929 2687 fuerint,
950 2640 1164 2678 mercedem
1185 2651 1420 2676 numerasse.
1478 2636 1609 2687 Atqui,
1631 2637 1664 2675 si

216 2704 310 2741 nihil
329 2704 451 2754 operis
472 2703 614 2741 factum
636 2710 709 2748 est,
729 2715 850 2752 neque
879 2702 934 2739 iiii
959 2701 1176 2739 mercedem
1197 2699 1400 2743 numerari,
1420 2711 1542 2747 neque
1571 2696 1662 2733 mihi

216 2772 392 2814 sumptus
413 2776 478 2802 eos
499 2776 686 2815 expensos
705 2763 806 2807 ferri,
826 2762 968 2800 decuit.
1029 2762 1095 2798 Sin
1119 2774 1216 2811 opus
1238 2773 1324 2798 esse
1345 2760 1488 2796 factum
1509 2757 1574 2802 ait,
1593 2757 1661 2794 sed

216 2824 327 2862 vendi
349 2825 441 2861 nihil
461 2825 643 2876 potuisse,
658 2837 728 2875 par
747 2824 876 2873 utiquo
897 2830 952 2860 est
974 2829 1015 2859 ut
1033 2835 1148 2873 opera
1170 2834 1210 2858 sc
1230 2821 1320 2858 mihi
1344 2819 1555 2858 reddidisse
1575 2831 1661 2868 pro-

215 2886 280 2922 bet
296 2893 347 2932 et,
366 2886 506 2936 quibus
532 2885 786 2937 praesentibus
811 2884 848 2922 id
870 2883 1015 2929 fecerit,
1031 2890 1149 2922 testes
1168 2881 1360 2920 exhibeat.
1403 2880 1441 2918 Si
1460 2888 1549 2918 vero
1566 2891 1660 2918 neu-
