1923 3149
660 160 974 202 PHILIPPICA
1004 160 1079 199 111.
1546 160 1597 198 95

139 269 310 321 nihilque
337 267 608 312 offendebant;
637 267 691 314 hi,
711 266 850 318 quibus
878 265 1091 304 incolumes
1111 263 1150 302 in
1169 270 1366 314 posterum
1389 270 1518 302 essent
1537 263 1598 301 fu-

140 332 226 378 turi,
245 338 286 369 at
304 344 350 369 ea
376 331 585 382 conjuncta
610 343 697 368 cum
720 328 946 367 offensione.
1003 326 1131 364 Multa
1155 331 1283 362 autem
1311 325 1361 363 ad
1384 333 1597 363 extremum

140 406 217 430 non
238 399 316 431 tam
337 393 397 430 vel
416 393 560 444 ,gratiae
587 404 707 430 causa
724 389 784 428 vel
804 402 873 441 per
898 388 1089 427 inscitiam
1112 387 1223 424 multi
1248 387 1506 437 projecerunt,
1528 387 1599 424 sed

139 454 244 505 quod
265 454 400 491 animis
421 454 729 498 succumberent,
749 457 953 502 postquam
974 450 1012 488 in
1026 462 1175 487 summa
1194 461 1319 485 rerum
1336 461 1375 485 se
1392 448 1599 486 deteriores

139 522 294 567 putant.
353 516 470 560 Quod
503 515 619 561 idem,
646 514 699 551 ita
729 525 792 550 me
815 518 920 550 amet
944 511 1094 562 Jupiter
1120 516 1159 548 et
1184 509 1344 561 Apollo!
1377 522 1522 556 vereor,
1551 523 1598 547 ne

140 578 247 616 vobis
272 578 387 615 etiam
419 577 582 622 accidat,
608 581 861 627 posteaquam
886 573 1056 611 videritis
1083 586 1150 610 vos
1177 571 1338 610 consilio
1364 571 1457 608 nihil
1483 571 1600 622 profi-

142 651 248 676 cere:
280 640 410 689 [atque
438 637 506 683 illi,
529 637 594 688 qui
617 637 693 674 huc
719 649 786 673 vos
814 635 1010 673 adducere
1039 640 1241 680 conantur,
1264 646 1340 670 non
1370 645 1431 670 me
1456 638 1602 670 terrent

140 700 309 750 quidem,
331 699 399 737 sed
419 699 565 750 pudore
586 698 842 750 perfundunt:
874 703 940 734 aut
958 696 1058 734 enim
1085 695 1175 733 data
1195 708 1311 746 opera
1330 701 1397 732 aut
1415 707 1540 732 errore
1564 694 1602 731 in

139 760 397 812 periculosum
418 760 619 798 deducunt
647 766 790 797 statum
811 757 1118 809 rempublicam]
1176 757 1321 795 Verum
1342 756 1454 801 absit,
1484 756 1603 794 Athe-

139 822 311 870 nienses,
332 828 376 860 ut
394 835 454 860 res
476 835 521 860 eo
541 822 723 860 redeant:
753 820 961 859 morienim
978 819 1113 857 millies
1128 825 1298 871 praestat,
1318 831 1433 868 quam
1453 831 1520 868 per
1541 831 1603 856 as-

141 883 397 921 sentationem
417 883 596 934 Philippo
615 883 820 934 quicquam
837 882 1029 920 conficere
1048 887 1088 918 et
1111 880 1260 931 aliquos
1280 879 1395 918 vestri
1422 879 1605 917 defenso-

141 958 203 982 res
224 944 401 996 abjicere.
444 945 640 983 Praeclara
659 957 762 981 nunc
781 943 945 981 Oritano
965 941 1108 994 populo
1124 941 1246 979 relata
1265 948 1324 979 est
1343 941 1478 992 gratia,
1498 941 1604 992 quod

142 1005 309 1057 Philippi
329 1006 461 1044 amicis
477 1020 517 1044 se
533 1006 820 1051 commiserunt,
837 1005 1069 1056 Euphraeum
1085 1010 1212 1041 autem
1228 1004 1482 1055 expulerunt;
1505 1017 1605 1054 prae-

142 1068 250 1106 clara
268 1068 413 1120 populo
428 1067 719 1115 Eretriensium,
739 1067 845 1118 quod
866 1073 1014 1105 vestros
1035 1066 1185 1117 legatos
1204 1066 1439 1117 repulerunt,
1463 1065 1606 1103 Clitar-

141 1129 215 1167 cho
236 1142 278 1167 se
299 1129 550 1167 dediderunt:
582 1129 754 1167 serviunt
766 1129 820 1166 illi
835 1142 941 1174 sane,
963 1128 1093 1179 flagris
1109 1128 1341 1172 afficiuntur,
1364 1134 1404 1165 et
1423 1135 1606 1180 torquen-

139 1196 218 1228 tur.
274 1190 465 1228 Praeclare
489 1190 687 1242 Olynthiis
708 1191 890 1242 pepercit,
912 1190 975 1240 qui
1000 1189 1231 1227 Lasthenen]
1254 1190 1479 1240 magistrum
1500 1190 1607 1242 equi-

140 1257 224 1289 tum
244 1258 485 1299 creaverunt,
505 1252 781 1303 Apollonidem
800 1264 891 1290 vero
914 1251 1123 1303 ejecerunt.
1182 1251 1366 1288 Stultitiae
1387 1258 1425 1289 et
1442 1252 1607 1302 ignaviae

141 1319 203 1352 est
220 1313 314 1352 talia
335 1327 504 1366 sperare,
528 1313 696 1365 dumque
720 1313 891 1365 pessima
916 1312 1079 1351 consilia
1098 1312 1235 1364 capitis
1256 1318 1294 1350 et
1313 1326 1499 1364 nusquam
1522 1315 1606 1352 offi-

140 1375 201 1414 cio
221 1376 330 1427 fungi
349 1376 478 1423 vultis,
503 1376 572 1414 sed
601 1389 668 1414 eos
691 1375 757 1427 qui
779 1375 948 1413 hostium
975 1388 1132 1413 causam
1158 1381 1278 1425 agunt
1297 1375 1453 1422 auditis,
1472 1377 1607 1415 urbem

141 1445 251 1478 tanta
266 1439 534 1491 magnitudine
549 1452 617 1478 vos
637 1439 807 1477 incolere
821 1438 1054 1483 existimare,
1071 1444 1114 1476 ut
1127 1443 1237 1476 extra
1257 1451 1369 1476 omne
1392 1438 1607 1488 periculum

142 1501 259 1553 positi
278 1501 374 1540 sitis.
431 1501 551 1552 Atqui
572 1507 682 1553 turpe
705 1501 821 1539 etiam
844 1500 940 1539 illud
961 1507 1035 1545 est,
1058 1500 1089 1538 si
1109 1500 1202 1550 quid
1222 1506 1312 1551 post
1330 1500 1528 1546 acciderit,
1550 1500 1608 1538 di-

144 1576 245 1610 cere,
266 1563 379 1614 quis
411 1570 645 1615 putasset
673 1563 772 1601 haec
809 1561 1000 1601 futura?
1029 1575 1112 1613 per
1139 1562 1319 1607 Jovem,
1353 1561 1486 1600 illud
1518 1563 1607 1601 uti-

145 1625 238 1674 une
267 1631 418 1675 atque
457 1624 583 1662 illud
613 1625 893 1663 faciendum
933 1631 1048 1669 erat,
1088 1630 1134 1661 et
1171 1623 1260 1662 hoc
1299 1637 1392 1661 non
1427 1624 1610 1663 facien-

91 1683 93 1685 ’
145 1686 204 1724 du
217 1699 267 1724 m,
299 1686 428 1725 Multa
439 1700 545 1724 nunc
559 1686 685 1725 dicere
697 1687 850 1738 possint
865 1686 1054 1737 Olynthii,
1075 1698 1162 1736 quae
1175 1691 1256 1722 turn
1274 1685 1305 1722 si
1327 1685 1609 1736 praevidissent,

142 1760 221 1785 non
234 1748 416 1799 periisent
428 1760 437 1785 :
450 1749 573 1786 multa
585 1748 719 1795 Oritae,
735 1747 856 1786 multa
868 1748 1108 1793 Phocenses,
1122 1747 1242 1785 multa
1253 1748 1471 1798 quicunque
1487 1750 1612 1799 perie-

144 1817 247 1848 runt.
271 1810 348 1849 Sed
358 1811 540 1862 quidnam
550 1811 635 1849 haec
649 1811 702 1849 eis
717 1810 903 1862 prosunt?
919 1811 1026 1848 Dum
1041 1810 1243 1848 incolumis
1258 1817 1318 1847 est
1333 1810 1455 1857 navis,
1472 1811 1549 1849 sive
1564 1825 1611 1850 ea

143 1872 264 1924 major
279 1872 358 1910 sive
375 1872 498 1910 minor
513 1873 574 1919 sit,
591 1879 671 1910 tum
687 1873 801 1911 decet
816 1879 854 1910 et
868 1879 1026 1910 nautam
1041 1879 1079 1910 et
1094 1872 1387 1922 gubernatorem
1404 1879 1443 1911 et
1456 1885 1609 1911 omnem

143 1946 212 1984 per
231 1933 404 1972 ordinem
419 1935 541 1972 virum
562 1948 647 1973 esse
667 1935 844 1980 alacrem,
869 1941 990 1985 utque
1005 1947 1076 1972 nee
1093 1934 1142 1971 de
1160 1933 1352 1972 industria
1372 1948 1444 1972 nec
1465 1935 1608 1986 impru-

146 1995 242 2033 dens
262 1995 466 2046 quisquam
489 2010 574 2035 eam
599 2003 759 2043 evertat,
779 1996 979 2048 providere
999 2009 1007 2033 :
1036 2003 1242 2047 postquam
1262 2009 1352 2034 vero
1369 2009 1473 2035 mare
1497 2010 1612 2048 supe-

147 2056 300 2103 raverit,
332 2056 445 2096 inane
475 2066 534 2096 est
554 2058 736 2096 studium.
795 2057 925 2102 Quare
946 2070 1014 2095 nos
1031 2070 1199 2108 quoque,
1225 2057 1499 2104 Athenienses,
1518 2059 1611 2096 dum

146 2130 280 2156 sumus
300 2118 523 2165 incolumes,
544 2119 637 2157 dum
657 2121 788 2157 urbem
807 2119 1012 2157 maximam
1034 2118 1237 2164 habemus,
1268 2119 1359 2155 dum
1387 2120 1610 2170 opportuni-

144 2187 243 2219 tates
258 2181 457 2232 plurimas,
480 2173 913 2220 dum‘existimationem
926 2181 1252 2219 honestissimam.
1309 2181 1414 2222 Quid
1435 2194 1610 2231 agamus,

137 2242 366 2294 jamdudum
388 2243 524 2294 aliquis
546 2244 584 2281 in
611 2243 687 2281 hoc
710 2256 897 2281 consessu
921 2242 1084 2281 libenter
1108 2242 1279 2280 fortassis
1299 2249 1464 2292 rogaret.
1523 2243 1610 2293 Ego

144 2304 316 2355 profecto
330 2304 470 2351 dicam,
484 2313 601 2356 atque
616 2306 731 2343 etiam
752 2305 949 2343 decretum
963 2304 1170 2356 proferam,
1189 2310 1233 2341 ut
1249 2303 1441 2355 suffragiis
1458 2306 1609 2349 vestris,

147 2366 179 2404 si
198 2367 345 2413 voletis,
365 2368 404 2403 id
421 2367 618 2405 sauciatis.

202 2428 262 2465 15.
294 2427 370 2479 Ipsi
389 2428 426 2465 in
445 2429 574 2479 primis
600 2429 673 2466 vim
691 2428 961 2480 propulsantes
981 2435 1020 2466 et
1035 2428 1226 2475 instructi,
1246 2427 1462 2467 triremibus
1483 2435 1522 2466 et
1541 2442 1608 2480 pe-

147 2489 268 2527 cuniis
295 2496 335 2527 et
355 2490 537 2529 militibus
558 2490 669 2534 dico;
710 2491 852 2528 etenim
873 2490 904 2528 si
935 2490 998 2528 alii
1017 2490 1182 2528 universi
1209 2490 1247 2527 in
1272 2490 1493 2528 servitutem
1516 2504 1609 2528 con-

147 2549 328 2596 sentiant,
356 2551 466 2589 nobis
488 2559 590 2589 certe
609 2565 678 2602 pro
703 2552 878 2590 libertate
907 2551 1133 2589 certandum
1163 2557 1246 2589 est:
1280 2551 1364 2588 haee
1392 2550 1521 2602 igitur,
1550 2550 1609 2588 in-

147 2625 278 2662 quam,
297 2612 424 2649 omnia
443 2613 506 2650 ubi
535 2613 608 2664 ipsi
637 2613 927 2651 instruxerimus
948 2619 988 2650 et
1006 2612 1154 2650 Graecis
1175 2612 1473 2658 ostenderimus,
1495 2619 1610 2650 caete-

146 2686 209 2711 ros
223 2675 304 2720 jam
325 2686 595 2720 convocemus,
617 2682 655 2712 et
670 2675 736 2726 qui
754 2674 838 2712 haec
857 2674 1033 2712 edocturi
1054 2674 1130 2711 sint
1147 2674 1299 2724 legatos
1320 2673 1464 2725 passim
1481 2673 1609 2711 dimit-

146 2740 288 2780 tamus,
308 2735 345 2772 in
367 2734 692 2784 Peloponnesum,
706 2736 745 2773 in
767 2736 966 2779 Rhodum,
988 2735 1026 2773 in
1048 2736 1202 2782 Chium,
1224 2736 1271 2773 ad
1299 2749 1428 2785 regem
1449 2735 1608 2786 inquam

146 2809 325 2846 —neque
343 2797 442 2834 enim
464 2797 511 2834 ab
530 2797 629 2834 illius
650 2798 860 2836 rationibus
889 2799 1082 2844 abhorret,
1102 2811 1150 2836 ne
1170 2797 1285 2835 istum
1305 2803 1478 2834 evertere
1506 2798 1609 2836 sina-

148 2870 231 2894 mus
251 2858 489 2901 omnia—ut,
506 2858 537 2895 si
556 2859 835 2909 persuaseritis‚
855 2860 981 2897 socios
997 2866 1036 2897 et
1046 2859 1303 2910 periculorum
1319 2864 1358 2895 et
1373 2865 1609 2909 sumptuum,

150 2919 182 2957 si
203 2932 299 2971 opus
318 2920 445 2967 fuerit,
473 2919 660 2968 habeads,
685 2920 743 2959 sin
771 2921 912 2968 minus,
933 2934 1079 2960 moram
1112 2920 1251 2960 saltem
1280 2920 1393 2958 rebus
1413 2921 1607 2971 injiciatis.
