1923 3149
519 125 746 165 CONTRA
774 125 1226 165 ARISTOCRATEM.
1528 125 1605 166 ³79

147 228 340 279 expositos
365 240 451 266 esse
471 230 596 278 jubet,
628 236 667 266 et
696 228 817 266 veniae
842 226 1083 264 clementiam
1103 225 1216 272 tollit,
1237 237 1349 275 quam
1369 223 1602 263 calamitosis

146 290 320 339 praestari
338 303 406 340 par
426 296 483 327 est
504 291 551 327 ab
571 289 643 335 his,
672 288 736 339 qui
765 295 874 325 extra
904 286 1062 325 crimina
1092 292 1204 323 sunt:
1235 298 1337 334 cum,
1354 286 1415 323 cui
1435 286 1603 324 omnium

144 350 222 395 illa,
245 352 281 388 in
302 357 410 389 tanta
423 364 546 388 rerum
568 351 782 388 futurarum
803 348 1046 393 obscuritate,
1067 352 1299 393 reservetur,
1318 346 1507 385 incertum
1528 347 1605 386 sit?

146 411 261 450 Nunc
292 413 407 462 igitur
439 412 553 449 etiam
574 413 854 450 interfectorem
885 407 1118 453 Charidemi,
1137 419 1281 450 revera,
1301 407 1331 443 si
1351 408 1465 446 modo
1485 408 1525 446 id
1544 409 1602 447 sa-

145 478 250 510 ctum
272 474 398 518 fuerit,
419 473 449 510 si
481 473 546 523 qui
573 472 738 510 vicissim
760 469 984 514 occiderint,
1007 468 1110 506 nacti
1129 467 1398 519 proscriptum,
1421 469 1604 507 exsulan-

145 539 237 578 tem,
255 540 293 571 et
311 547 410 584 aqua
421 539 460 571 et
479 533 557 583 igni
578 533 836 576 interdictum,
851 543 938 568 cum
952 529 1023 580 ipsi
1036 527 1430 580 capitalibusjudiciis
1446 531 1602 569 obnoxii

148 600 273 639 erunt,
295 601 374 631 tum
395 607 485 631 vero
506 600 546 630 tu
565 606 732 644 quoque.
791 591 957 637 Etenim,
978 590 1009 628 si
1028 591 1112 641 quis
1151 590 1191 626 in
1209 602 1324 627 causa
1346 589 1473 636 fuerit,
1507 592 1603 629 scri-

141 661 250 704 ptum
271 661 354 692 est:
385 655 458 692 eris
493 661 619 692 autem
648 653 686 691 in
722 665 851 697 causa,
883 652 963 698 illa,
991 665 1078 702 quae
1097 651 1135 688 in
1164 650 1502 689 senatusconsulto
1529 659 1600 700 est,

143 727 263 752 causa
282 715 539 766 suppeditata.
571 714 738 752 Proinde
767 714 832 751 ubi
853 712 1062 751 acciderint
1087 712 1167 759 illa,
1192 711 1225 749 si
1247 725 1316 750 vos
1345 712 1600 759 omiserimus,

140 774 376 825 pollutorum
406 775 687 813 consuetudine
715 781 889 812 utemur:
921 774 978 811 sin
999 785 1270 824 persequemur
1295 785 1341 810 ea
1359 785 1447 823 quae
1467 773 1601 811 decre-

139 834 278 881 vimus,
308 836 379 887 ipsi
405 836 623 875 rescindere
655 849 851 886 cogemur.
908 835 1093 885 Nunquid
1123 833 1239 885 igitur
1268 846 1386 884 parva
1408 840 1477 873 aut
1507 834 1601 873 levis

142 909 263 934 eausa.
281 904 354 943 est,
373 905 528 948 propter
547 911 662 947 quam
681 910 748 935 vos
769 898 967 935 decretum
986 897 1171 946 abrogare
1191 893 1370 947 oportet?

197 957 235 996 9.
263 958 365 1009 Age,
385 959 505 997 recita
523 958 638 997 etiam
658 964 882 1010 sequentem
902 957 1043 1008 legem.

809 1099 933 1138 LEX.

185 1201 218 1230 Si
236 1201 303 1239 quis
318 1202 449 1240 aliquem
465 1202 660 1237 homicidam,
677 1201 728 1241 qui
752 1201 896 1237 excessit,
908 1202 995 1240 cujus
1013 1199 1144 1239 pecunia
1160 1210 1218 1229 non
1234 1198 1438 1238 ignominiosa
1452 1204 1510 1236 est,
1521 1200 1601 1231 ultra

142 1252 287 1281 terminos
304 1252 439 1290 agitarit,
456 1253 573 1282 vexarit
594 1251 824 1291 spoliaveritve,
840 1262 1020 1290 quocunque
1044 1251 1136 1280 modo
1159 1250 1189 1280 id
1212 1250 1274 1286 fiat,
1298 1251 1424 1280 eandem
1451 1251 1597 1282 mulctam

142 1302 244 1338 debet,
261 1313 349 1341 quam
368 1302 395 1332 si
412 1303 443 1332 in
460 1303 576 1333 ditione
592 1306 694 1332 nostra
707 1302 811 1332 eadem
827 1302 1042 1331 commisisset.

139 1385 228 1423 Alia
245 1385 344 1431 haec,
363 1385 634 1431 Athenienses,
650 1385 712 1422 lex
731 1390 803 1430 est,
818 1384 989 1422 humana
1013 1390 1052 1422 et
1078 1384 1194 1429 bona,
1210 1396 1325 1433 quam
1344 1383 1458 1421 istum
1485 1397 1598 1436 aeque

140 1446 363 1496 neglexisse
383 1447 595 1496 apparebit.
652 1446 699 1482 Si
728 1446 857 1495 quis,
887 1444 1021 1494 inquit,
1051 1444 1338 1482 homicidam
1369 1445 1596 1496 aliquem,

141 1507 227 1556 qui
256 1506 494 1551 excessit,
523 1507 663 1557 cujus
691 1505 902 1556 pecunia
930 1517 1022 1541 non
1051 1510 1123 1542 est
1150 1505 1494 1554 ignominiosa.
1534 1507 1598 1546 De

139 1567 200 1605 his
226 1567 409 1617 loquitur,
435 1567 501 1617 qui
532 1568 580 1604 ob
601 1566 748 1604 caedem
768 1565 963 1603 fortuitam
983 1573 1197 1603 cesserunt.
1255 1565 1371 1603 Unde
1391 1567 1430 1603 id
1449 1569 1598 1618 perspi-

140 1626 266 1666 citur?
295 1627 412 1669 Quod
433 1628 498 1677 qui
517 1627 694 1671 excessit,
717 1626 853 1677 inquit,
868 1639 958 1671 non,
977 1626 1040 1676 qui
1055 1626 1233 1664 exsulat:
1264 1626 1369 1676 quod
1386 1627 1600 1679 distinguit,

140 1688 250 1738 cujus
279 1687 445 1739 pecunia
478 1700 555 1725 non
586 1695 647 1725 est
676 1687 941 1737 ignominiosa.
1000 1687 1100 1724 Nam
1134 1686 1199 1736 qui
1234 1687 1412 1725 consulto
1448 1689 1599 1728 caedem

140 1750 328 1794 fecerunt,
347 1749 498 1786 illorum
518 1761 611 1799 opes
633 1761 764 1785 omnes
785 1747 1042 1798 publicantur.
1097 1747 1159 1785 De
1178 1747 1341 1786 fortuitis
1356 1748 1472 1799 igitur
1483 1751 1598 1789 caedi-

140 1813 212 1850 bus
234 1812 416 1862 loquitur.
473 1811 576 1853 Quid
596 1818 723 1849 autem
743 1811 940 1861 loquitur?
996 1812 1048 1849 Si
1076 1812 1208 1849 ultra
1241 1813 1507 1862 terminum,
1540 1816 1599 1854 in-

141 1873 236 1923 quit,
266 1873 482 1924 agitarit,
511 1873 759 1911 vexaverit
787 1873 1157 1924 spoliaveritve,
1186 1886 1475 1925 quocunque
1508 1890 1598 1916 mo-

141 1933 203 1971 do
231 1933 282 1971 id
309 1933 402 1971 fiat.
443 1933 488 1978 Id
517 1946 608 1971 vero
642 1932 736 1983 quid
768 1939 829 1971 est
857 1932 958 1970 ultra
976 1933 1206 1971 terminum?
1235 1933 1436 1973 Terminus
1451 1943 1511 1975 est
1527 1937 1598 1976 ho-

139 1994 290 2031 micidis
310 1994 484 2032 omnibus
503 1993 697 2032 interfecti
727 1994 850 2045 patria
879 1995 1083 2045 prohiberi.
1140 1995 1198 2032 Ex
1215 2009 1261 2034 ea
1278 1996 1397 2048 igitur
1417 2000 1600 2039 concedit

140 2060 180 2099 et
205 2053 348 2104 pellere
378 2061 418 2091 et
449 2053 678 2104 depraedari,
707 2054 809 2092 ultra
830 2067 934 2099 vero,
956 2062 1134 2093 neutrum
1151 2056 1288 2095 horum
1307 2059 1508 2098 concedit:
1538 2061 1597 2100 sin

141 2115 226 2165 quis
247 2115 392 2165 aliquid
415 2127 528 2152 secus
548 2115 694 2162 fecerit,
723 2115 858 2153 eadem
885 2129 1001 2167 poena
1032 2117 1173 2163 sanxit,
1191 2129 1282 2168 qua,
1314 2118 1346 2156 si
1377 2127 1596 2161 manentem

140 2176 308 2213 laesisset
327 2175 444 2221 domi,
464 2175 553 2225 quia
573 2176 739 2226 scripsit,
758 2176 891 2214 iisdem
910 2177 1045 2224 teneri,
1068 2178 1208 2227 quibus
1228 2177 1259 2216 si
1277 2178 1381 2216 domi
1399 2180 1595 2221 violasset.

144 2237 185 2274 Si
201 2236 284 2287 quis
303 2236 416 2287 igitur
437 2236 713 2274 Aristocratem
733 2244 947 2287 roget—ne
962 2251 1051 2276 vero
1069 2238 1237 2289 ineptam
1257 2239 1597 2291 interrogationem

142 2311 223 2336 esse
242 2304 557 2348 putate-utrum
578 2298 669 2343 satis
694 2297 804 2344 sciat,
824 2299 918 2345 fore,
939 2306 981 2336 ut
1001 2300 1137 2350 aliquis
1158 2299 1431 2339 Charidemum
1450 2302 1595 2342 interfi-

143 2359 232 2402 ciat,
252 2371 299 2395 an
319 2370 406 2395 vero
427 2359 507 2408 ipse
528 2358 630 2398 diem
649 2372 758 2399 suum
781 2359 857 2405 alio
878 2360 1058 2410 quopiam
1078 2360 1194 2398 modo
1214 2361 1264 2398 sit
1281 2362 1470 2410 obiturus,
1488 2364 1594 2404 haud

143 2420 276 2470 opinor
298 2432 338 2456 se
359 2419 457 2456 scire
485 2420 598 2458 dicet.
657 2420 853 2459 Ponamus
886 2428 1029 2466 autem,
1050 2422 1129 2460 fore
1162 2423 1225 2472 qui
1258 2435 1345 2461 eum
1376 2424 1594 2466 interficiat.

143 2481 324 2525 Rursum,
341 2480 505 2530 nostine,
525 2481 658 2518 volens
690 2495 738 2520 an
769 2482 911 2519 invitus
942 2482 981 2519 id
1007 2483 1057 2520 sit
1089 2483 1290 2526 facturus?
1345 2485 1516 2537 Hospes,
1543 2501 1594 2525 an

142 2555 234 2580 vero
254 2540 376 2578 civis?
407 2541 510 2579 Scire
525 2548 576 2587 te,
595 2543 721 2591 dicere
743 2543 847 2581 nullo
869 2545 985 2581 modo
1006 2552 1131 2595 potes.
1173 2546 1342 2584 Proinde
1360 2547 1414 2585 sic
1428 2549 1593 2587 scribere

143 2601 407 2646 conveniebat,
424 2601 611 2651 siquidem
631 2603 787 2647 omnino
809 2604 973 2642 scribere
1002 2605 1254 2644 decreveras:
1285 2607 1316 2644 si
1337 2608 1421 2657 quis
1442 2609 1593 2646 occide-

141 2665 204 2709 rit,
223 2663 364 2700 invitus
385 2668 450 2699 aut
467 2662 616 2709 volens,
640 2663 726 2714 jure
759 2671 826 2702 aut
856 2665 1004 2716 injuria,
1033 2666 1175 2717 hospes
1196 2675 1262 2705 aut
1281 2668 1397 2705 civis:
1427 2675 1470 2705 ut
1489 2670 1593 2719 quis-

144 2725 244 2775 quis,
260 2730 328 2761 aut
354 2736 587 2773 quocunque
612 2725 728 2762 modo
746 2726 896 2764 facinus
917 2728 1185 2774 commisisset,
1204 2729 1360 2779 illijura
1378 2731 1594 2770 constituta

141 2785 292 2835 legibus
309 2790 443 2835 parata
461 2790 614 2822 essent:
638 2791 677 2822 et
694 2798 770 2823 non
790 2787 986 2825 declarato
1005 2789 1157 2827 nomine
1169 2789 1308 2839 culpae,
1322 2790 1593 2839 comprehendi

137 2848 272 2896 liceat,
293 2847 524 2887 adscribere.
582 2848 681 2886 Nam
701 2861 816 2899 quem
836 2856 876 2888 tu
896 2850 1100 2890 terminum
1125 2851 1312 2902 reliquisti
1341 2851 1484 2906 scripto
1501 2854 1590 2903 isto,
