1923 3149
488 195 560 235 DE
589 196 736 235 MALE
765 194 944 235 GESTA
974 195 1295 235 LEGATIONE.
1533 198 1611 235 245

158 298 262 351 apud
280 311 348 338 vos
369 299 521 351 singula
539 300 761 347 conficiant,
792 308 906 352 atque
936 304 1017 349 ejus
1043 300 1228 338 arbitratu
1260 300 1487 351 gubernent,
1504 301 1610 351 quod

159 361 191 400 si
224 362 262 399 in
288 362 418 413 primis
448 363 498 401 sit
523 370 768 410 consecutus,
788 376 875 402 eum
906 376 930 401 a
957 362 1064 400 vobis
1093 362 1219 407 facile,
1241 362 1426 413 quicquid
1458 362 1608 399 libitum

156 423 286 470 fuerit,
307 425 609 476 impetraturum.
668 426 707 463 Si
727 426 843 476 igitur
862 438 943 473 eos,
966 425 1032 474 qui
1052 430 1134 462 tum
1159 423 1225 461 illa
1243 424 1292 460 ad
1314 437 1402 461 eum
1420 424 1610 469 dixerunt,

158 486 302 532 statim,
322 493 365 523 ut
395 487 472 524 huc
492 486 694 531 redierant,
716 487 755 524 in
775 499 925 524 crucem
953 492 1062 523 actos
1095 484 1318 530 audivisset,
1333 485 1493 523 fecisset
1510 486 1611 524 idem

158 547 264 597 quod
283 560 349 585 rex
369 547 590 587 Persarum.
647 548 751 590 Quid
778 554 905 585 autem
933 546 1009 584 fuit
1039 546 1143 597 quod
1170 545 1234 583 ille
1268 545 1384 583 fecit?
1415 546 1611 597 Deceptus

157 621 180 646 a
199 608 413 660 Timagora,
434 610 495 648 cui
516 610 852 660 quadraginta,rut
877 609 1017 654 ferunt,
1038 608 1188 645 talenta
1213 607 1386 653 dederat,
1406 613 1447 644 ut
1467 608 1615 646 audivit

155 683 242 708 eum
263 684 286 708 a
305 672 413 710 vobis
433 671 691 720 interfectum,
712 683 757 708 ac
783 684 831 708 ne
861 683 969 708 suam
1000 669 1154 720 quidem
1185 667 1280 706 tueri
1310 668 1439 712 vitam,
1471 668 1612 705 nedum

156 744 243 782 quae
260 732 455 782 pollicitus
476 732 611 777 fuerat,
636 739 818 784 praestare
842 732 1030 783 potuisse,
1057 729 1329 768 animadvertit
1349 743 1391 767 se
1408 730 1614 780 pecuniam

155 805 235 830 non
256 792 290 830 ei
311 807 550 839 numerasse,
568 807 690 845 penes
718 807 832 844 quem
864 807 1016 832 summa
1043 799 1146 831 esset
1163 791 1386 830 auctoritas,
1443 791 1614 830 Proinde

153 854 319 905 primurn
339 855 600 906 Amphipolim
625 857 759 894 urbem
784 862 914 893 vestro
946 854 1105 905 imperio
1134 853 1261 892 denuo
1290 853 1468 903 subjecit,
1495 866 1614 903 quam

150 914 339 954 hactenus
363 917 506 954 sociam
537 930 647 954 suam
685 923 724 954 et
756 916 921 954 amicam
940 927 1027 953 esse
1047 914 1276 965 scripserat:
1307 913 1447 951 deinde
1471 914 1613 952 nemini

155 989 328 1027 unquam
340 985 477 1028 postea
496 978 702 1029 pecuniam
731 978 852 1015 dedit.
909 976 1020 1014 Idem
1036 976 1151 1026 igitur
1168 981 1207 1013 et
1226 975 1426 1026 Philippus
1446 975 1615 1022 fecisset,

153 1038 186 1076 si
203 1038 339 1076 horum
357 1039 523 1090 aliquem
542 1053 677 1090 poenas
694 1040 785 1077 dare
800 1039 960 1076 vidisset
975 1051 984 1075 :
1015 1037 1133 1088 idque
1150 1037 1266 1074 etiam
1278 1049 1398 1084 nunc,
1413 1038 1445 1075 si
1464 1037 1614 1084 viderit,

152 1100 322 1138 facturus
342 1108 413 1139 est.
471 1101 550 1140 Sed
575 1115 662 1140 cum
688 1101 833 1146 audiat,
853 1113 918 1138 eos
943 1100 1152 1138 conciones
1171 1099 1326 1145 habere,
1341 1099 1475 1137 florere
1493 1099 1616 1150 gloria

153 1161 256 1213 apud
270 1175 353 1209 vos,
373 1163 457 1201 aliis
485 1176 616 1201 creare
641 1162 828 1214 pericula,
850 1162 943 1213 quid
969 1161 1098 1199 facere
1132 1160 1321 1199 conetur?
1349 1161 1514 1198 multum
1543 1162 1614 1199 im-

153 1223 313 1275 pendat,
328 1237 416 1262 cum
432 1225 547 1262 liceat
572 1223 781 1275 pauciora?
810 1237 858 1262 an
876 1235 1011 1261 omnes
1031 1223 1160 1260 colere
1178 1222 1284 1268 velit,
1310 1233 1397 1259 curn
1423 1222 1521 1260 duos
1550 1229 1617 1261 aut

154 1291 235 1322 tres
251 1285 392 1323 liceat?
423 1286 613 1324 Insaniret
634 1285 821 1336 profecto.
860 1285 1000 1335 Neque
1019 1285 1119 1322 enim
1136 1284 1409 1322 Thebanorum
1423 1284 1509 1321 urbi
1523 1284 1616 1322 Phi-

154 1345 279 1397 lippus
298 1347 548 1385 benefactum
567 1347 722 1398 publice
742 1347 932 1385 voluisset
952 1346 1132 1397 (multum
1153 1352 1258 1383 certe
1281 1346 1408 1393 abest)
1429 1345 1498 1383 sed
1521 1359 1543 1384 a
1562 1346 1617 1384 le-

154 1407 254 1459 gatis
275 1415 335 1447 est
355 1409 390 1447 ei
408 1421 651 1460 persuasum.
708 1409 796 1453 Quo
810 1415 938 1446 autem
957 1413 1089 1460 pacto,
1108 1407 1233 1445 dicam
1253 1420 1328 1458 ego
1347 1407 1467 1446 vobis.

207 1472 273 1507 43.
303 1470 505 1508 Venerunt
522 1470 665 1508 Thebis
685 1470 735 1508 ad
754 1483 842 1508 eum
868 1470 1001 1521 legati,
1032 1483 1122 1508 cum
1154 1476 1194 1507 et
1218 1481 1289 1506 nos
1316 1482 1340 1506 a
1370 1469 1481 1507 vobis
1508 1470 1616 1509 missi

154 1530 233 1569 illic
260 1537 449 1570 essemus.
509 1532 560 1570 Iis
581 1531 787 1583 pecuniam
809 1531 871 1569 ille
903 1531 996 1569 dare
1026 1530 1163 1576 voluit,
1183 1543 1360 1581 eamque,
1385 1537 1430 1568 ut
1452 1530 1618 1579 aiebant,

154 1592 312 1630 omnino
327 1606 530 1645 magnam:
561 1607 642 1631 non
664 1593 912 1638 admiserunt,
932 1605 1006 1631 nec
1038 1598 1273 1643 acceperunt
1295 1605 1381 1630 eam
1412 1592 1616 1632 Thebano-

153 1667 237 1692 rum
257 1654 390 1705 legati.
446 1655 556 1701 Post,
577 1655 617 1692 in
646 1655 834 1693 sacrificio
863 1654 1033 1705 quodam
1067 1660 1107 1692 et
1136 1667 1260 1700 coena,
1279 1661 1418 1705 potans
1444 1667 1532 1693 curn
1560 1655 1615 1694 eis

151 1713 369 1767 Philippus,
385 1724 424 1755 et
449 1716 661 1755 humanum
680 1729 772 1767 erga
790 1716 876 1755 illos
901 1729 943 1754 se
963 1717 1156 1767 praebens,
1185 1728 1273 1753 cum
1298 1715 1372 1753 alia
1405 1716 1540 1761 multa,
1571 1723 1616 1754 ut

155 1777 328 1828 captivos
345 1785 384 1816 et
400 1779 483 1830 ejus
504 1779 657 1830 generis
676 1779 764 1824 alia,
785 1784 867 1816 tum
891 1777 1033 1830 pocula
1053 1777 1211 1815 tandem
1237 1784 1427 1828 argentea
1440 1785 1479 1816 et
1498 1791 1617 1817 aurea

152 1837 208 1876 eis
227 1838 426 1877 offerebat.
483 1840 540 1878 Ea
558 1840 613 1877 illi
635 1839 763 1877 omnia
783 1839 1052 1890 repudiabant,
1068 1852 1140 1876 nec
1161 1851 1323 1889 usquam
1343 1839 1401 1877 sui
1415 1839 1615 1889 oblivisce-

151 1899 305 1937 bantur.
359 1900 574 1948 Postremo‚
594 1900 721 1946 Philo,
736 1914 836 1938 unus
851 1901 1080 1951 legatorum,
1093 1900 1230 1938 habuit
1243 1900 1471 1946 orationem,
1489 1902 1615 1940 Athe·

153 1960 320 2006 nienses,
342 1974 460 2012 quarn
482 1976 561 2001 non
580 1975 650 2013 pro
674 1961 884 2006 Thebanis,
902 1961 969 1999 sed
987 1974 1055 2012 pro
1074 1962 1182 2000 vobis
1199 1961 1373 1999 habitam
1394 1976 1481 2000 esse
1501 1976 1615 2015 opor-

152 2022 240 2060 tuit.
296 2023 437 2060 Aiebat
456 2024 570 2069 enim,
591 2036 649 2070 se,
669 2036 757 2061 cum
789 2023 1009 2074 Philippum
1033 2022 1180 2061 videret
1208 2035 1351 2074 magno
1376 2031 1415 2062 et
1443 2024 1615 2064 humano

152 2082 192 2120 in
212 2083 317 2134 ipsos
331 2096 416 2122 esse
437 2084 580 2130 animo,
603 2084 789 2123 delectari
805 2091 844 2123 et
863 2083 1048 2135 gaudere.
1107 2084 1186 2122 Sed
1207 2098 1248 2122 se
1261 2088 1344 2134 jam
1365 2092 1481 2124 antea
1494 2086 1614 2138 ipsius

152 2156 240 2182 esse
257 2145 446 2195 hospiteS‚
465 2151 504 2183 et
523 2145 681 2191 amicos,
697 2146 812 2183 etiam
837 2145 919 2184 sine
949 2146 1023 2183 illis
1044 2146 1291 2184 muneribus:
1321 2154 1452 2198 petere
1471 2156 1614 2197 autem,

153 2212 198 2244 ut
217 2206 265 2244 ad
291 2206 448 2257 negotia
467 2207 587 2253 urbis,
613 2220 701 2258 quae
721 2215 800 2245 tum
831 2207 897 2245 illa
922 2215 1066 2258 ageret,
1091 2221 1137 2246 ea
1154 2208 1393 2247 humanitate
1413 2223 1614 2257 conversa,

153 2267 299 2318 aliquid
323 2274 362 2305 et
380 2267 509 2319 seipso
531 2268 689 2319 dignum
710 2275 749 2306 et
772 2268 966 2306 Thebanis
997 2275 1208 2320 praestaret,
1227 2270 1282 2308 ita
1306 2270 1479 2321 polliceri
1506 2279 1546 2309 et
1573 2285 1614 2311 se

151 2334 193 2366 et
211 2335 333 2367 totam
360 2330 495 2367 urbem
524 2330 559 2368 ei
580 2330 662 2368 fore
689 2329 900 2368 addictam.
956 2330 1045 2368 Jam
1075 2337 1266 2382 spectate,
1288 2332 1381 2382 quid
1406 2332 1481 2370 hoc
1499 2341 1614 2384 pacto

153 2388 328 2428 Thebani
357 2391 560 2429 consecuti
583 2392 673 2439 sint,
703 2398 742 2430 et
767 2391 860 2443 quid
878 2391 987 2430 vobis
1008 2392 1213 2440 acciderit,
1235 2399 1274 2430 et
1296 2406 1383 2431 vere
1411 2394 1615 2440 aestimate.

155 2452 290 2502 quanti
309 2453 359 2490 sit
375 2466 454 2491 non
473 2452 641 2492 vendere
662 2453 819 2505 negotia
841 2453 1019 2492 civitatis.
1063 2453 1248 2502 Primum,
1267 2467 1364 2506 pace
1383 2454 1495 2506 potiti
1507 2464 1613 2503 sunt,

153 2513 375 2553 laborantes
411 2522 452 2554 et
488 2516 621 2554 afflicti
648 2516 730 2567 jam
758 2515 862 2554 bello
892 2522 932 2553 et
958 2517 1282 2555 succumbentes:
1314 2516 1453 2555 deinde
1482 2517 1614 2556 hostes

154 2575 375 2614 Phocenses
413 2577 463 2615 ad
493 2577 798 2616 internecionem
832 2577 960 2623 deleti,
994 2585 1202 2628 eorumque
1235 2579 1379 2616 moenia
1403 2585 1442 2617 et
1473 2579 1615 2630 oppida

152 2637 310 2676 sublata
329 2650 349 2674 e
368 2637 508 2676 medio.
566 2638 756 2689 Nunquid
776 2639 860 2677 sola
878 2639 992 2677 haec‘?
1035 2639 1125 2678 Non
1144 2639 1294 2678 medius
1319 2639 1448 2687 fidius,
1464 2641 1533 2678 sed
1549 2653 1614 2679 ac-

153 2705 356 2737 cesserunt
374 2699 489 2737 etiam
503 2699 783 2745 Orchomenus,
805 2701 998 2747 Coronea,
1017 2701 1174 2747 Corsiae,
1192 2701 1491 2753 Tilphossaeum,
1510 2701 1613 2740 Pho-

154 2760 280 2798 censis
302 2760 384 2811 agri
404 2767 594 2811 quantum
614 2762 829 2800 voluerunt.
886 2761 1061 2800 Thebani
1080 2762 1197 2814 igitur
1215 2763 1301 2801 haec
1322 2776 1343 2800 e
1362 2775 1457 2813 pace
1472 2774 1611 2801 conse-

155 2822 235 2860 cuti
256 2828 356 2867 sunt,
377 2822 518 2872 quibus
545 2822 680 2872 utique
703 2825 852 2873 majora
869 2836 941 2861 nec
968 2823 1163 2875 optarint:
1191 2824 1460 2861 Thebanorum
1482 2831 1612 2862 autem

153 2883 272 2935 legati
291 2882 412 2935 quid?
442 2883 546 2931 nihil,
566 2883 638 2922 nisi
658 2884 763 2934 quod
789 2897 921 2924 eorum
941 2898 1061 2937 opera
1086 2885 1172 2924 haec
1197 2884 1330 2936 patriae
1349 2885 1610 2937 contigerunt.
