1923 3149
312 218 387 253 394
689 217 909 256 CONTRA
941 215 1383 256 ARISTOCRATEM.

308 315 439 361 veluti,
466 317 497 353 si
518 317 643 363 vultis,
669 318 786 364 Simo,
808 318 960 364 Bianor,
987 319 1272 364 Athenodorus,
1295 317 1431 356 infiniti
1455 317 1530 354 alii.
1580 315 1694 358 Quod
1715 315 1747 352 si

308 377 484 414 omnibus
511 379 646 416 endem
666 379 933 428 decernemus,
964 393 1011 418 eo
1038 381 1194 418 tandem
1220 380 1391 430 profecto
1417 377 1674 420 deveniemus,
1706 383 1748 412 ut

309 439 624 476 mercenariorum
651 441 812 478 militum
841 454 978 478 munus
1007 443 1193 479 obeuntes
1218 440 1453 490 singulorum
1481 439 1656 482 salutern,
1686 450 1746 475 sa-

308 502 343 535 t
339 499 467 536 llitum
489 500 620 547 instar,
640 508 838 539 tueamm:
869 502 926 539 sin
947 503 1003 539 his
1029 503 1253 547 tribuemus,
1273 494 1346 539 illis
1367 514 1443 538 non
1463 501 1566 543 item,
1584 498 1747 536 fraudati

299 558 386 607 jure
406 560 600 598 vobiscum
629 562 938 612 expostulabunt.
979 563 1092 612 Agite
1119 576 1223 607 vero,
1245 562 1274 599 si
1302 569 1340 599 et
1362 561 1622 598 Menestratus
1654 559 1748 595 Ere-

306 620 454 657 triensis
481 622 615 659 eadem
636 622 789 660 decerni
815 623 883 659 sibi
909 630 1022 672 petet,
1043 629 1107 660 aut
1136 623 1305 673 Phaylus
1328 622 1549 666 Phocensis,
1569 628 1634 658 aut
1650 619 1747 656 alius

304 680 494 731 quispiam
527 682 964 732 piinceps,——jungimus
1001 690 1142 727 autem,
1175 682 1331 720 adducti
1365 693 1466 732 saepe
1504 681 1747 731 temporibus,

303 753 389 778 cum
413 743 540 780 multis
559 743 811 787 amicitias—‚
834 749 959 779 utrum
981 743 1230 780 decernemus
1253 743 1442 787 omnibus,
1463 755 1511 779 an
1536 740 1636 778 non?
1667 741 1748 778 De-

306 815 506 841 cernemus
523 803 715 841 nimirum.
748 803 876 853 Atqui,
894 803 1164 850 Athenienses,
1182 818 1258 854 qua
1278 804 1404 854 specie
1427 803 1611 854 probabili
1632 802 1669 839 id
1690 802 1746 839 fa-

305 863 463 907 ciemus,
487 865 551 914 qui
579 864 831 914 principatum
863 864 1052 901 sustinere
1078 877 1148 902 nos
1173 865 1222 902 ad
1249 865 1492 902 asserendam
1524 864 1748 900 Graecorum

304 922 518 962 libertatem
546 926 779 976 profitemur,
808 925 838 962 si
858 938 937 970 eos,
959 926 1023 976 qui
1043 926 1227 976 privatam
1249 927 1458 977 potentiam
1486 939 1572 963 cum
1592 938 1749 975 oppres-

306 984 411 1022 sione
445 985 699 1024 multitudinis
732 987 918 1032 obtinent,
950 987 1273 1024 custodierimus?
1304 987 1492 1037 Equidem
1521 998 1598 1022 non
1624 985 1746 1023 video.

309 1044 408 1082 Nam
429 1046 460 1083 si
478 1047 570 1096 quid
589 1047 666 1084 tale
684 1047 848 1097 cuipiam
875 1047 1112 1098 largiendum
1142 1054 1213 1092 est,
1234 1048 1270 1084 id
1290 1047 1394 1097 quod
1413 1060 1485 1096 ego
1514 1058 1629 1096 nego,
1657 1058 1747 1083 con-

308 1105 392 1143 ferri
413 1107 528 1144 debet
546 1109 706 1157 primum
726 1108 763 1144 in
783 1121 884 1154 eum,
915 1109 978 1159 qui
1010 1122 1080 1146 nos
1112 1108 1218 1145 nulla
1245 1121 1411 1158 unquam
1439 1107 1566 1145 affecit
1588 1107 1748 1158 injuria:

305 1166 445 1204 deinde
465 1167 502 1204 in
515 1181 615 1214 eum,
630 1169 708 1218 qui,
729 1182 776 1206 ne
795 1169 949 1218 quidem
969 1170 1000 1206 si
1020 1170 1123 1215 velit,
1142 1170 1264 1219 possit
1284 1169 1445 1206 laedere:
1475 1176 1680 1219 postremo,
1699 1168 1748 1206 de

304 1240 381 1276 quo
400 1235 549 1266 constet
568 1230 759 1275 omnibus,
778 1243 862 1267 eum
883 1230 966 1268 haec
987 1231 1160 1281 accipere
1173 1244 1241 1281 pro
1261 1229 1481 1267 defensione
1501 1243 1580 1267 suae
1600 1229 1748 1275 salutis,

306 1297 382 1324 non
399 1289 446 1325 ad
463 1289 725 1338 impunitatem
745 1291 880 1328 alienae
900 1291 1034 1332 salutis
1055 1291 1338 1342 oppugnandae.

359 1351 422 1387 32.
453 1351 725 1389 Charidemum
746 1361 873 1390 autem
899 1365 970 1391 nec
991 1353 1083 1390 nihil
1103 1353 1141 1390 in
1165 1366 1234 1390 vos
1262 1352 1484 1402 deliquisse,
1506 1365 1579 1389 nec
1605 1351 1745 1389 donum

291 1412 406 1455 ,istud
425 1413 667 1463 accipere,ut
685 1427 732 1452 ne
751 1414 843 1464 quid
860 1414 948 1452 mali
967 1415 1146 1465 patiatur,
1165 1421 1371 1464 praetereo:
1402 1414 1469 1451 sed
1490 1427 1561 1450 nec
1579 1413 1692 1450 fidem
1711 1413 1747 1449 ei

304 1473 518 1511 habendam
542 1488 628 1512 esse
647 1475 685 1512 in
709 1483 920 1525 posterum,
937 1489 983 1512 ex
1003 1489 1063 1513 me
1083 1475 1226 1520 audite,
1248 1482 1363 1524 atque
1382 1474 1632 1517 considerate,
1655 1486 1745 1510 num

303 1541 445 1572 rectam
471 1535 751 1585 investigandae
777 1536 829 1573 rei
849 1537 948 1574 viam
978 1536 1152 1573 insistere
1180 1535 1323 1573 videar.
1365 1534 1448 1584 Ego
1478 1535 1532 1572 sic
1559 1534 1747 1579 existimo,

303 1595 571 1641 Athenienses,
590 1596 655 1647 qui
675 1602 885 1634 vestrorum
906 1597 1164 1634 institutorum
1183 1603 1221 1633 et
1240 1595 1367 1645 legum
1387 1595 1588 1641 desiderio,
1602 1594 1665 1645 jus
1692 1594 1746 1630 ci-

303 1654 427 1692 vitatis
443 1655 601 1706 adipisci
616 1656 858 1701 studuerunt,
880 1670 945 1694 eos
967 1656 1079 1694 simul
1100 1662 1139 1694 et
1155 1656 1232 1693 voti
1256 1662 1451 1705 compotes
1471 1655 1564 1700 fieri,
1582 1661 1622 1691 et
1643 1653 1747 1704 apud

301 1727 368 1751 vos
394 1715 577 1761 habitare,
606 1723 644 1753 et
668 1729 794 1754 rerum
821 1717 1122 1754 desideratarum
1147 1716 1219 1753 frui
1244 1716 1538 1753 communitate:
1568 1715 1633 1764 qui
1658 1727 1748 1752 vero

301 1783 477 1813 neutrum
506 1777 641 1814 horum
669 1778 730 1815 vel
759 1779 990 1826 desiderant,
1020 1779 1080 1817 vel
1111 1779 1360 1822 admirantur,
1392 1778 1461 1815 sed
1489 1778 1611 1815 solum
1641 1789 1747 1815 emo-

302 1837 514 1875 lumentum
538 1846 726 1889 spectant,
746 1852 823 1889 quo
840 1848 992 1890 propter
1009 1841 1125 1878 vestri
1148 1839 1301 1877 honoris
1321 1839 1537 1889 opinionem
1557 1838 1747 1882 fruuntur,

302 1911 369 1936 eos
397 1899 567 1945 arbitror,
588 1901 646 1937 vel
667 1901 760 1938 satis
788 1902 868 1938 scio
889 1902 1028 1951 potius,
1049 1901 1170 1938 sicubi
1189 1900 1340 1950 majoris
1369 1899 1614 1936 emolumenti
1638 1910 1745 1948 spem

301 1960 580 2009 prospexerint,
597 1962 703 1997 vobis
716 1974 872 2012 prorsus
887 1962 1086 2011 neglectis,
1106 1961 1210 1998 illam
1224 1960 1463 1997 adoraturos.
1485 1959 1746 2009 Veluti—-quo

302 2027 342 2056 et
357 2033 421 2056 vos
442 2020 674 2069 intelligatis,
689 2034 764 2071 qua
782 2021 904 2071 gratia
924 2022 1008 2058 haec
1028 2034 1100 2072 ego
1119 2020 1460 2070 dixerim—Pytho
1473 2020 1548 2064 ille,
1563 2032 1651 2057 cum
1671 2019 1746 2069 pri-

303 2092 404 2116 mum
420 2080 548 2117 occiso
564 2082 703 2131 Cotye,
723 2095 797 2119 non
814 2083 946 2131 quovis
961 2082 1064 2118 abire
1084 2081 1153 2118 sibi
1173 2087 1298 2117 tutum
1322 2093 1408 2117 esse
1423 2087 1587 2130 putaret,
1606 2079 1656 2117 ad
1675 2092 1746 2118 nos

301 2141 508 2190 profectus,
521 2142 586 2191 jus
603 2143 765 2179 civitatis
782 2143 902 2192 petiit,
922 2150 960 2180 et
973 2155 1040 2179 vos
1055 2141 1193 2192 primos
1213 2140 1380 2178 omnium
1400 2140 1510 2178 fecit:
1540 2147 1746 2190 postquam

302 2215 390 2239 vero
410 2209 556 2248 censet,
573 2202 738 2253 Philippi
758 2216 851 2254 opes
867 2203 990 2252 magis
1010 2216 1031 2240 e
1046 2215 1085 2239 re
1101 2214 1170 2239 sua
1187 2214 1284 2246 esse,
1303 2201 1410 2238 nulla
1428 2207 1598 2238 vestrum
1616 2200 1748 2239 habita

300 2263 458 2312 ratione,
468 2276 555 2300 cum
568 2263 632 2300 illo
646 2264 747 2301 facit.
764 2264 851 2301 Non
865 2264 964 2301 enim
977 2270 1049 2309 est,
1062 2275 1138 2300 non
1148 2268 1217 2307 est,
1230 2261 1502 2305 Athenienses,
1517 2260 1617 2311 apud
1633 2261 1745 2305 istos,

302 2335 461 2373 quorum
485 2324 614 2361 omnia
636 2324 776 2369 studia,
797 2324 1051 2374 cogitationes
1070 2335 1204 2360 omnes
1228 2322 1278 2359 ad
1297 2321 1491 2359 avaritiam
1516 2321 1745 2366 referuntur,

301 2384 503 2433 quicquam
531 2385 591 2421 vel
621 2385 729 2431 firmi,
747 2385 808 2423 vel
829 2385 979 2422 sancti:
1010 2384 1078 2421 sed
1108 2389 1272 2434 oportet,
1298 2389 1342 2419 ut
1367 2381 1538 2432 quisquis
1562 2381 1746 2419 cordatus

302 2451 375 2489 cst,
395 2445 511 2481 talem
526 2445 718 2482 hominem
738 2446 915 2483 cautione
935 2444 1107 2494 diligenti
1125 2450 1290 2494 superet,
1310 2454 1386 2479 non
1412 2449 1575 2492 accepto
1594 2441 1747 2479 demum

301 2504 455 2549 damno,
481 2504 655 2554 datisque
675 2506 909 2543 credulitatis
932 2505 1070 2556 poenis,
1095 2510 1364 2553 conqueratur.
1394 2502 1508 2545 Quod
1537 2503 1568 2540 si
1595 2502 1746 2548 demus,

301 2565 569 2608 Athenienses,
589 2566 627 2602 id
646 2566 749 2615 quod
771 2566 923 2603 minime
948 2577 1074 2602 verum
1106 2570 1176 2608 est,
1196 2565 1319 2614 ipsum
1342 2562 1628 2608 Charidemum,
1658 2563 1747 2601 fun-

301 2634 404 2662 ctum
424 2639 514 2675 erga
535 2638 601 2662 vos
624 2640 708 2663 csse
729 2627 868 2671 officio,
889 2634 928 2664 et
945 2626 1066 2675 fungi,
1086 2632 1124 2661 et
1141 2624 1330 2661 facturum
1360 2624 1458 2661 idem
1484 2624 1520 2660 in
1536 2632 1746 2674 posterum,

301 2699 424 2735 nequi
447 2686 521 2722 alio
550 2686 676 2722 animo
697 2700 863 2736 unquam
889 2687 1071 2727 futurum,
1099 2683 1218 2721 nihilo
1244 2685 1368 2733 magis
1395 2685 1566 2722 decuerit
1591 2686 1624 2722 ei
1655 2684 1747 2722 talia

302 2746 470 2783 decerni.
511 2747 608 2783 Nam
631 2747 817 2796 siquidem
839 2746 1093 2797 praerogativa
1112 2745 1192 2782 hmo
1213 2747 1260 2783 ob
1281 2746 1383 2783 aliud
1401 2745 1609 2796 quippiam,
1630 2757 1744 2793 quam

301 2807 348 2842 ad
370 2807 639 2844 stabilicmlum
662 2808 923 2857 Ccrsohlcptoe
943 2819 1101 2856 regnum
1121 2807 1363 2852 tribueretur,
1378 2807 1543 2857 mquiore
1563 2805 1598 2842 id
1620 2805 1745 2842 animo

302 2868 385 2903 i'crri
408 2875 535 2916 posset
555 2881 562 2904 :
595 2881 698 2905 nunc
725 2881 846 2905 moros
865 2868 961 2918 ejus,
989 2867 1024 2903 in
1042 2867 1152 2916 cujus
1173 2880 1284 2904 usum
1313 2866 1454 2917 praemii
1475 2865 1744 2903 commoditate

302 2928 488 2974 abutetur,
508 2942 582 2978 quo
604 2930 726 2979 magis
742 2929 939 2978 magisque
957 2928 1098 2977 cogito,
1115 2941 1160 2965 co
1177 2929 1299 2965 minus
1319 2927 1468 2965 invenio
1485 2927 1595 2971 tales,
1609 2927 1745 2975 quibus
