1923 3149
538 144 897 184 oLYNTfflAcA
928 145 963 183 11
995 146 1101 194 (ιιι).
1504 146 1552 182 33

90 246 162 284 hoc
181 258 255 297 ego
275 246 369 285 scio.
427 246 527 286 Nam
541 261 665 299 neque
680 249 720 286 in
733 248 950 299 praeliorum
966 248 1184 286 discrimine
1200 261 1330 285 eorum
1347 248 1412 298 qui
1439 247 1550 297 fuge-

88 314 179 345 runt
191 308 352 359 quisque
365 309 610 360 semetipsum
630 311 796 356 incusat,
818 309 886 348 sed
908 309 1062 355 ducem,
1082 308 1376 354 commilitones,
1396 307 1552 359 quosvis

86 368 253 419 denique
279 369 420 420 potius,
449 370 539 408 victi
563 376 655 408 sunt
674 377 801 408 tamen
822 376 978 421 propter
995 369 1233 421 singulorum
1260 370 1372 406 simul
1388 368 1553 406 militum

87 429 221 480 fugam
238 430 407 469 scilicet:
438 444 592 469 manere
611 431 753 482 quippe
773 438 926 482 poterat
944 431 974 468 is
992 431 1055 481 qui
1077 431 1172 468 alios
1194 437 1366 475 accusat,
1395 429 1500 480 quod
1520 428 1553 466 si

86 490 161 529 hoc
181 490 355 530 facerent
375 492 529 543 singuli,
549 492 743 530 vicissent.
784 492 847 530 Ita
859 505 962 530 nunc
976 505 1053 529 non
1070 491 1212 529 suadet
1223 492 1361 542 aliquis
1382 489 1553 541 optima?

81 559 224 602 surgat
242 552 339 590 alius
359 559 398 590 et
417 552 647 590 sententiam
662 553 780 600 dicat,
802 565 879 590 non
892 552 998 590 illurn
1027 552 1259 590 criminetur.
1316 551 1425 588 Alius
1450 551 1555 601 quis-

86 613 191 663 piam
210 614 369 651 meliora
394 613 508 652 dicit?
536 626 583 651 ea
609 614 737 660 facite,
758 614 831 651 diis
859 614 1177 665 approbantibus.
1232 613 1287 650 At
1309 625 1355 650 ea
1377 610 1556 662 jucunda

86 686 165 711 non
183 674 299 712 sunt?
328 674 436 712 nulla
464 675 548 713 haec
569 673 732 713 dicentis
762 675 880 726 culpa
909 681 981 721 est,
1011 675 1086 713 nisi
1110 688 1198 713 cum
1215 681 1308 712 vota
1339 679 1467 711 essent
1496 672 1555 710 fa-

87 734 225 773 cienda
244 748 323 773 non
343 735 488 774 fecerit.
532 735 635 774 Vota
654 736 810 786 quidem
824 736 963 781 facere,
982 735 1023 772 in
1039 749 1160 773 unum
1179 736 1320 783 omnia,
1335 748 1422 785 quae
1443 740 1554 785 opta-

85 795 134 834 rit
165 797 315 847 aliquis,
341 798 447 835 brevi
478 798 740 847 colligentem,
771 797 882 834 facile
912 804 984 840 est,
1005 798 1265 836 Athenienses
1281 811 1289 835 :
1320 804 1360 835 at
1385 797 1554 846 optimam

87 859 299 896 sententiam
317 858 474 907 eligere,
494 870 582 894 curn
601 859 650 895 de
671 856 835 907 negotiis
856 856 1093 895 consultatio
1111 858 1334 904 instituitur,
1350 869 1427 894 non
1441 869 1552 907 aeque

87 926 308 970 promptum
327 924 397 964 est,
428 918 497 956 sed
516 918 720 956 utilissima
733 917 1040 968 jucundissimis,
1068 919 1100 957 si
1118 925 1281 969 utraque
1311 918 1464 956 obtineri
1482 931 1553 956 ne-

89 987 249 1032 queunt,
269 988 361 1019 sunt
379 981 632 1031 praeferenda.

144 1043 181 1079 7.
212 1042 265 1080 At
281 1042 313 1079 si
329 1042 416 1092 quis
432 1041 662 1080 theatralem
677 1044 882 1093 pecuniam
900 1043 1013 1082 nobis
1028 1044 1243 1095 relinquere
1255 1044 1380 1096 possit
1397 1050 1437 1082 et
1456 1043 1553 1081 alios

88 1109 268 1153 sumptus
289 1102 494 1140 ostendere
515 1102 708 1149 militares,
727 1117 855 1142 nonne
875 1104 905 1142 is
929 1104 1081 1156 potior?
1111 1105 1248 1144 dixerit
1273 1105 1420 1156 aliquis.
1479 1105 1554 1142 As-

88 1163 240 1202 sentior*
250 1162 445 1213 equidem,
461 1163 493 1201 si
513 1164 599 1215 quis
619 1165 668 1202 sit
683 1165 743 1213 qui
759 1165 821 1202 hoc
827 1166 981 1215 fecerit,
1006 1166 1265 1205 Athenienses
1283 1181 1292 1205 :
1327 1166 1398 1204 sed
1425 1165 1555 1212 miror,

87 1239 136 1265 an
155 1225 335 1276 cuiquam
352 1225 428 1263 hoc
448 1225 595 1263 homini
618 1232 685 1263 aut
704 1226 871 1264 evenerit
886 1233 953 1265 aut
972 1235 1197 1266 eventurum
1213 1229 1276 1273 sit,
1291 1241 1380 1266 cum
1400 1239 1448 1264 ea
1467 1239 1556 1277 quae

84 1287 203 1326 habet
221 1287 261 1325 in
277 1300 338 1325 res
361 1300 666 1338 supervacaneas
686 1288 948 1339 insumpserit,
964 1296 1009 1327 ut
1026 1289 1072 1326 iis
1092 1303 1180 1339 quae
1201 1302 1280 1327 non
1295 1289 1414 1327 habet
1426 1287 1475 1325 ad
1495 1300 1554 1325 res

86 1349 327 1388 necessarias
340 1349 523 1388 abundet.
581 1349 659 1388 Sed
672 1362 870 1400 magnum,
884 1350 1032 1402 opinor,
1047 1350 1263 1389 istiusmodi
1274 1350 1485 1388 rationibus
1498 1348 1558 1386 af-

86 1413 161 1451 fert
179 1418 417 1450 momentum
436 1412 590 1463 propria
609 1413 799 1462 cujusque
818 1412 1011 1459 voluntas,
1042 1413 1147 1451 unde
1177 1413 1348 1450 omnium
1368 1418 1428 1449 est
1447 1408 1557 1448 facil-

89 1473 224 1511 limum
244 1474 414 1525 seipsum
435 1473 635 1524 decipere:
666 1474 771 1524 quod
791 1474 892 1512 enim
911 1475 1075 1525 quisque
1093 1475 1192 1520 vult,
1213 1474 1253 1512 id
1272 1473 1387 1511 etiam
1403 1472 1474 1510 sibi
1486 1472 1556 1509 fin-

89 1536 160 1588 git,
176 1549 302 1574 rerum
323 1543 454 1574 autern
472 1543 612 1574 natura
631 1550 896 1588 saepenumero
916 1537 992 1575 alia
1012 1544 1084 1576 est.

142 1600 179 1635 8.
211 1599 290 1636 Ista
301 1598 417 1649 igitur
430 1599 485 1636 ita
497 1598 757 1645 considerate,
770 1599 1047 1645 Athenienses,
1060 1606 1104 1637 ut
1122 1606 1161 1637 et
1173 1599 1457 1650 res'patiuntur,
1471 1603 1555 1634 tum

88 1667 128 1699 et
141 1659 305 1698 militare
324 1659 496 1710 poteritis
512 1666 551 1697 et
572 1660 809 1710 stipendium
822 1660 1030 1697 habebitis.
1080 1660 1170 1698 Non
1193 1673 1286 1698 sane
1306 1658 1554 1710 prudentium

89 1734 217 1773 neque
232 1733 506 1772 generosorum
518 1720 719 1758 hominum
733 1728 804 1766 est,
819 1721 970 1758 omissis
983 1722 1032 1757 ob
1043 1721 1220 1770 pecuniae
1234 1721 1405 1771 inopiam
1418 1719 1557 1757 milita-

87 1783 193 1822 ribus
210 1782 344 1820 officiis
359 1781 581 1833 hujusmodi
597 1781 792 1819 dedecora
805 1781 917 1818 facile
929 1781 1091 1832 perpeti,
1104 1787 1173 1819 aut
1186 1773 1322 1819 contra
1334 1781 1555 1819 Corinthios

89 1844 246 1896 quidem
274 1851 314 1882 et
334 1843 590 1894 Megarenses
621 1843 781 1893 arreptis
813 1842 927 1880 armis
947 1842 1153 1894 proficisci,
1182 1843 1405 1895 Philippum
1426 1850 1556 1881 autem

90 1906 254 1945 Graeciae
274 1905 448 1943 civitates
469 1904 547 1955 pati
579 1905 619 1941 in
643 1904 864 1941 servitutem
890 1904 1066 1956 redigere
1087 1911 1242 1956 propter
1258 1905 1429 1956 inopiam
1450 1918 1554 1942 com-

89 1974 239 2006 meatus
268 1981 346 2018 quo
378 1967 569 2005 exercitus
597 1972 847 2004 sustentetur.
903 1966 1034 2016 Atque
1060 1966 1146 2004 haec
1165 1979 1243 2004 non
1261 1974 1406 2004 temere
1425 1966 1555 2004 dicere

88 2029 248 2075 institui,
279 2036 323 2067 ut
350 2028 595 2079 quorundam
615 2041 636 2066 e
657 2028 770 2066 nobis
795 2027 927 2065 odium
954 2028 1185 2079 suscipiam3
1216 2041 1342 2078 neque
1371 2027 1472 2065 enim
1501 2028 1554 2066 ita

91 2091 250 2129 demens
272 2096 341 2127 aut
358 2090 494 2139 ingenii
512 2089 643 2127 infelix
662 2102 735 2140 ego
752 2103 850 2136 sum,
863 2096 907 2127 ut
921 2102 1009 2127 cum
1023 2090 1132 2127 nulla
1157 2102 1226 2140 spe
1246 2089 1381 2138 publici
1407 2089 1555 2127 fructus

88 2151 180 2190 mihi
199 2151 329 2189 odium
355 2163 549 2201 quaeram:
583 2150 653 2189 sed
680 2151 774 2189 boni
798 2151 891 2190 civis
922 2164 1008 2189 esse
1028 2152 1128 2190 duco
1147 2150 1369 2202 reipublicae
1390 2152 1556 2189 salutem

93 2213 278 2252 orationis
299 2213 432 2263 gratiae
448 2219 693 2263 anteponere.
749 2212 851 2251 Nam
872 2212 938 2262 qui
956 2212 1146 2263 majorum
1165 2218 1386 2250 nostrorum
1407 2218 1556 2263 tempo-

88 2276 191 2313 rib‘us
207 2275 346 2324 publice
365 2274 562 2321 dicebant,
582 2287 648 2312 eos
671 2274 800 2320 audio,
822 2273 1151 2324 quemadmodum
1170 2273 1332 2312 fortasse
1352 2286 1420 2311 vos
1441 2274 1556 2311 etiam

82 2337 288 2387 accepistis,
310 2349 486 2386 quosque
505 2335 621 2374 etiam
641 2349 775 2374 omnes
790 2335 856 2386 qui
876 2349 968 2373 nunc
987 2335 1196 2374 conciones
1216 2335 1360 2372 habent
1378 2334 1556 2381 laudare,

91 2411 225 2450 parum
244 2411 335 2437 vero
357 2397 494 2436 imitari
524 2398 663 2443 solent,
682 2398 757 2436 hac
784 2397 934 2436 ratione
955 2404 994 2436 et
1016 2397 1090 2435 hoc
1110 2397 1284 2435 instituto
1302 2397 1341 2434 in
1360 2397 1557 2447 republica

92 2460 262 2512 gerenda
278 2460 335 2498 uti
354 2460 504 2506 solitos,
533 2460 742 2498 Aristidem
761 2460 883 2506 illum,
903 2460 1069 2507 Niciam,
1089 2472 1177 2497 eum
1197 2460 1263 2510 qui
1280 2458 1382 2497 idem
1403 2472 1557 2497 mecum

91 2534 233 2559 nomen
251 2521 399 2568 habuit,
419 2528 454 2558 ec
474 2521 675 2560 Periclem.
733 2522 885 2572 Ex'quo
905 2528 1031 2560 autem
1051 2521 1174 2559 exorti
1195 2527 1286 2558 sunt
1300 2520 1382 2558 novi
1395 2521 1457 2558 isti
1470 2534 1554 2559 ora-

91 2589 193 2621 tores
214 2582 377 2634 quivos,
395 2583 488 2633 quid
503 2583 666 2635 cupitis?
685 2583 777 2633 quid
790 2583 982 2621 scribam?
1002 2595 1080 2633 qua
1099 2583 1209 2620 vobis
1231 2582 1270 2619 in
1290 2595 1329 2620 re
1352 2583 1554 2632 gratificari

91 2642 266 2695 possim?
304 2642 556 2693 interrogant,
591 2644 791 2695 praesentis
829 2644 963 2695 gratiae
999 2657 1108 2681 causa
1142 2643 1362 2693 reipublicae
1395 2644 1552 2693 negotia

94 2705 197 2755 quasi
215 2703 418 2755 propinata
432 2711 587 2753 pereunt
605 2712 644 2743 et
662 2705 756 2743 talia
776 2705 971 2752 eveniunt,
999 2705 1131 2756 itaque
1150 2704 1311 2742 istorum
1334 2716 1393 2741 res
1418 2717 1552 2742 omnes

91 2765 277 2817 praeclare
296 2779 337 2804 se
353 2766 510 2811 habent,
528 2774 666 2805 vestrae
686 2767 860 2818 turpiter.

146 2828 184 2864 9.
213 2826 333 2877 Atqui
349 2826 603 2873 considerate,
624 2828 895 2874 Athenienses,
917 2841 1005 2879 quae
1025 2828 1154 2878 capita
1171 2838 1298 2865 rerum
1325 2831 1365 2863 et
1388 2838 1412 2863 a
1430 2827 1551 2878 majo-

87 2889 191 2927 ribus
211 2888 348 2928 vestris
367 2896 406 2927 et
425 2902 448 2927 a
467 2888 576 2927 vobis
594 2895 790 2940 gestarum
810 2889 932 2939 quivis
954 2900 1256 2928 commemorare
1282 2886 1419 2938 possit.
1459 2887 1552 2926 Bre-

812 2963 833 2986 r
