1923 3149
275 132 348 169 186
849 132 920 169 DE
949 129 1192 169 CORONA.

271 232 408 282 quibus
439 242 563 282 poenae
592 237 682 270 sunt
712 232 862 284 legibus
891 233 1122 281 constitutae,
1155 231 1367 272 convicium
1394 245 1483 271 vero
1511 231 1715 270 maledicta

275 298 429 338 tantum,
447 292 584 343 quibus
612 292 752 332 inimici
771 307 839 345 pro
865 307 935 332 sua
952 294 1112 344 quisque
1135 293 1263 332 indole
1283 292 1345 331 alii
1365 292 1460 331 alios
1477 292 1575 330 forte
1599 293 1717 343 impe-

272 359 372 390 tunt.
403 352 674 392 Construxisse
695 361 823 392 autem
842 355 1004 406 majores
1025 362 1173 392 nostros
1192 355 1274 392 haec
1294 354 1375 392 fora
1388 353 1587 402 judicialia
1610 359 1717 403 puto,

275 426 354 450 non
372 420 416 451 ut
434 415 543 452 vobis
564 428 586 452 a
604 415 821 453 domesticis
842 417 953 453 rebus
974 416 1047 453 huc
1068 416 1288 453 convocatis
1308 414 1516 452 maledicta
1533 414 1629 450 inter
1648 425 1718 450 nos

275 474 380 512 dictu
399 475 545 513 nefaria
560 478 790 525 jaceremus,
817 476 885 514 sed
904 483 946 514 ut
964 490 1068 514 reum
1095 488 1362 526 coarguamUS,
1385 475 1416 512 si
1435 474 1519 524 quis
1539 474 1636 511 forte
1662 475 1718 510 in-

270 533 410 584 juriam
428 537 560 574 fecerit
590 537 822 587 reipublicae.
864 538 964 575 Haec
982 551 1070 575 cum
1099 538 1213 575 sciret
1236 536 1439 574 AEschines
1467 548 1576 586 aeque
1605 541 1721 585 atque

275 607 361 645 ego,
381 603 592 634 scommata
615 605 742 635 tamen
763 597 909 636 effutire
930 599 1062 636 maluit
1092 611 1206 648 quam
1227 610 1421 636 accusare.

332 657 395 693 38.
425 658 683 695 Veruntamen
703 671 747 695 ne
767 658 841 696 hac
868 659 1023 709 quidem
1041 660 1079 696 in
1100 672 1137 696 re
1157 672 1307 709 aequum
1338 665 1396 696 est
1418 663 1462 694 ut
1486 656 1563 700 ille,
1594 655 1719 692 minus

278 730 381 765 quam
400 719 538 765 attulit,
557 720 716 756 auferat.
763 719 789 757 J
793 732 851 756 am
872 720 1000 770 itaque
1020 733 1079 757 me
1097 720 1147 757 ad
1165 720 1247 758 haec
1267 718 1475 764 conferam,
1497 717 1528 754 si
1546 717 1617 754 hoc
1637 722 1722 753 tan-

278 784 360 814 tum
380 779 427 816 ab
453 791 499 816 eo
518 780 742 829 quaesivero.
792 781 926 818 Utrum
947 787 983 819 te
1007 781 1106 831 quiS‚
1133 780 1331 826 AEschine,
1355 778 1571 831 reipublicae
1601 776 1724 814 inimi-

278 850 367 875 cum
399 851 447 876 an
466 852 594 877 meum
614 852 700 878 esse
720 841 850 878 dicat?
883 841 1017 879 Meum
1037 841 1192 878 scilicet.
1241 841 1374 891 Itaque
1401 839 1466 876 ubi
1493 839 1562 876 tibi
1580 838 1727 875 licebat

280 898 418 936 horum
438 913 556 938 causa
577 914 712 952 poenas
733 914 755 938 a
772 915 833 939 me
852 902 1000 951 legibus
1020 908 1212 952 expetere,
1232 901 1263 938 si
1282 900 1376 951 quid
1402 898 1502 936 male
1526 898 1720 943 fecissem,

280 960 496 1010 neglexisti,
528 962 565 999 in
584 962 794 999 rationibus
818 962 1037 1006 referendis,
1069 962 1107 998 in
1138 960 1447 999 accusationibus
1478 958 1654 1010 publicis,
1684 957 1723 995 in

281 1020 363 1057 aliis
378 1021 563 1069 judiciis:
593 1023 659 1059 ubi
689 1035 779 1060 vero
806 1035 878 1071 ego
907 1022 1019 1059 rebus
1051 1022 1229 1060 omnibus
1259 1021 1407 1071 integer
1436 1031 1534 1063 sum,
1562 1018 1726 1069 legibus,

280 1086 466 1132 tempore,
486 1081 560 1120 diei
575 1082 875 1133 praescriptione,
896 1082 1025 1120 multis
1041 1081 1196 1133 judiciis
1211 1081 1271 1119 his
1287 1081 1334 1119 de
1349 1082 1462 1118 rebus
1477 1086 1590 1118 antea
1601 1080 1729 1129 factis,

280 1153 327 1178 eo
365 1142 527 1192 denique
556 1143 660 1193 quod
689 1143 830 1180 nullius
865 1155 1030 1191 unquam
1059 1142 1098 1179 in
1134 1155 1200 1180 vos
1229 1142 1376 1193 peccati
1404 1141 1600 1179 convictus
1629 1153 1728 1185 sum,

280 1214 444 1253 cumque
473 1204 523 1241 ad
554 1203 745 1241 civitatem
772 1215 819 1240 ex
849 1201 892 1239 iis
926 1216 1012 1253 quae
1037 1203 1187 1253 publice
1222 1209 1329 1253 gesta
1358 1209 1448 1240 sunt
1476 1201 1564 1253 plus
1598 1201 1725 1239 minus

282 1264 412 1314 gloriae
432 1266 563 1303 redeat
584 1278 736 1303 necesse
753 1271 824 1311 est,
842 1264 904 1302 hic
925 1273 967 1302 tu
987 1266 1188 1304 obstitisti?
1218 1266 1330 1312 Vide,
1352 1279 1398 1304 ne
1417 1266 1553 1304 horum
1572 1264 1728 1315 quidem

282 1323 457 1364 inimicus
489 1327 555 1372 sis,
587 1339 675 1364 cum
696 1338 821 1363 meum
843 1339 927 1364 esse
953 1334 990 1365 te
1009 1328 1146 1378 fingas.

337 1387 401 1425 39.
431 1386 641 1438 Postquam
668 1387 781 1438 igitur
808 1387 986 1437 religiosa
1015 1402 1057 1426 ac
1072 1390 1179 1440 justa
1207 1388 1407 1426 sententiae
1436 1387 1605 1425 ferendae
1633 1386 1729 1424 ratio

282 1447 457 1485 omnibus
477 1456 687 1486 monstrata
707 1456 777 1494 est,
797 1455 947 1499 oportet
966 1462 1039 1496 me,
1059 1456 1102 1486 ut
1118 1449 1278 1496 videtur,
1297 1449 1388 1487 licet
1406 1455 1542 1486 natura
1573 1448 1729 1486 minime

284 1508 526 1556 maledicum,
545 1517 698 1561 propter
719 1523 766 1548 ea
785 1523 870 1560 quae
888 1510 950 1548 hic
967 1510 1105 1549 effutiit
1125 1510 1310 1556 convicia,
1330 1523 1399 1562 pro
1418 1511 1547 1548 multis
1567 1517 1606 1548 et
1625 1509 1732 1547 falsis

283 1570 487 1608 criminibus
512 1584 638 1622 pauca
661 1572 823 1610 maxime
843 1573 1061 1610 necessaria
1079 1573 1126 1610 de
1145 1573 1227 1624 ipso
1255 1573 1395 1619 dicere,
1414 1581 1454 1611 et
1472 1573 1583 1611 simul
1603 1579 1732 1611 osten-

285 1630 390 1677 dere,
424 1632 510 1682 quis
544 1632 609 1670 ille
644 1640 684 1670 et
721 1646 744 1670 a
774 1633 913 1682 quibus
933 1639 1039 1671 ortus
1073 1640 1152 1672 tam
1173 1633 1222 1671 sit
1252 1634 1302 1671 ad
1329 1634 1492 1671 alterum
1520 1633 1732 1672 maledictis

284 1692 574 1741 provocandum
601 1699 640 1730 et
670 1693 720 1730 ad
748 1695 863 1730 verba
882 1695 1060 1742 quaedam
1086 1694 1317 1744 exagitanda
1339 1701 1509 1745 paratus,
1535 1707 1622 1732 cum
1650 1695 1731 1745 ipse

288 1764 334 1788 ea
357 1752 509 1789 loeutus
542 1753 603 1798 sit,
634 1766 721 1803 quae
755 1754 840 1803 quis
872 1760 930 1790 est
955 1754 1071 1791 homo
1099 1755 1214 1804 paulo
1243 1754 1451 1792 modestior
1476 1756 1540 1805 qui
1565 1756 1730 1807 proferre

287 1825 364 1849 non
389 1819 564 1851 vereatur
575 1813 655 1850 ?—.
709 1814 750 1850 Si
770 1814 869 1850 enim
891 1814 1036 1852 AEacus
1057 1822 1123 1852 aut
1152 1815 1468 1853 Rhadamanthus
1503 1822 1569 1854 aut
1599 1816 1732 1855 Minos

287 1880 394 1910 esset
418 1874 450 1911 is
480 1875 544 1924 qui
569 1882 740 1921 accusat,
760 1888 836 1912 non
863 1875 1007 1914 blatero
1039 1876 1174 1922 inanis,
1200 1876 1335 1914 rabula
1361 1876 1535 1924 detritus,
1559 1877 1732 1928 perditus

289 1934 426 1980 scriba,
446 1947 524 1972 non
545 1941 671 1972 tamen
690 1948 776 1972 eum
797 1936 956 1973 arbitror
973 1937 1062 1975 talia
1076 1936 1194 1975 fuisse
1215 1937 1407 1975 dicturum
1425 1951 1550 1989 neque
1569 1945 1649 1976 tam
1662 1939 1731 1976 im-

289 2000 457 2045 portuna
474 1997 589 2033 verba
614 1996 927 2046 conquisiturum‚
955 2003 1136 2046 tanquam
1155 1997 1193 2035 in
1212 1998 1402 2048 tragoedia
1421 1999 1681 2037 clamitantem
1709 2012 1732 2038 o

288 2061 338 2093 te
353 2070 370 2093 r
385 2069 436 2094 ra
467 2069 487 2093 e
503 2063 518 2094 t
547 2069 564 2094 s
578 2056 625 2093 ol
655 2070 674 2094 e
689 2062 706 2093 t
734 2057 778 2093 vi
793 2070 810 2094 r
823 2064 902 2095 tus
935 2065 974 2095 et
993 2058 1142 2104 similia,
1165 2065 1202 2096 et
1226 2072 1355 2096 rursus
1375 2059 1667 2110 intelligentiam
1694 2068 1734 2099 et

291 2116 504 2154 doctrinam
525 2117 778 2163 invocantem,
811 2131 910 2168 qua
940 2118 1156 2156 honesta
1195 2120 1252 2156 ab
1285 2119 1597 2158 inhonestis
1627 2119 1732 2158 dis-

291 2190 311 2215 c
327 2190 347 2214 e
360 2191 377 2215 r
390 2191 413 2214 n
427 2191 453 2214 u
466 2184 516 2214 nt
532 2190 554 2214 u
571 2190 609 2214 r:
639 2177 794 2215 audistis
815 2178 914 2216 enim
943 2192 1031 2217 cum
1050 2179 1132 2217 haec
1151 2180 1308 2226 diceret,
1330 2180 1485 2217 scilicet.
1540 2180 1623 2218 Tibi
1642 2193 1731 2219 vero

292 2244 359 2275 aut
374 2238 461 2283 tuis,
482 2236 771 2288 sterquilinium,
792 2251 912 2289 ecqua
945 2240 1094 2278 virtutis
1123 2239 1376 2278 communitas
1405 2239 1493 2277 est?
1521 2253 1642 2290 ecqua
1672 2253 1732 2279 re-

292 2311 376 2335 rum
407 2298 651 2336 honestarum
683 2304 750 2335 aut
781 2299 1068 2338 inhonestarum
1105 2300 1356 2352 dijudicatio?
1385 2301 1486 2338 unde
1519 2308 1633 2340 nacto
1666 2309 1734 2340 aut

293 2358 446 2409 quinam
463 2359 688 2409 dignitatem
707 2371 790 2396 earn
811 2359 980 2410 adepto?
1009 2362 1086 2400 Ubi
1113 2361 1178 2399 tibi
1198 2361 1412 2399 doctrinam
1437 2374 1734 2402 commemorare

293 2419 351 2458 sas
370 2425 440 2465 est,
460 2432 574 2468 quam
594 2419 659 2469 qui
682 2432 767 2457 vere
787 2422 982 2458 consecuti
1011 2429 1100 2460 sunt
1129 2434 1239 2460 nemo
1269 2429 1397 2460 tamen
1425 2435 1554 2460 eorum
1581 2430 1640 2461 est
1670 2425 1735 2475 qui

293 2480 369 2519 tale
389 2479 589 2530 quicquam
617 2480 664 2517 de
690 2494 730 2517 se
762 2481 1038 2530 praedicaverit,
1057 2483 1127 2520 sed
1145 2483 1205 2521 vel
1233 2483 1304 2521 alio
1324 2483 1363 2520 id
1391 2484 1620 2534 praedicante
1650 2498 1734 2524 eru-

295 2542 494 2580 besceret:
526 2540 548 2577 ii
578 2554 667 2577 vero
692 2541 755 2591 qui
786 2554 833 2578 ea
861 2548 993 2579 carent
1024 2541 1122 2579 sicut
1141 2549 1195 2588 tu,
1212 2556 1291 2593 prae
1313 2551 1465 2594 stupore
1493 2552 1621 2582 tamen
1650 2558 1730 2584 cor-

296 2603 355 2641 dis
375 2602 514 2640 habere
535 2615 575 2639 se
599 2602 792 2646 simulant,
814 2603 852 2640 id
873 2602 1025 2640 tandem
1050 2612 1346 2654 consequuntur,
1366 2611 1408 2642 ut
1433 2605 1623 2644 auditores
1644 2619 1733 2645 ene-

298 2670 387 2703 cent
405 2663 573 2715 quidem,
593 2662 683 2700 dum
708 2664 792 2701 haec
817 2664 1005 2710 effutiunt,
1026 2664 1137 2702 talem
1166 2672 1292 2702 autem
1312 2666 1358 2703 dc
1380 2679 1420 2704 se
1436 2666 1650 2717 opinionem
1669 2681 1734 2705 ne-

299 2737 490 2776 quaquam
511 2724 674 2774 pariant.

352 2788 417 2823 40.
447 2785 527 2824 Sed
545 2799 633 2824 cum
648 2785 737 2822 mihi
753 2797 826 2823 non
847 2784 945 2823 desit
963 2787 1064 2836 quod
1085 2786 1132 2824 de
1151 2794 1188 2825 te
1208 2801 1253 2826 ac
1275 2789 1322 2826 de
1342 2788 1415 2826 tuis
1439 2787 1639 2826 dicendum
1671 2791 1732 2836 sit,

301 2847 403 2885 unde
422 2847 659 2897 potissimum
681 2846 824 2884 initium
845 2847 995 2897 dicendi
1016 2848 1149 2885 faciam
1172 2849 1293 2887 deest.
1350 2849 1484 2886 Utrum
1501 2850 1548 2886 ab
1568 2862 1614 2888 eo
1629 2851 1731 2901 quod
