1923 3149
780 313 831 365 A
861 313 914 366 U
944 313 998 364 G
1028 313 1076 364 E
1107 311 1160 364 R
1187 310 1214 363 Ι

836 435 1154 483 ANALYSIS

451 556 891 598 OLYNTHIACAE
924 558 1152 599 PRIMAE
1179 553 1544 609 <SECUNDAE).

522 678 746 725 Propositum
760 679 862 726 liujus
874 680 1036 714 orationis
1050 685 1081 713 ee
1097 680 1243 713 duarum
1258 678 1477 724 sequentium.

328 756 540 791 OLYNTnus
555 758 800 801 potentissima
814 759 897 792 urbs
912 759 1078 792 Thraciae
1097 759 1182 799 suit;
1208 769 1286 792 eam
1304 757 1422 791 Graeci
1440 756 1635 790 tenuerunt
1653 754 1721 788 ori-

277 811 367 844 undi
381 811 563 851 Chalcide,
580 812 675 856 quod
694 816 748 846 cst
762 813 915 847 Euboeae
931 813 1112 857 oppidum,
1125 813 1395 846 Atheniensium
1408 812 1558 844 colonia.
1608 810 1722 852 Olyn-

277 866 341 899 thii
360 866 473 899 multa
493 866 583 899 bella
610 871 796 909 gesserunt
812 878 892 900 cum
911 867 997 910 ipsis
1015 867 1304 905 Atheniensibus,
1323 877 1404 899 cum
1426 864 1722 907 Lacedaemoniis,

279 919 434 963 denique
449 930 531 952 cum
552 920 711 962 Amynta.
730 921 882 964 Philippi
901 925 1011 964 patre.
1061 921 1267 964 Philippum
1284 921 1399 963 ipsum
1418 921 1452 952 in
1466 919 1561 961 regni
1577 918 1723 961 primor-

279 974 344 1006 diis
368 973 461 1006 bcllo
488 973 632 1015 aggredi
655 977 899 1014 tentaverant3
925 984 1046 1007 verum
1074 974 1141 1015 hic,
1158 974 1317 1007 nondum
1343 973 1557 1006 confirmatis
1577 972 1721 1012 viribus,

277 1037 362 1060 usus
382 1027 674 1066 dissimulatione,
691 1027 776 1060 nihil
805 1038 872 1060 non
900 1028 973 1070 egit
995 1031 1035 1061 ut
1056 1028 1244 1071 Olynthios
1272 1029 1441 1071 placaret,
1459 1028 1622 1071 factaque
1637 1036 1722 1059 cum

276 1081 359 1124 ipsis
375 1081 557 1119 societate,
574 1081 666 1124 ipsos
684 1082 828 1115 donavit
846 1083 1005 1115 Potidaea
1023 1093 1129 1125 quam
1147 1082 1427 1115 Atheniensibus
1445 1083 1633 1126 eripuerat.
1671 1081 1723 1114 At

277 1135 338 1168 ubi
356 1135 513 1174 invaluit,
528 1135 669 1168 eosdem
685 1146 869 1177 aggressus
884 1136 1065 1176 hostiliter,
1080 1137 1228 1180 primum
1244 1138 1355 1180 coepit
1370 1136 1526 1180 ipsorum
1543 1136 1723 1178 regionem

277 1189 455 1230 invadere,
471 1190 598 1222 deinde
617 1190 658 1222 ad
679 1190 712 1223 id
731 1201 767 1223 se
781 1191 995 1234 comparavit
1011 1195 1047 1223 ut
1067 1192 1176 1234 ipsam
1190 1192 1558 1234 urbemoppugnaret.
1609 1190 1724 1233 Cujus

279 1244 465 1276 consilium
478 1244 593 1276 statim
605 1248 711 1287 atque
725 1245 865 1277 animad
873 1248 1049 1278 verterunt
1066 1245 1235 1287 olynthii,
1250 1246 1416 1278 miserunt
1430 1245 1602 1280 Athenas,
1614 1255 1723 1290 quam

279 1298 501 1330 celerrimum
519 1298 691 1330 auxilium
711 1299 754 1330 ab
772 1298 1052 1331 Atheniensibus
1065 1304 1237 1341 petentes,
1290 1299 1552 1332 Demosthenes
1567 1299 1632 1331 hac
1648 1310 1724 1331 ora.-

279 1352 374 1384 tione
389 1356 423 1383 et
435 1352 454 1384 d
463 1363 481 1384 n
489 1352 575 1384 abus
588 1352 820 1394 sequentibus
834 1364 915 1386 suos
926 1354 1039 1386 vivide
1050 1353 1206 1386 hortatur
1222 1358 1260 1387 ut
1270 1353 1448 1396 Olynthiis
1459 1352 1724 1396 quamprimum

280 1408 316 1438 et
333 1405 502 1439 acerrime
522 1406 701 1448 suppetias
717 1411 811 1439 eant.

843 1486 956 1519 Breve
972 1487 1157 1520 exordium.

327 1553 410 1586 Hoc
425 1556 478 1586 est
490 1554 625 1595 insigne
639 1554 784 1588 deorum
802 1555 1023 1595 beneficium,
1037 1558 1132 1601 qnod
1147 1568 1255 1599 regno
1270 1556 1424 1600 Philippi
1439 1554 1587 1589 finitima
1601 1555 1727 1588 civitas

280 1607 482 1640 iuimicitias
500 1618 583 1640 cum
602 1608 662 1640 illo
688 1612 786 1649 gerat
804 1609 1037 1649 innnortales;
1063 1611 1140 1644 haec
1158 1615 1211 1644 est
1228 1612 1362 1654 optima
1379 1611 1520 1644 occasio
1537 1621 1558 1642 a
1576 1610 1642 1643 diis
1659 1609 1724 1642 ob·

282 1662 365 1703 lata,
380 1672 451 1704 qua
468 1671 537 1694 non
557 1661 607 1695 uti
633 1662 910 1696 Atheniensibus
924 1665 1167 1708 turpissimum
1184 1665 1301 1698 fuerit.

898 1750 1129 1795 Confirmatio.

330 1821 379 1851 10.
404 1818 503 1852 Dicit
517 1821 635 1853 orator
651 1830 739 1864 quas
755 1820 800 1853 ob
818 1830 944 1854 causas
961 1821 1116 1865 Philippi
1135 1820 1327 1865 potentiam
1346 1831 1415 1854 uon
1428 1821 1473 1854 sit
1486 1823 1728 1863 enarraturus,

283 1873 345 1906 sed
363 1873 406 1905 ad
425 1874 493 1906 alia
509 1874 717 1907 transiturus
734 1885 816 1918 quae
834 1876 904 1908 sint
922 1875 1058 1908 civibus
1076 1876 1147 1908 suis
1165 1875 1267 1908 utilia
1284 1876 1409 1909 auditu
1426 1879 1462 1909 et
1480 1876 1527 1909 illi
1542 1877 1729 1920 probrosa;

284 1936 411 1970 nempe
427 1930 467 1959 ut
486 1928 646 1970 perjurus
662 1927 721 1961 ille
737 1933 773 1961 et
786 1930 940 1971 perfidus
958 1941 1003 1962 ex
1023 1929 1122 1962 sactis
1139 1930 1413 1963 demonstretur.

328 1983 378 2012 2⁰.
408 1980 757 2024 Exponiturperfida
775 1985 811 2014 et
827 1982 949 2015 dolosa
963 1983 1118 2026 Philippi
1137 1983 1265 2025 agendi
1282 1983 1370 2015 ratio
1384 1994 1467 2025 erga
1481 1983 1730 2024 Athenienses,

285 2044 368 2077 erga
386 2034 585 2078 Olynthios,
601 2046 683 2077 erga
699 2035 906 2076 Thessalos;
927 2037 1020 2069 unde
1034 2040 1140 2080 patet,
1153 2037 1347 2070 mendaciis
1358 2048 1421 2081 per
1434 2048 1514 2081 qua:
1530 2038 1573 2071 ad
1591 2048 1731 2071 summa.

284 2089 445 2133 pervenit
460 2090 616 2130 retectis,
632 2100 713 2123 eum
730 2090 805 2132 jam
821 2092 863 2123 ad
884 2092 951 2124 ima
970 2092 1235 2125 descensurum.

331 2145 384 2176 3·⁰.
410 2143 470 2183 At,
488 2143 627 2187 inquiet
645 2144 782 2187 aliquis,
798 2145 855 2178 ille
873 2156 935 2188 per
952 2145 1019 2178 vim
1034 2156 1076 2178 ea
1090 2146 1254 2179 retinebit
1270 2157 1352 2190 quae
1372 2157 1435 2189 per
1451 2146 1571 2179 (lolum
1587 2146 1731 2189 eripuit.

286 2197 546 2231 Demosthenes
562 2199 715 2231 ostendit
735 2210 795 2241 per
811 2200 1005 2233 sententias
1022 2204 1056 2234 et
1074 2202 1370 2244 comparationes,
1387 2211 1466 2234 eam
1484 2202 1595 2235 solam
1610 2205 1733 2246 poten·

286 2251 370 2284 tiam
391 2252 525 2284 firmam
540 2263 617 2285 esse
629 2257 663 2285 et
681 2254 841 2286 stabilem
859 2265 941 2297 qua¹
961 2255 1206 2288 benevolentia
1222 2255 1397 2288 sociorum
1415 2255 1561 2288 nitatur.

332 2308 380 2338 4⁰.
406 2306 582 2339 Hortatur
599 2317 681 2339 suos
699 2311 737 2339 ut
751 2311 911 2351 prompte
929 2311 965 2341 et
980 2309 1093 2341 valide
1111 2320 1216 2352 opem
1232 2309 1344 2342 ferant
1359 2309 1559 2352 Olynthiis;
1584 2313 1623 2342 nt
1638 2310 1734 2350 lega-

287 2362 342 2393 tos
368 2359 510 2392 mittant
536 2360 578 2392 ad
602 2360 805 2399 'l‘hessalos,
824 2361 884 2393 scd
901 2366 1085 2405 postquam
1112 2362 1305 2396 eduxerint
1331 2363 1531 2396 exercitum
1555 2366 1591 2395 et
1614 2364 1733 2396 omnia

288 2415 425 2457 egerint
449 2425 530 2458 (μὴν,
557 2415 687 2447 bellum
716 2416 883 2459 postulat,
908 2427 979 2459 quo
1007 2427 1074 2449 non
1102 2418 1207 2450 xerba
1233 2417 1359 2454 solum,
1386 2421 1421 2450 at
1447 2418 1553 2450 etiam
1590 2429 1643 2450 res
1670 2428 1732 2460 po-

289 2469 382 2512 pulis
409 2474 615 2511 proponant.
674 2469 776 2510 Inde,
801 2471 860 2509 ait,
887 2472 1002 2514 palam
1030 2471 1088 2504 siet
1114 2483 1218 2515 (piam
1246 2472 1381 2505 infirma
1406 2473 1449 2505 sit
1476 2473 1670 2506 domestica
1694 2473 1735 2505 it-

287 2523 355 2555 lius
372 2523 547 2566 potentia.

332 2580 381 2610 5⁰.
410 2576 578 2610 Ostendit
598 2588 657 2619 per
671 2579 838 2620 exempla
855 2579 1107 2613 Macedoniam
1124 2591 1184 2622 per
1198 2591 1233 2612 se
1247 2581 1432 2618 infirmam,
1447 2580 1582 2625 aliquid
1603 2581 1735 2614 roboris

288 2630 415 2663 habere
434 2642 542 2674 (μιιιιιι
563 2631 637 2663 aliis
656 2632 833 2674 adjicitur,
854 2634 1129 2678 Philippumque
1148 2635 1258 2678 ipsam
1281 2636 1380 2668 hellis
1392 2639 1427 2667 et
1441 2634 1734 2677 expeditionibus

289 2686 446 2718 effecisse
470 2685 705 2724 infirmiorem,
724 2687 808 2719 ‹lum
829 2689 955 2730 xulgus
985 2689 1226 2721 Macedonum
1246 2689 1338 2722 bello
1357 2689 1492 2722 detinet
1508 2694 1541 2721 et
1558 2688 1736 2727 exhaurit.

290 2739 372 2770 belli
398 2739 471 2781 ipse
502 2739 665 2772 assiduus
694 2744 868 2781 sectatum
893 2743 977 2775 dnm
1004 2743 1130 2775 milites
1156 2744 1357 2786 peregrinos
1375 2747 1411 2777 et
1427 2743 1610 2785 satellites,
1627 2743 1654 2776 si
1673 2743 1736 2784 qui

290 2792 362 2825 sint
378 2792 560 2836 peritiores
579 2793 630 2827 rei
649 2793 822 2839 militaris,
839 2806 902 2841 per
918 2796 1088 2831 invidiam
1097 2807 1141 2831 ex
1149 2797 1247 2842 pellit
1255 2809 1265 2841 ;
1283 2798 1369 2832 dum
1383 2797 1477 2834 viros
1491 2797 1603 2832 bonos
1617 2799 1652 2831 ct
1664 2807 1737 2831 mo·
