1923 3149
535 120 755 158 CONTRA
786 118 1220 158 ANDROTIONEM.
1530 120 1607 156 365

150 221 235 272 quis
257 234 343 260 cuin
366 230 486 272 roget,
506 223 649 260 tributa
667 235 877 273 corporane
898 221 1076 267 debeant,
1101 235 1149 259 an
1170 221 1315 273 praedia
1333 221 1344 258 3
1376 220 1525 259 Praedia
1548 234 1606 258 re-

151 283 371 334 spondebit,
398 285 429 322 si
462 297 593 323 verum
627 285 734 323 fateri
768 284 882 322 volet.
925 282 986 320 Dc
1018 283 1077 320 his
1099 284 1199 320 enim
1220 284 1363 321 tributa
1388 284 1609 334 pendimus.

151 345 231 382 Cur
245 345 358 396 igitur
371 347 516 386 omissa
530 346 757 398 praediorum
775 353 814 383 et
831 345 971 382 aedium
988 344 1246 396 publicatione
1261 353 1299 382 et
1313 345 1606 397 proscriptione,

148 406 358 457 vinciebas,
376 415 416 446 et
435 408 677 446 contumeliis
692 407 887 445 afficiebas
908 406 1082 444 homines
1103 406 1222 451 cives,
1237 414 1275 443 et
1292 419 1529 445 aerumnosos
1549 408 1606 445 in-

149 467 342 518 quilinos?
372 470 481 511 Quos
501 468 792 520 ignominiosius
819 480 935 518 quam
956 480 1086 505 servos
1106 473 1194 504 tuos
1215 468 1400 505 tractasti.
1431 468 1546 510 Quod
1575 469 1607 506 si

149 530 397 569 considerare
414 530 543 577 vultis,
563 530 662 568 inter
681 530 900 568 servitutem
930 536 969 567 et
998 529 1214 566 libertatem
1234 528 1326 578 quid
1350 528 1512 574 intersit,
1534 529 1607 567 hoc

149 592 389 642 potissimum
423 592 644 643 reperietis:
679 591 783 642 quod
817 591 936 629 servis
975 591 1104 628 omnia
1140 589 1288 628 scelera
1322 601 1481 640 corpore
1518 598 1608 627 sunt

150 652 307 699 luenda,
326 653 504 703 ingenuis
524 660 668 700 autem,
699 643 855 690 tametsi
871 652 1039 690 maxima
1057 652 1097 688 in
1117 665 1156 689 se
1176 651 1350 689 facinora
1368 650 1607 698 admiserint,

150 726 292 764 corpus
321 720 452 751 tamen
482 714 582 752 tueri
610 714 714 752 licet.
765 713 836 751 His
865 714 967 751 enim
997 713 1182 764 pleraque
1215 712 1356 750 delicta
1387 711 1609 763 pecuniaria

148 773 292 813 mulcta
312 774 456 812 luenda
474 781 577 813 sunt.
626 775 704 813 Iste
724 788 813 812 vero
835 782 982 821 contra,
1002 775 1041 812 in
1068 787 1232 824 corpora
1259 774 1397 811 civium
1425 780 1608 824 tanquam

149 836 424 887 mancipiorum
444 844 505 875 est
522 844 736 888 grassatus,
757 845 871 887 atque
894 838 946 875 ita
966 837 1198 887 flagitiosum
1217 843 1257 874 et
1284 836 1497 874 violentum
1516 850 1609 888 erga

149 910 216 934 vos
237 911 277 935 se
296 899 470 948 praebuit,
491 906 535 936 ut
552 905 700 950 patrem
722 912 831 937 suum
849 898 1002 949 publice
1016 898 1187 936 vinctum
1203 904 1358 948 propter
1372 911 1424 935 aes
1441 898 1608 937 alienum

147 958 185 996 in
207 972 374 1006 carcere,
395 973 441 997 eo
460 973 535 999 aere
555 973 679 1011 neque
699 961 839 1006 soluto,
861 973 986 1011 neque
1004 973 1123 998 causa
1143 959 1260 1005 dicta,
1277 959 1422 1009 putarit
1440 959 1609 1010 effugere

149 1028 326 1072 oportere
341 1034 349 1059 ε
381 1021 411 1059 si
427 1022 512 1072 quis
528 1028 656 1060 autem
674 1022 836 1060 aliorum
856 1021 994 1060 civium
1010 1021 1115 1071 quod
1133 1021 1302 1058 debebat
1316 1033 1513 1057 numerare
1531 1033 1607 1057 non

147 1089 292 1132 posset,
313 1082 429 1121 domo
448 1083 485 1121 in
507 1097 700 1122 carcerem
720 1083 946 1122 trahendum
968 1096 1066 1120 esse.
1122 1082 1278 1120 Deinde
1297 1088 1386 1132 post
1404 1082 1501 1128 haec,
1522 1089 1608 1120 tan-

150 1157 267 1194 quam
285 1144 436 1194 quidvis
456 1145 594 1196 agendi
614 1151 788 1196 potestas
808 1151 922 1191 esset,
944 1144 1103 1194 Sinopae
1123 1156 1260 1181 manns
1279 1143 1420 1194 injecit,
1449 1150 1488 1180 et
1506 1143 1609 1182 Pha-

148 1211 346 1250 nostrat-fle,
366 1205 598 1243 mulierculis
627 1206 787 1256 vulgato
816 1206 972 1256 quidem
997 1205 1073 1243 illis
1100 1218 1274 1256 corpore,
1300 1218 1388 1254 quae
1420 1205 1608 1242 tributum

147 1273 277 1304 tamen
296 1279 374 1304 non
394 1267 593 1304 deberent.
628 1267 745 1309 Quod
766 1267 797 1304 si
818 1267 957 1318 quibus
979 1266 1053 1303 illae
1073 1266 1237 1303 maxime
1260 1265 1388 1316 dignae
1406 1265 1610 1304 videantur

148 1341 236 1366 cum
257 1328 397 1379 quibus
417 1328 472 1366 sic
491 1334 642 1379 agatur,
671 1328 756 1378 ipsa
776 1341 834 1365 res
855 1335 982 1366 tamen
1002 1327 1163 1377 indigna
1193 1326 1266 1364 fuit
1293 1340 1380 1377 quae
1405 1325 1536 1364 fieret:
1566 1334 1610 1365 ut

148 1402 194 1427 eo
215 1389 446 1434 insolentiae,
466 1390 514 1427 ob
531 1389 714 1440 temporis
735 1389 1010 1435 conditionem,
1029 1388 1177 1426 veniret
1202 1387 1422 1438 quisquam,
1442 1395 1484 1424 ut
1504 1388 1609 1425 aedes

148 1450 363 1496 invaderet,
377 1456 417 1487 et
428 1450 733 1501 suppellectilem
747 1450 928 1500 diriperet
940 1450 1137 1487 hominum
1152 1449 1430 1486 innocentium.
1462 1449 1610 1487 Multos

113 1541 116 1544 .
149 1512 251 1549 enim
271 1511 414 1557 videas,
433 1512 498 1561 qui
513 1511 664 1561 quidvis
681 1511 759 1561 pati
778 1518 999 1548 mereantur
1019 1517 1059 1548 et
1077 1510 1283 1562 patiantur,
1303 1523 1434 1547 verum
1457 1523 1534 1547 non
1556 1511 1609 1548 ita

142 1573 281 1624 jubent
299 1573 420 1623 leges,
443 1586 520 1610 non
541 1573 594 1610 ita
613 1572 784 1610 instituta
799 1572 976 1616 civitatis,
996 1585 1083 1621 quae
1096 1571 1205 1609 vobis
1220 1570 1477 1609 custodienda
1494 1579 1608 1609 sunt:

149 1635 255 1672 locus
270 1634 384 1671 datur
399 1633 832 1679 misericordiae,-veniae,
848 1633 953 1670 omni
968 1633 1094 1670 officio
1112 1632 1213 1683 apud
1227 1632 1429 1681 ingenuos,
1446 1645 1607 1681 qnorum

149 1695 334 1740 omnium,
356 1702 395 1732 et
414 1703 551 1732 natura
569 1701 608 1732 et
623 1694 842 1744 disciplina,
863 1701 1060 1745 expertem
1081 1707 1164 1731 esse
1181 1693 1311 1736 istum,
1329 1693 1412 1742 quis
1428 1693 1610 1730 miretur?

151 1757 288 1795 Multis
308 1757 410 1794 enim
432 1756 592 1807 injuriis,
611 1755 742 1793 multis
762 1755 1002 1793 contumeliis
1025 1755 1186 1792 affectus
1207 1754 1291 1798 fuit,
1315 1754 1405 1790 dum
1432 1768 1519 1791 cum
1540 1755 1608 1792 ho-

149 1818 314 1859 minibus
333 1817 491 1863 viveret,
513 1831 536 1855 a
555 1817 696 1867 quibus
716 1829 794 1854 non
820 1818 1035 1862 amabatur,
1055 1816 1125 1853 sed
1152 1815 1216 1865 qui
1237 1814 1453 1852 mercedem
1474 1829 1609 1854 nume-

148 1892 230 1917 rare
267 1885 459 1930 poterant.
514 1880 689 1921 Quarum
724 1891 848 1916 rerum
882 1878 1084 1915 iracundia
1116 1878 1182 1915 tibi
1213 1890 1291 1914 non
1323 1877 1362 1913 in
1393 1878 1607 1928 proximum

148 1954 339 1992 quemque
359 1940 497 1978 civium
519 1939 759 1978 effundenda
786 1946 858 1985 est,
880 1952 951 1976 nec
976 1939 1015 1976 in
1046 1938 1219 1990 ejusdem
1251 1944 1422 1988 quaestus
1449 1940 1608 1977 aemulas

148 2002 383 2046 meretrices,
404 2002 475 2039 sed
494 2002 532 2039 in
551 2008 711 2052 patrem,
732 2002 798 2051 qui
817 2008 856 2038 te
878 2001 927 2038 ad
946 2001 1065 2038 istum
1082 2000 1239 2038 modum
1261 2000 1447 2038 educarit.

207 2066 265 2101 17.
298 2063 395 2101 Haec
413 2063 505 2113 quin
526 2063 657 2114 gravia
676 2063 756 2100 sint
781 2069 822 2101 et
839 2063 1016 2100 omnibus
1037 2062 1232 2100 contraria
1255 2061 1419 2112 legibus,
1439 2062 1512 2100 iste
1542 2077 1609 2101 ne-

149 2139 240 2178 gare
260 2139 337 2163 non
356 2126 509 2176 poterit,
534 2125 604 2162 sed
631 2125 728 2162 adeo
754 2132 815 2162 est·
828 2124 1047 2175 impudens,
1074 2131 1118 2160 ut
1135 2123 1361 2173 praejudicia
1381 2123 1608 2174 hujusjudi=

148 2189 197 2226 cii
210 2188 313 2240 apud
329 2188 514 2239 populum
530 2193 712 2238 perpetuo
732 2187 802 2224 sibi
817 2185 1054 2237 praepararit,
1074 2198 1119 2223 ac
1137 2184 1264 2222 dicere
1284 2185 1402 2222 fuerit
1417 2199 1547 2233 ausus,
1565 2200 1608 2224 se

148 2263 218 2300 pro
240 2249 361 2293 vobis,
378 2256 418 2286 et.
433 2255 587 2299 propter
607 2261 689 2295 VOS,
705 2246 1171 2298 suscepisseinim1citias,
1192 2253 1230 2283 et
1246 2260 1348 2284 nunc
1368 2247 1405 2284 in
1425 2249 1608 2286 extremis

148 2325 236 2349 esse
257 2311 450 2361 periculis.
493 2311 576 2361 Ego
594 2323 684 2348 vero
704 2309 813 2347 vobis
840 2309 1058 2354 ostendam,
1079 2308 1352 2354 Athenienses,
1382 2308 1495 2346 istum
1514 2309 1607 2347 nihil

149 2372 354 2423 quicquam
385 2372 476 2409 mali
496 2385 582 2409 esse
601 2385 776 2422 passum,
804 2378 872 2409 aut
901 2383 1104 2419 passurum
1134 2382 1233 2415 esse,
1256 2376 1412 2420 propter
1439 2383 1487 2408 ea
1519 2384 1606 2420 quae

148 2446 219 2485 pro
250 2434 357 2471 vobis
375 2433 478 2484 egit:
517 2433 585 2471 sed
606 2440 761 2483 propter
781 2432 1110 2484 importunitatem
1144 2445 1267 2477 suam,
1300 2439 1340 2469 et
1361 2431 1432 2469 diis
1462 2432 1605 2472 invisas

151 2494 299 2541 sordes,
326 2494 513 2532 haetenus
533 2494 688 2545 quidem
708 2507 867 2545 passum
893 2506 979 2531 esse
1000 2493 1106 2539 nihil,
1126 2506 1331 2543 passurum
1352 2500 1481 2531 autem
1504 2508 1605 2540 esse,

150 2558 182 2595 si
212 2556 320 2606 fungi
350 2569 418 2593 vos
437 2556 560 2594 officio
579 2556 791 2594 volueritis.
825 2555 888 2593 Sic
915 2555 1016 2593 enirn
1036 2555 1302 2594 considerate:
1338 2555 1429 2605 quid
1449 2555 1606 2593 tandem

149 2619 220 2656 iste
239 2617 347 2656 vobis
363 2617 561 2668 receperit,
574 2616 821 2668 etquodnam
840 2630 909 2654 vos
930 2616 1142 2654 mandastis
1163 2617 1196 2653 ci
1219 2629 1355 2652 munus
1372 2616 1386 2652 ἶ
1418 2615 1472 2652 Ut
1487 2629 1605 2665 pecu-

150 2680 252 2717 niam
268 2678 478 2729 redigeret:
499 2685 636 2728 praeter
651 2678 725 2716 hoc
739 2692 814 2716 non
833 2678 867 2715 ei
886 2678 1090 2728 quicquam
1107 2677 1332 2714 mandastis.
1365 2676 1480 2725 Agite
1503 2690 1605 2723 vero,

151 2741 375 2792 singulatim
394 2739 502 2778 vobis
524 2740 767 2777 exactionem
789 2740 827 2776 in
846 2739 1068 2776 memoriam
1092 2739 1279 2788 redigam.
1326 2736 1465 2786 Exegit
1484 2737 1553 2773 iste
1583 2751 1606 2775 a

151 2804 310 2854 Leptine
328 2802 460 2840 Coeleo
474 2809 638 2852 quatuor
654 2808 693 2839 et
715 2815 822 2838 xxx.
843 2801 1060 2845 drachmas,
1082 2814 1103 2837 a
1123 2801 1334 2837 Theoxeno
1356 2798 1603 2848 Alopecense

149 2864 353 2903 drachmas
374 2876 478 2904 Lxx.
499 2870 538 2903 ct
558 2863 672 2914 paulo
691 2863 795 2914 plus,
817 2870 856 2901 et
886 2864 933 2902 ab
961 2861 1150 2912 Euphemi
1184 2860 1259 2898 tilio
1291 2859 1524 2907 Callistrate,
1557 2875 1602 2899 ac
