1923 3149
292 178 366 213 320
771 175 993 213 CONTRA
1027 175 1250 214 MIDIAM.

294 285 397 316 ctum
413 278 460 315 ab
477 289 521 315 eo
541 289 625 315 esse
643 284 809 325 constat,
829 290 978 329 aequum
1000 291 1087 316 eum
1101 284 1162 316 est
1176 277 1370 329 publicam
1389 277 1690 328 indignationem
1705 280 1744 314 et

293 339 475 377 ultionem
496 338 682 390 experiri:
712 352 800 377 nam
820 351 907 378 cum
929 339 1194 377 Demosthene
1214 338 1327 376 simul
1351 338 1465 376 etiarn
1486 337 1608 376 aedilis
1627 337 1746 375 viola-

293 400 420 438 batur.
452 399 539 438 Hoc
558 413 647 438 vero
675 413 815 439 nomen
844 401 1040 452 publicum
1070 407 1140 438 est.
1183 400 1305 451 quue
1329 399 1388 436 his
1421 399 1558 436 diebus
1585 397 1746 443 factum,

294 461 431 511 quibus
451 467 512 498 est
528 461 678 512 legibus
698 462 958 500 interdictum.
990 463 1090 499 Sunt
1109 468 1235 499 autem
1256 461 1375 510 leges,
1391 459 1548 510 quando
1561 459 1748 504 feruntur,

295 521 603 569 considerandae,
635 536 825 573 quaenam,
855 530 894 560 et
923 522 1140 573 cujusmodi
1174 521 1271 564 sint;
1307 533 1427 571 quum
1465 532 1554 558 vcro
1582 524 1748 568 receptae

295 582 449 627 suerint,
469 582 736 620 custodiendae
751 589 791 621 et
809 583 1066 634 usurpandae:
1097 595 1184 619 nam
1203 581 1278 619 hoc
1293 580 1541 631 jurisjurandi
1559 578 1676 629 vestri
1691 591 1750 616 re-

294 644 398 694 ligio,
422 651 460 682 et
477 645 637 695 aequitas
657 645 799 695 alioqui
818 645 1001 695 postulat.
1033 644 1137 681 Olim
1156 643 1345 681 habuistis
1367 642 1492 693 legem
1512 641 1642 678 damni
1658 639 1751 686 dati,

295 705 481 743 habuistis
509 706 794 751 verberationis,
822 706 1006 743 habuistis
1025 704 1280 742 contumeliae.
1317 703 1406 741 ,lam
1427 704 1457 740 si
1481 715 1547 740 eos
1566 701 1632 752 qui
1651 701 1750 738 Bac-

297 766 522 804 chanalibus
552 767 689 804 horum
721 766 865 816 aliquid
895 766 1153 811 admisissent,
1180 764 1463 815 hisce.legibus
1492 763 1630 800 fuisset
1659 762 1751 800 satis
1804 774 1813 781 1

296 827 435 878 puniri,
456 840 744 877 supervacanea
772 827 912 864 fuisset
929 827 1015 864 haec
1046 827 1122 864 lex.
1157 825 1235 863 Sed
1255 839 1332 863 non
1352 832 1410 863 est
1428 825 1534 863 satis.
1582 823 1675 874 Ejus
1697 823 1752 861 rei

297 888 449 937 signum
469 888 543 926 hoc
564 894 644 926 est:
676 900 822 926 sacram
840 888 964 937 legem
990 887 1241 924 constituistis
1260 887 1333 936 ipsi
1354 886 1427 924 deo
1448 887 1495 923 de
1516 885 1602 923 festi
1624 884 1752 922 solen-

299 949 444 992 nitate;
475 949 505 986 si
525 950 609 998 quis
629 948 746 1000 igitur
778 947 851 985 illis
871 949 985 985 etiam
1005 947 1196 984 veteribus
1216 947 1381 997 legibus,
1400 953 1439 984 et
1456 946 1529 984 hac
1560 952 1650 997 post
1668 944 1752 982 illas

295 1010 392 1055 lata,
422 1017 461 1047 et
490 1010 645 1060 reliquis
665 1009 841 1047 omnibus
867 1015 927 1047 est
945 1021 1045 1054 reus,
1066 1008 1098 1045 is
1118 1014 1369 1058 proptereane
1396 1007 1552 1058 impune
1566 1008 1665 1044 feret
1683 1017 1754 1043 sua

301 1071 462 1115 scelera,
494 1084 541 1108 an
560 1071 688 1122 potius
708 1070 843 1108 merito
872 1070 1025 1119 gravius
1051 1068 1326 1107 mulctabitur?
1369 1068 1557 1119 Equidem
1577 1066 1753 1106 existimo

300 1133 455 1183 gravius
470 1131 750 1170 mulctandum.

358 1195 419 1232 11.
440 1193 650 1232 Nunciavit
665 1192 755 1231 mihi
770 1205 884 1244 porro
899 1192 1071 1244 quidam,
1087 1205 1173 1230 eum
1190 1192 1494 1230 circumeuntem
1515 1190 1694 1242 colligere
1708 1202 1754 1228 ac

300 1254 500 1300 sciscitari,
520 1255 750 1306 quibusnam
781 1254 1015 1299 usuvenerit‚
1042 1261 1085 1291 ut
1111 1253 1353 1291 contumeliis
1375 1253 1641 1296 afficerentur-3
1669 1246 1754 1289 eos-

301 1330 376 1367 que
395 1317 504 1354 vobis
526 1317 731 1360 dicturum,
761 1322 800 1354 et
820 1322 1206 1354 commemoraturum
1236 1327 1334 1353 esse.
1379 1313 1522 1359 Veluti,
1543 1313 1755 1351 Athenien-

301 1391 378 1423 seS,
406 1378 623 1429 praesidem,
645 1390 760 1428 quem
781 1376 989 1427 aliquando
1010 1376 1139 1414 serunt
1156 1376 1260 1427 apud
1285 1389 1353 1413 vos
1380 1389 1402 1413 a
1422 1374 1604 1426 Polyzelo
1622 1373 1755 1412 verbe-

301 1447 441 1486 ratum,
456 1448 495 1479 et
513 1441 719 1486 sexvirum,
734 1440 800 1490 qui
814 1453 937 1490 nuper
954 1439 1092 1490 plagas
1110 1439 1274 1489 accepit,
1295 1438 1334 1476 in
1352 1438 1507 1476 tibicina
1525 1437 1755 1480 asserenda:

302 1510 342 1540 et
360 1503 453 1541 alios
472 1502 663 1553 quosdam
683 1502 766 1553 ejus
790 1501 967 1552 generis:
1001 1500 1110 1552 quasi
1128 1514 1232 1547 vero,
1252 1501 1283 1538 si
1303 1500 1445 1538 multos
1466 1499 1560 1550 alios
1581 1499 1703 1537 multa
1719 1505 1760 1537 et

301 1565 442 1602 acerba
459 1576 664 1615 perpessos
685 1563 909 1609 ostenderit,
937 1575 1006 1600 vos
1026 1562 1258 1613 aequioribus
1290 1561 1426 1600 animis
1446 1561 1569 1600 factas
1589 1560 1679 1598 mihi
1699 1560 1757 1597 in-

298 1626 419 1676 jurias
437 1626 548 1663 laturi
569 1625 664 1663 sitis.
712 1624 810 1662 Mihi
828 1637 932 1670 vero,
959 1623 1231 1669 Athenienses,
1258 1623 1493 1674 contrarium
1516 1622 1604 1672 jure
1628 1621 1757 1673 potius

305 1686 524 1724 faciendum
554 1686 717 1731 videtur,
745 1686 913 1737 siquam
939 1685 1056 1723 modo
1084 1684 1252 1736 publicae
1271 1685 1445 1723 utilitatis
1475 1684 1660 1722 rationem
1689 1682 1762 1720 ha-

302 1748 392 1786 bere
408 1748 595 1786 debeatis.
626 1747 723 1791 Quis
739 1748 840 1786 enim
854 1754 1025 1785 vestrum
1043 1747 1209 1798 ignorat,
1223 1753 1267 1784 ut
1278 1746 1501 1798 hujusmodi
1517 1745 1639 1783 multa
1651 1745 1759 1791 fiant,

304 1809 570 1861 impunitatem
591 1809 626 1847 in
646 1822 765 1848 causa
783 1822 884 1855 esse,
900 1815 945 1847 ut
962 1821 1053 1847 vero
1073 1808 1256 1860 deinceps
1275 1821 1388 1847 nemo
1408 1807 1627 1859 petulanter
1646 1819 1759 1858 agere

307 1872 421 1916 ausit,
441 1871 479 1908 id
498 1871 570 1909 hac
591 1870 675 1908 sola
700 1871 848 1908 ratione
873 1883 987 1921 posse
1012 1870 1157 1920 perfici,
1191 1869 1222 1906 si
1251 1869 1469 1919 quicunque
1497 1867 1759 1918 deprehensus

305 1931 432 1976 suerit,
455 1931 629 1969 meritum
656 1931 885 1982 supplicium
903 1930 1012 1967 luat?
1043 1930 1083 1967 Si
1103 1930 1218 1980 igitur
1236 1930 1331 1967 alios
1351 1930 1399 1967 ab
1429 1927 1647 1977 hujusmodi
1666 1927 1761 1966 faci-

307 1993 464 2030 noribus
485 1993 665 2030 deterreri
691 1991 857 2043 expedit,
878 2004 925 2029 ea
950 2004 1105 2042 quoque
1134 1991 1185 2029 de
1204 2003 1322 2029 causa
1345 1991 1416 2028 iste
1437 1989 1654 2041 puniendus
1675 1996 1758 2033 est;

305 2067 429 2104 eoque
448 2054 582 2104 magis,
603 2066 679 2104 quo
706 2053 819 2104 plura
837 2053 920 2104 ejus
949 2060 987 2090 et
1005 2052 1195 2090 atrociora
1213 2052 1387 2090 facinora
1415 2058 1580 2090 exstant.
1624 2051 1691 2089 Sin
1711 2050 1760 2089 ad

305 2116 498 2154 licentiam
528 2116 735 2166 aperienda
763 2115 935 2154 fenestra
953 2121 1025 2162 est,
1046 2122 1085 2152 et
1109 2114 1179 2152 iste
1199 2120 1237 2152 et
1257 2114 1319 2151 alii
1349 2120 1440 2152 sunt
1459 2113 1613 2164 impune
1634 2112 1761 2151 dimit-

307 2177 426 2216 tendi.
466 2178 554 2215 Jam
574 2189 649 2214 non
671 2176 832 2214 similem
851 2176 990 2215 habere
1010 2176 1136 2222 istum,
1166 2183 1205 2214 et
1232 2175 1341 2221 alios,
1360 2175 1612 2226 impetrandae
1639 2174 1760 2213 veniae

308 2252 464 2277 causam
485 2238 737 2276 inveniemus.
768 2238 868 2276 Nam
888 2238 1051 2289 primum
1071 2238 1117 2283 is,
1137 2237 1202 2288 qui
1223 2237 1416 2275 sexvirum
1435 2235 1662 2279 verberavit,
1682 2241 1759 2273 tres

308 2300 444 2338 habuit
473 2299 752 2346 excusationes,
781 2300 1018 2345 ebrictatem,
1046 2312 1227 2342 amorem,
1260 2297 1527 2349 ignorantiam,
1559 2302 1763 2347 propterea

310 2362 414 2412 quod
433 2368 549 2399 noctu
568 2367 607 2399 et
626 2361 661 2398 in
683 2361 851 2399 tenebris
872 2373 931 2398 res
953 2366 1066 2411 gesta
1084 2367 1155 2398 est.
1198 2359 1351 2397 Deinde
1379 2357 1581 2409 Polyzelus
1601 2357 1667 2395 ille
1687 2358 1777 2396 ira--

312 2424 454 2461 cundia
468 2424 658 2473 insitaquc
675 2435 819 2460 morum
831 2422 1087 2467 vehementia,
1103 2422 1153 2460 ad
1166 2429 1316 2472 tempus
1325 2420 1506 2465 deliram,
1516 2433 1583 2471 per
1595 2433 1761 2459 errorem

311 2485 467 2536 plagam
487 2483 632 2521 inflixit.
668 2484 802 2534 Neque
822 2483 920 2521 enirn
940 2483 1060 2521 hostis
1080 2483 1218 2528 fuerat,
1238 2495 1361 2532 neque
1381 2481 1624 2520 contumeliae
1644 2495 1765 2520 causa

310 2547 466 2585 fecerat.
501 2545 634 2582 Midioe
656 2559 745 2583 vcro
766 2544 859 2582 nihil
879 2544 1014 2582 horum
1042 2551 1102 2582 est
1121 2545 1226 2595 quod
1247 2544 1363 2582 dicat.
1410 2544 1509 2581 Nam
1529 2550 1568 2581 et
1586 2543 1764 2582 inimicus

313 2608 404 2646 mihi
418 2607 502 2650 fuit,
523 2612 562 2644 et
579 2606 757 2651 interdiu,
778 2606 917 2651 sciens,
938 2605 1210 2644 contumeliam
1230 2605 1343 2643 fecit:
1374 2618 1444 2643 nec
1461 2618 1510 2643 ex
1529 2604 1603 2643 hoc
1622 2605 1761 2651 solum,

313 2668 382 2707 sed
402 2682 451 2707 ex
473 2667 649 2705 omnibus
671 2668 784 2704 rebus
801 2674 970 2718 apparet,
993 2667 1045 2704 illi
1064 2666 1181 2704 fuisse
1200 2666 1438 2717 propositum
1457 2666 1548 2704 mihi
1568 2666 1763 2705 insultare.

314 2731 404 2769 Jam
423 2743 493 2767 nec
514 2729 636 2766 simile
655 2728 860 2779 quicquam
882 2730 928 2766 ab
954 2729 1028 2766 illis
1049 2734 1087 2766 et
1106 2741 1128 2765 a
1147 2741 1207 2766 me
1227 2728 1371 2766 sactum
1391 2741 1474 2766 esse
1493 2727 1615 2765 video.
1660 2726 1763 2766 Nam

316 2792 505 2829 sexvirum
526 2790 645 2836 illurn,
667 2803 739 2827 nce
758 2789 884 2834 vostri,
906 2795 977 2827 nee
1005 2789 1132 2839 legum
1152 2790 1339 2828 rationem
1361 2790 1555 2835 habuisse,
1585 2795 1651 2826 aut
1676 2801 1762 2839 gra-

316 2853 412 2890 viter
439 2852 575 2890 tulisse
602 2858 777 2894 constat;
810 2850 877 2889 sed
904 2851 1076 2901 privatim
1109 2850 1255 2901 argenti
1282 2863 1431 2889 summa
1462 2849 1593 2888 nescio
1623 2856 1766 2900 quanta

317 2913 530 2958 ‹lc-linitum,
553 2915 600 2951 ab
622 2914 774 2952 actione
792 2912 1000 2951 destitisse.
1031 2911 1184 2950 Deinde
1205 2912 1236 2949 is
1255 2912 1319 2964 qui
1340 2925 1361 2950 a
1382 2910 1563 2962 Polyzelo
1588 2911 1763 2952 verbera-
