1923 3149
545 126 898 165 OLYN'I'HIACA
929 126 983 163 111
1008 126 1071 176 (l).
1515 125 1564 160 423

101 237 235 274 tarem,
251 235 290 266 et
310 241 424 267 unam
445 242 528 268 esse
548 230 736 269 rationem
757 229 920 268 eandem
945 235 984 266 et
999 226 1215 278 accipiendi
1233 234 1271 264 et
1289 226 1455 264 faciendi
1474 238 1561 276 quae

97 297 292 341 oporteat:
313 304 381 328 vos
396 297 522 329 autem
537 292 590 330 ita
604 298 761 337 temere,
778 303 868 329 cum
882 303 942 328 res
957 289 1081 327 nullas
1102 288 1258 339 geratis,
1275 288 1480 338 pecuniam
1497 300 1560 325 ac—

97 351 222 402 cipitis
241 352 291 389 ad
311 352 412 390 festa
433 352 679 393 celebranda.
710 352 915 403 Reliquum
932 351 1046 402 igitur
1061 350 1101 388 id
1115 356 1186 395 est,
1201 349 1361 393 scilicet,
1375 356 1415 386 ut
1427 361 1561 386 omnes

97 414 271 451 tributum
290 414 504 465 conferant,
536 415 567 453 si
588 415 719 452 multis
738 427 837 465 opus
858 414 942 460 erit,
964 413 1141 457 multum,
1165 411 1223 448 sin
1242 410 1390 461 paucis,
1410 423 1561 461 parum.

98 475 208 526 Opus
235 484 361 514 autem
381 477 519 514 omnino
542 483 601 515 est
626 477 813 528 pecuniis,
842 489 914 514 nec
935 475 1017 514 sine
1037 476 1097 513 his
1116 474 1321 525 quicquam
1342 479 1472 523 potest
1489 472 1559 509 rite

95 536 365 576 administrari.
434 538 613 576 Indicant
631 539 746 576 etiarn
774 538 869 576 alias
896 537 959 575 alii
985 535 1257 587 comparandae
1276 533 1450 585 pecuniae
1469 533 1558 570 rati-

96 611 204 646 ones,
230 613 251 636 e
271 599 411 649 quibus
441 612 526 637 eam
547 613 614 638 vos
635 599 801 650 eligetis,
821 611 908 650 quae
929 598 1093 635 maxime
1112 596 1329 634 conducere
1352 594 1556 632 videbitur:

94 666 134 697 et
151 672 277 697 rerum
296 673 442 706 curam,
463 660 554 697 dum
576 661 728 699 occasio
749 659 873 707 adest,
894 659 1088 710 suscipite.

148 722 186 757 9.
216 720 319 758 Illud
340 721 454 759 etiam
476 728 535 760 est
552 735 679 773 operae
694 722 856 773 pretium
872 721 1043 772 cogitare
1059 727 1099 759 et
1113 726 1304 770 reputare,
1326 731 1402 770 quo
1420 717 1458 755 in
1474 717 1560 755 loco

93 794 197 820 nunc
229 783 306 821 sint
330 795 389 820 res
418 783 598 835 Philippi.
656 783 795 834 Neque
820 783 921 821 enim
947 783 1048 826 istae,
1070 788 1113 819 ut
1131 780 1281 818 videtur
1301 787 1341 818 et
1359 779 1465 817 dicat
1483 779 1560 817 for-

92 849 198 882 tasse
229 844 368 895 aliquis
404 846 469 896 qui
493 846 737 897 negligenter
762 858 841 883 rem
868 843 1078 895 expendat,
1105 848 1259 893 compte
1284 841 1559 893 pulcherrime-

91 918 166 956 que
186 918 271 943 sese
290 920 395 946 nunc
413 908 577 945 habent:
608 919 734 958 neque
753 906 947 944 intulisset
974 905 1038 942 ille
1058 905 1132 942 hoc
1150 903 1296 942 bellum
1315 915 1504 952 unquam,
1526 901 1558 939 si

93 967 307 1017 gerendum
325 968 407 1006 fore
427 968 657 1014 censuisset,
677 980 767 1005 nam
788 975 870 1005 tum
890 967 1013 1018 primo
1035 965 1162 1004 statim
1178 964 1321 1015 impetu
1339 977 1380 1001 se
1403 976 1557 1001 omnem

91 1039 172 1065 rem
191 1029 457 1067 confecturum
484 1029 675 1079 sperabat,
705 1041 819 1079 quam
841 1041 949 1078 spem
970 1027 1108 1065 falsam
1127 1025 1276 1064 habuit.
1334 1025 1422 1062 Hoc
1442 1024 1558 1074 igitur

90 1088 256 1139 primum
286 1090 394 1127 illurn
418 1091 560 1135 turbat,
580 1103 666 1128 cum
687 1096 824 1140 praeter
845 1086 1171 1139 exspectationem
1200 1087 1383 1133 evenerit,
1413 1094 1453 1124 et
1478 1099 1558 1124 ma-

91 1163 208 1201 gnam
220 1151 274 1189 illi
288 1158 415 1189 movet
435 1151 703 1202 aegritudinem
720 1164 729 1189 :
760 1150 901 1188 deinde
916 1163 975 1187 res
989 1150 1104 1188 etiam
1121 1149 1414 1187 Thessalorum.
1456 1148 1558 1185 Nam

90 1211 151 1249 hae
190 1213 345 1264 quidem
371 1221 511 1251 natura
535 1213 712 1251 nimirum
739 1219 778 1250 et
804 1225 956 1263 semper
978 1210 1153 1249 omnibus
1185 1217 1294 1248 erant
1330 1209 1557 1247 mortalibus

89 1272 232 1322 infidae,
253 1275 388 1326 quales
409 1282 536 1313 autem
558 1275 728 1320 fuerunt,
747 1273 845 1311 tales
865 1286 932 1311 eas
959 1285 1063 1310 nunc
1084 1278 1123 1309 et
1141 1270 1205 1308 ille
1226 1284 1314 1308 cum
1335 1270 1465 1321 primis
1486 1283 1554 1308 ex-

89 1336 247 1385 peritur.
319 1337 586 1375 Deereverunt
614 1336 716 1374 enim
747 1335 910 1372 Thessali
934 1333 1108 1385 Pagasas
1134 1334 1182 1371 ab
1210 1346 1256 1371 eo
1282 1345 1487 1383 reposcere
1518 1338 1557 1370 et

90 1395 333 1448 Magnesiam
365 1398 503 1435 muniri
522 1403 740 1442 vetuerunt,
773 1402 963 1447 praeterea
997 1394 1188 1444 quosdam
1220 1393 1350 1431 audivi
1382 1406 1456 1444 ego
1489 1393 1554 1444 qui

90 1458 264 1497 dicerent
288 1473 365 1497 non
390 1459 664 1498 commissuros
691 1458 867 1510 amplius,
895 1463 936 1495 ut
964 1457 1027 1494 ille
1047 1455 1225 1508 portoriis
1247 1456 1417 1506 ipsorum
1437 1461 1477 1494 et
1492 1468 1556 1493 ve-

90 1521 294 1572 ctigalibus
320 1522 558 1573 perfruatur:
588 1534 794 1560 commune
814 1519 955 1558 etenim
975 1518 1245 1557 Thessalorum
1265 1517 1355 1555 inde
1376 1514 1565 1568 oportere

90 1583 310 1629 sustentari,
336 1596 414 1620 non
443 1596 490 1621 ea
517 1582 736 1633 Philippum
766 1581 1007 1632 intercipere.
1067 1580 1184 1623 Quod
1218 1579 1249 1617 si
1274 1579 1349 1616 hac
1382 1578 1554 1630 privatus

89 1643 206 1682 fuerit
233 1645 410 1696 pecunia,
435 1644 473 1682 in
499 1650 646 1682 arctum
676 1643 885 1681 admodum
917 1643 950 1680 ei
978 1642 1172 1693 stipendia
1202 1640 1396 1692 peregrini
1426 1640 1556 1678 militis

90 1705 325 1756 redigentur.
381 1706 472 1744 Jam
495 1706 675 1744 Paeonem
696 1712 735 1743 et
760 1705 944 1756 Illyrium,
962 1710 1120 1742 caeteros
1140 1702 1303 1752 denique
1323 1714 1469 1748 omnes,
1488 1715 1555 1739 ex-

88 1767 332 1805 istimandum
353 1774 413 1806 est
432 1767 490 1805 sui
506 1767 603 1818 juris
624 1773 664 1804 et
682 1766 822 1804 liberos
842 1778 959 1815 quarn
981 1777 1112 1802 servos
1133 1777 1220 1802 esse
1239 1763 1379 1800 malle:
1410 1762 1551 1800 insueti

86 1828 189 1865 enim
208 1835 299 1867 sunt
317 1829 495 1879 cuiquam
514 1841 662 1879 parere,
685 1833 724 1865 et
748 1826 864 1864 homo
893 1825 966 1863 iste
996 1825 1237 1876 importunus
1260 1831 1333 1871 est,
1353 1830 1397 1862 ut
1429 1825 1552 1862 aiunt.

85 1888 222 1940 Neque
241 1890 413 1941 profecto
429 1890 469 1927 id
483 1888 706 1927 incredibile
724 1888 900 1927 fortassis
920 1893 1000 1925 est:
1031 1887 1220 1924 immerita
1240 1886 1340 1924 enim
1359 1869 1551 1937 prospeli-

83 1957 143 1989 tas
176 1951 302 1990 stultis
326 1951 570 1990 occasionem
596 1952 746 2002 praebet
778 1963 801 1987 a
827 1949 987 1987 consilio
1013 1948 1254 1995 discedendi,
1291 1961 1409 1999 quare
1446 1960 1552 1998 saepe

84 2012 233 2051 videtur
266 2019 377 2064 parta
404 1994 502 2051 trieri
527 2013 633 2050 bona
655 2024 741 2050 esse
772 2011 980 2056 difficilius,
1013 2023 1130 2061 quarn
1163 2023 1314 2062 parare.
1383 2009 1550 2061 Oportet

81 2073 198 2125 igitur
227 2087 312 2122 VOS,
339 2074 607 2120 Athenienses,
647 2073 909 2124 importunum
946 2071 1000 2109 illi
1030 2079 1183 2123 tempus
1217 2072 1327 2110 vobis
1364 2077 1547 2122 opportu-

83 2148 177 2172 num
196 2135 474 2182 existimantes,
496 2142 651 2173 strenue
675 2135 789 2172 rebus
811 2134 1028 2179 subvenire,
1046 2133 1173 2171 missis
1201 2147 1277 2184 quo
1304 2133 1418 2171 fuerit
1447 2145 1545 2182 opus

79 2196 219 2247 legatis
250 2204 290 2235 et
305 2203 455 2236 vosmet
473 2197 579 2249 ipsos
598 2196 759 2234 militare
781 2201 820 2234 et
835 2195 930 2233 alios
952 2209 1087 2233 omnes
1114 2195 1320 2241 concitare,
1350 2195 1425 2233 hoc
1449 2207 1545 2244 prce-

78 2259 203 2296 sertim
223 2266 460 2311 reputantes,
479 2259 510 2297 si
528 2258 644 2297 talem
663 2264 798 2296 contra
814 2270 886 2295 nos
907 2257 1110 2309 Philippus
1124 2264 1273 2296 teneret
1298 2257 1543 2295 occasionem

80 2327 120 2360 et
138 2321 284 2359 bellurn
303 2335 423 2373 prope
443 2327 597 2359 nostros
618 2321 714 2358 fines
734 2319 908 2365 oriretur,
931 2331 1044 2371 quarn
1064 2319 1205 2371 cupide
1223 2319 1370 2370 putatis
1392 2331 1479 2356 eum
1504 2319 1541 2355 in

80 2397 150 2422 nos
169 2382 415 2421 invasurum?
443 2383 495 2420 Et
512 2395 640 2421 nonne
659 2381 806 2433 pudeat
819 2394 902 2427 vos,
923 2381 955 2418 si
974 2393 1048 2419 nec
1067 2393 1114 2419 ea
1129 2394 1217 2432 quae
1236 2380 1309 2431 ipsi
1335 2380 1545 2419 sustinere-

80 2445 145 2493 tis,
166 2446 197 2483 si
211 2453 344 2496 posset
357 2445 421 2484 ille
441 2445 590 2496 infirre,
611 2444 704 2482 data
723 2443 927 2482 occasione
946 2443 1073 2481 facere
1090 2441 1294 2480 audeatis?

134 2509 195 2546 10.
226 2507 418 2545 Praeterea
436 2521 483 2546 ne
509 2507 584 2546 hoc
601 2505 757 2557 quidem
776 2518 846 2543 vos
872 2505 1011 2556 fuglat,
1028 2505 1297 2550 Athenienses,
1317 2517 1421 2542 nunc
1443 2503 1542 2554 opti-

77 2583 192 2608 onem
225 2569 305 2606 dari
324 2569 447 2615 vobis,
466 2575 595 2606 utrum
624 2580 692 2605 vos
719 2567 799 2605 illic
829 2573 1007 2617 oporteat
1024 2566 1170 2604 bellurn
1199 2578 1346 2617 gerere,
1366 2579 1415 2603 an
1438 2564 1543 2615 apud

77 2645 147 2669 vos
168 2629 303 2668 illum?
323 2630 363 2667 Si
382 2631 483 2668 enirn
499 2630 772 2680 Olynthiorum
794 2642 884 2679 opes
904 2629 1119 2666 manserint
1132 2629 1360 2673 incolumes,
1380 2640 1447 2665 vos
1468 2626 1546 2664 illic

77 2698 314 2744 pugnantes,
351 2704 441 2729 cum
471 2691 573 2729 illius
606 2704 770 2741 regnum
803 2690 1017 2736 vastabitis,
1049 2696 1132 2727 tum
1147 2703 1281 2728 secure
1313 2689 1386 2726 hac
1416 2695 1542 2726 vestra

77 2760 182 2792 terra
199 2752 395 2791 fruemini:
427 2752 484 2789 sin
504 2752 570 2790 illa
585 2752 790 2803 Philippus
809 2751 1018 2803 occuparit,
1039 2752 1125 2802 quis
1153 2764 1240 2789 eum
1261 2763 1371 2801 porro
1389 2749 1465 2787 huc
1487 2749 1541 2786 ire

76 2814 318 2866 prohibebit?
347 2813 543 2851 Thebani?
572 2826 620 2851 ne
640 2813 689 2851 sit
707 2813 813 2851 dictu
828 2813 987 2851 nimium
1014 2827 1146 2864 grave,
1164 2826 1243 2850 una
1261 2812 1376 2849 etiam
1406 2811 1540 2848 irrum-

79 2884 170 2929 pent
189 2876 380 2929 expcdite.
440 2876 501 2913 An
522 2875 776 2914 Phocenses?
806 2874 870 2925 qui
897 2888 945 2914 ne
971 2888 1042 2914 sua
1068 2874 1223 2925 quidem
1248 2879 1411 2925 possunt
1431 2871 1541 2918 tueri,
