1923 3149
322 156 394 194 116
787 153 1006 194 LITERAE
1036 153 1291 193 PHILIPPI.

318 257 399 293 lum
422 256 597 308 pecuniae
623 256 793 309 dilargiri
808 258 934 306 velim,
959 272 1090 297 eorum
1113 268 1357 310 compescere
1384 255 1703 303 maledicentiam,
1719 252 1771 294 ⁷et

319 318 471 357 efficere
499 326 543 357 ut
573 331 645 357 nos
673 318 851 358 laudibus
883 320 1099 359 eveherent.
1149 320 1228 358 Sed
1246 332 1308 357 me
1337 318 1500 370 puderet
1516 325 1682 355 vestram
1700 317 1768 355 be-

318 379 577 417 nevolentiam
606 380 653 417 ab
677 379 759 418 istis
790 381 963 427 mercari,
992 381 1056 431 qui
1083 387 1222 432 praeter
1249 386 1390 418 caetera
1425 385 1505 416 tam
1529 378 1768 416 confidentes

320 445 423 485 sunt,
445 440 582 491 utjam
611 440 660 478 de
685 441 907 492 Amphipoli
931 455 1083 480 movere
1104 442 1214 480 nobis
1234 439 1532 478 controversiam
1560 453 1638 477 non
1658 438 1770 476 dubi-

317 507 416 548 tent,
435 514 504 553 pro
523 515 600 552 qua
619 515 692 553 ego
713 516 772 541 me
792 510 886 554 puto
905 503 1019 554 longe
1044 503 1238 541 dicturum
1257 501 1438 552 aequiora,
1458 513 1574 550 quam
1593 501 1684 538 istos
1704 501 1771 551 qui

316 562 421 600 illam
438 563 508 601 sibi
527 563 758 602 vendicant:
790 565 868 603 sive
887 565 987 603 enim
1003 577 1132 602 eorum
1153 565 1214 611 sit,
1234 563 1298 613 qui
1318 563 1427 614 primi
1447 561 1680 607 devicerunt,
1702 575 1770 599 an—

317 635 396 661 non
410 623 498 674 jure
518 637 588 662 nos
609 624 713 662 illam
741 624 940 672 habemus,
966 638 1054 663 cum
1075 624 1294 663 Alexander
1314 636 1408 662 avus
1437 630 1567 661 noster
1586 622 1771 675 oppidum

318 682 415 721 illud
435 684 580 735 primus
602 686 829 737 occuparit?
857 687 961 726 unde
986 688 1101 726 etiam
1132 687 1180 725 de
1201 686 1374 738 primitiis
1400 692 1602 737 captorum
1632 685 1771 723 Medo-

318 758 418 792 rum,
447 745 610 796 Delphis
631 760 784 785 auream
812 754 978 786 statuam
1010 748 1227 787 dedicavit:
1260 747 1338 785 sive
1364 746 1439 785 hoc.
1468 746 1604 796 aliquis
1633 747 1671 783 in
1700 745 1772 783 du-

319 806 428 844 bium
448 814 573 854 vocat,
593 814 632 846 et
651 821 784 846 eorum
803 809 882 847 fieri
902 817 1039 848 censet
1056 810 1120 861 qui
1135 809 1319 861 postremi
1339 809 1546 860 potiantur,
1564 808 1638 845 hoc
1657 807 1773 845 etiam

315 867 382 917 jus
400 880 521 919 penes
541 881 602 906 me
622 876 704 914 est3
736 871 966 922 expugnatis
987 872 1087 910 enim
1105 871 1180 909 illis
1200 871 1265 922 qui
1282 883 1350 908 vos
1372 870 1575 922 ejecerant,
1601 876 1640 907 et
1658 882 1681 907 a
1699 869 1772 907 La-

319 928 565 967 cedaemoniis
579 930 628 968 ibi
648 932 825 971 collocati
844 933 1008 978 fucrant,
1031 933 1213 984 oppidum
1231 932 1330 983 cepi.
1360 932 1479 981 Atqui
1499 944 1632 969 omncs
1652 932 1691 969 in
1709 945 1773 968 ur-

316 989 431 1027 bibus
450 990 682 1039 habitamus,
705 994 766 1032 vel
787 1007 809 1031 a
828 995 1034 1045 majoribus
1055 994 1241 1045 acceptis,
1258 993 1320 1031 vel
1337 992 1439 1030 bello
1459 992 1641 1030 subactis.
1689 992 1771 1030 Vos

320 1058 461 1099 autem,
489 1053 554 1103 qui
577 1067 701 1104 neque
730 1055 838 1106 primi
866 1056 974 1106 potiti
993 1055 1101 1101 estis,
1123 1069 1247 1106 neque
1266 1067 1369 1092 nunc
1387 1054 1582 1099 obtinetis,
1603 1054 1672 1092 sed
1700 1053 1771 1092 mi-

318 1112 465 1150 nimum
484 1119 637 1165 tempus
666 1115 795 1153 inillis
822 1116 915 1154 locis
946 1116 1189 1163 consedistis,
1215 1117 1350 1153 urbem
1379 1128 1464 1153 eam
1488 1122 1654 1153 vestram
1685 1128 1773 1154 esse

319 1175 566 1222 contenditis,
585 1175 716 1226 idque,
737 1190 825 1215 cum
840 1177 912 1228 ipsi
931 1179 1034 1216 urbis
1050 1177 1333 1230 possessionem
1352 1176 1463 1214 nobis
1483 1176 1772 1215 evidentissimo

318 1235 538 1273 testimonio
552 1237 880 1276 confirmaveritis:
910 1252 1014 1291 saepe
1030 1240 1130 1278 enim
1148 1239 1184 1276 in
1201 1238 1316 1276 literis
1328 1252 1389 1276 me
1409 1238 1456 1276 de
1476 1251 1522 1276 ea
1539 1239 1775 1294 mentionem

318 1295 496 1343 faciente,
523 1297 726 1336 censuistis
747 1312 830 1336 eam
841 1300 948 1350 juste
977 1314 1000 1338 a
1028 1314 1090 1338 me
1109 1300 1243 1348 teneri,
1264 1313 1352 1338 cum
1372 1313 1505 1351 pacem
1524 1299 1685 1347 fecistis,
1711 1313 1774 1338 me

318 1357 453 1394 urbem
467 1356 570 1395 illam
583 1365 622 1396 et
637 1358 858 1397 societatem
878 1361 1017 1399 deinde
1030 1368 1197 1399 vestram
1213 1361 1348 1399 eadem
1367 1361 1545 1412 pactione
1561 1362 1774 1400 obtinente.

320 1417 420 1461 Quae
444 1418 560 1468 igitur
578 1420 771 1469 possessio
791 1421 935 1459 firmior
953 1422 1033 1460 fieri
1054 1430 1170 1473 queat
1186 1423 1276 1468 hac,
1302 1436 1389 1473 quae
1408 1423 1572 1473 primum
1601 1436 1625 1461 a
1652 1423 1774 1474 majo-

318 1479 424 1517 ribus
442 1480 553 1518 nobis
572 1480 718 1526 relicta,
739 1481 878 1520 deinde
893 1483 979 1533 jure
997 1483 1089 1520 belli
1108 1483 1235 1520 denuo
1255 1491 1385 1521 nostra
1402 1485 1517 1530 facta,
1536 1491 1730 1534 postremo
1751 1498 1774 1523 a

318 1541 428 1579 vobis
448 1554 636 1580 concessa
654 1549 715 1580 est
740 1543 805 1594 qui
824 1544 1027 1582 vendicare
1047 1544 1154 1582 vobis
1175 1544 1305 1582 soletis
1333 1544 1448 1582 etiam
1466 1557 1525 1592 ea,
1546 1558 1633 1596 quae
1660 1546 1774 1597 plane

320 1603 372 1641 ad
392 1616 460 1641 vos
480 1603 576 1641 nihil
597 1604 791 1642 attinent?

376 1665 413 1702 8.
444 1664 543 1708 Quae
571 1665 687 1715 igitur
704 1666 743 1703 in
760 1666 870 1704 vobis
892 1678 1085 1714 accusem,
1104 1666 1190 1705 haec
1209 1673 1319 1705 sunt:
1349 1673 1388 1705 et
1403 1667 1493 1718 quia
1511 1678 1578 1704 vos
1598 1674 1774 1707 auctores

320 1725 412 1763 estis
431 1725 668 1776 injuriarum,
685 1734 724 1764 et
737 1734 892 1778 propter
911 1728 1225 1779 circumspectam
1246 1741 1371 1766 meam
1391 1728 1630 1766 timiditatem
1649 1730 1774 1780 magis

313 1787 398 1837 jam
431 1789 546 1826 rebus
574 1788 668 1826 meis
697 1789 826 1827 infesti
849 1790 1069 1836 imminetis,
1097 1796 1136 1828 et
1165 1797 1353 1841 quantum
1381 1790 1420 1827 in
1440 1790 1548 1828 vobis
1575 1797 1634 1828 est
1660 1791 1771 1829 nobis

322 1848 565 1894 malefacitis‚
581 1851 667 1900 jure
679 1851 823 1901 optimo
836 1864 903 1889 vos
917 1851 1082 1890 ulciscar
1095 1865 1105 1896 ;
1127 1851 1276 1901 diisque
1289 1852 1450 1890 testibus
1463 1852 1665 1898 invocatis,
1679 1864 1771 1891 con-

323 1909 449 1948 silium
468 1911 585 1959 inibo,
605 1912 699 1963 quid
719 1912 768 1951 sit
785 1913 824 1951 in
843 1914 958 1952 rebus
976 1913 1113 1953 vestris
1133 1913 1358 1964 gerendum.
