1923 3149
422 200 492 236 DE
524 199 863 239 RHODIORUM
901 200 1209 237 LIBERTA'I'E.
1471 199 1540 235 143

91 303 230 341 dedere
252 303 356 352 leges
378 309 454 340 tam
483 304 638 341 infirmis
668 317 781 354 quam
813 303 1045 353 potentibus,
1073 303 1252 339 Graecum
1274 309 1400 339 autem
1416 302 1481 352 jus
1500 300 1539 338 hi

90 364 155 414 qui
174 377 297 401 rerum
318 364 514 414 potiuntur
529 365 838 404 imbecillioribus
855 364 1150 414 interpretantur
1164 370 1202 400 et
1221 362 1420 400 definiunt.
1442 363 1541 400 Cum

89 425 204 475 igitur
220 425 327 463 vobis
356 433 395 464 et
413 425 620 464 decernere
643 439 730 476 quae
744 426 852 476 justa
872 430 961 462 sunt
979 430 1017 461 et
1036 430 1219 474 praestare
1239 423 1462 460 mandatum
1481 423 1541 469 sit,

89 485 366 525 elaborandum
394 496 467 534 est,
493 488 530 525 in
554 494 680 525 vestra
710 493 898 538 potestate
927 492 971 523 ut
999 486 1060 532 sit,
1090 486 1224 523 eadem
1247 486 1360 523 etiam
1384 485 1543 522 admini-

89 557 207 589 strare
222 558 336 602 atque
350 551 517 602 exsequi.
558 551 673 593 Quod
693 557 773 588 tum
792 550 870 597 fiet,
884 551 915 588 si
934 563 1001 588 vos
1017 560 1240 587 communes
1256 548 1441 586 libertatis
1457 561 1539 585 om-

88 612 193 649 nium
214 626 298 651 esse
318 613 490 650 vindices
510 612 774 650 existimarint.

145 676 204 711 14.
236 675 369 725 Neque
389 687 478 712 vero
497 673 632 711 mirum
659 673 748 710 mihi
768 672 932 718 videtur,
958 673 1084 710 officio
1111 672 1218 723 fungi
1239 671 1346 709 vobis
1372 670 1542 708 omnium

88 747 174 772 esse
194 734 471 772 difficillimum.
523 734 625 772 Nam
655 734 804 772 caeteris
831 733 1048 771 hominibus
1072 733 1256 771 universis
1285 746 1401 769 unum
1422 740 1541 770 certa-

87 809 175 833 men
195 803 254 834 est
272 809 357 834 cum
378 796 554 834 hostibus
574 796 801 842 manifestis,
823 809 919 846 quos
940 796 1003 833 ubi
1024 795 1196 841 vicerint,
1224 795 1316 831 nihil
1338 796 1391 832 eis
1413 795 1544 832 obstat

86 870 163 907 quo
179 857 302 895 minus
323 871 455 896 secure
475 858 595 909 partis
616 858 727 896 bonis
748 858 946 895 fruantur:
977 858 1082 895 vobis
1103 864 1245 902 autem,
1273 856 1544 902 Athenienses,

85 917 163 955 duo
181 931 190 961 ;
221 931 308 955 cum
329 918 401 956 hoc
421 920 524 969 quod
545 927 584 956 et
602 919 752 965 ceteris,
778 926 859 956 turn
878 932 967 955 vero
996 918 1147 956 accedit
1165 918 1326 955 alterum
1345 917 1419 955 hoc
1437 917 1541 967 prius

86 985 125 1016 et
143 979 280 1030 majus,
301 980 406 1031 quod
425 981 463 1017 in
482 980 819 1019 deliberationibus
850 980 1028 1017 vincendi
1056 986 1095 1018 et
1115 979 1154 1016 hi
1184 985 1288 1023 sunt,
1311 979 1376 1030 qui
1394 979 1541 1029 reipub.

87 1040 278 1078 adversari
308 1042 523 1079 commodis
545 1042 648 1093 apud
666 1055 734 1079 vos
764 1041 1028 1079 decreverunt.
1090 1041 1190 1079 Cum
1219 1040 1333 1091 igitur
1351 1053 1418 1091 per
1447 1040 1541 1078 istos

87 1101 180 1139 nihil
211 1103 357 1153 absque
381 1116 523 1154 magno
544 1104 674 1141 labore
703 1103 841 1141 confici
863 1103 932 1139 rite
952 1102 1084 1153 possit,
1111 1103 1164 1148 fit,
1187 1103 1290 1153 quod
1310 1102 1447 1138 mirum
1466 1114 1542 1139 non

87 1171 161 1210 est,
181 1170 223 1201 ut
241 1165 370 1203 multis
391 1165 429 1203 in
446 1166 560 1203 rebus
580 1166 713 1204 erretis
733 1172 773 1203 et
790 1165 1035 1203 frustremini.
1075 1165 1202 1215 Atque
1221 1171 1264 1202 ut
1282 1163 1391 1201 multi
1409 1176 1542 1202 secure

86 1226 156 1263 has
176 1224 212 1261 in
233 1227 364 1276 repub.
384 1234 511 1277 partes
532 1227 758 1278 suscipiant,
787 1227 824 1263 in
845 1240 966 1264 causa
986 1227 1151 1264 fortasse
1169 1227 1414 1277 potissimum
1439 1232 1540 1270 sunt,

85 1300 170 1337 quae
199 1288 505 1337 apraebitoribus
528 1289 605 1326 suis
639 1289 847 1339 accipiunt,
877 1288 1148 1325 emolumenta.
1205 1288 1283 1325 Sed
1315 1294 1442 1324 tamen
1472 1299 1540 1324 vos

85 1348 198 1386 etiam
218 1348 522 1399 reprehendendi
537 1350 630 1388 estis
649 1363 658 1387 z
689 1349 855 1388 decebat
874 1350 975 1387 enim
989 1362 1073 1396 vos,
1089 1349 1361 1394 Athenienses,
1376 1348 1543 1386 eundem

86 1410 227 1449 habere
249 1410 415 1448 animum
435 1411 483 1449 de
503 1411 636 1449 ordine
654 1411 887 1462 reipublicae,
918 1423 1032 1461 quem
1058 1411 1106 1449 de
1134 1410 1267 1448 ordine
1295 1409 1448 1447 militari
1471 1409 1540 1447 ha-

83 1471 196 1510 betis.
228 1472 265 1509 Is
285 1472 401 1523 igitur
419 1473 504 1523 quis
524 1472 612 1511 est?
648 1473 728 1511 Vos
755 1472 992 1510 desertorem
1019 1472 1204 1523 assignati
1223 1485 1247 1509 a
1272 1471 1371 1509 duce
1398 1471 1541 1509 ordinis

86 1532 294 1583 ignominia
314 1534 529 1572 notandum
557 1534 724 1573 censetis
742 1539 781 1571 et
806 1546 830 1571 a
855 1534 989 1584 repub.
1009 1534 1231 1571 arcendum:
1275 1534 1402 1571 Decet
1427 1533 1541 1584 igitur

85 1607 151 1631 eos
170 1594 299 1641 etiam,
319 1596 385 1646 qui
399 1595 571 1633 ordinem
590 1596 629 1633 in
649 1596 783 1646 repub.
804 1594 985 1632 traditum
1012 1608 1036 1632 a
1054 1596 1263 1646 majoribus
1289 1595 1544 1632 deseruerunt

83 1656 211 1706 itaque
239 1670 280 1694 se
299 1663 436 1707 gerunt
465 1664 508 1694 ut
530 1657 714 1708 potentiae
738 1669 951 1707 paucorum
974 1656 1169 1702 studeant,
1198 1657 1344 1694 honore
1364 1656 1540 1693 dicendae

85 1718 189 1768 apud
207 1731 276 1757 vos
297 1720 498 1757 sententiae
517 1719 680 1770 privari:
702 1718 815 1756 'nunc
835 1718 974 1764 socios,
1001 1718 1066 1769 qui
1094 1732 1135 1756 se
1153 1718 1353 1757 vobiscum
1383 1718 1540 1756 eosdem

82 1786 121 1817 et
139 1780 280 1818 amicos
301 1787 340 1819 et
358 1781 489 1820 hostes
506 1781 705 1819 habituros
721 1781 914 1832 jurarunt,
933 1781 1320 1819 benevolentissimos
1343 1781 1538 1819 existima-

81 1840 150 1885 tis;
181 1842 428 1893 magistratus
451 1849 578 1881 autem
598 1856 693 1894 quos
712 1842 887 1880 hostibus
909 1841 1071 1881 civitatis
1092 1843 1268 1882 addictos
1292 1855 1377 1881 esse
1396 1842 1542 1894 liquido

83 1903 219 1949 nostis,
234 1917 300 1942 eos
320 1917 389 1956 pro
411 1904 641 1943 fidelissimis
660 1904 825 1942 habetis.

144 1967 203 2004 15.
235 1966 314 2004 Sed
332 1967 452 2018 quod,
480 1967 540 2004 vel
561 1967 599 2004 in
619 1966 692 2004 illis
719 1971 922 2004 accusetur
948 1965 1010 2003 vel
1038 1966 1075 2004 in
1106 1965 1254 2004 caeteris
1281 1964 1389 2003 vobis
1415 1977 1543 2015 repre-

84 2027 288 2075 hendatur,
309 2029 462 2068 difficile
486 2035 638 2080 repertu
668 2041 745 2066 non
772 2036 854 2066 est:
885 2028 1022 2078 quibus
1051 2035 1179 2066 autem
1209 2027 1446 2066 orationibus
1476 2034 1545 2064 aut

85 2089 222 2138 quibus
241 2091 458 2128 actionibus
478 2103 525 2128 ea
545 2104 631 2142 quae
650 2103 765 2141 prave
793 2102 897 2127 nunc
917 2090 1014 2127 fiunt
1041 2090 1292 2141 corrigantur,
1318 2089 1357 2126 id
1385 2089 1542 2126 demum

86 2158 238 2202 repertu
257 2160 317 2190 est
336 2152 505 2191 difficile.
546 2154 605 2191 Ac
630 2153 678 2190 de
698 2153 874 2191 omnibus
903 2152 1029 2191 dicere
1054 2166 1132 2190 non
1163 2159 1222 2190 est
1240 2152 1356 2202 hujus
1375 2150 1541 2187 fortasse

85 2214 278 2264 temporis.
326 2214 404 2252 Sed
423 2215 453 2252 si
474 2227 521 2252 ea
545 2227 632 2264 quae
651 2214 881 2261 instituistis,
908 2215 990 2253 utili
1016 2215 1194 2266 quapiam
1224 2214 1375 2252 actione
1401 2213 1543 2250 confir-

85 2285 189 2312 mare
203 2275 390 2325 poteritis,
411 2282 553 2313 caetera
567 2275 680 2313 etiam
696 2275 849 2326 singula
864 2289 905 2314 se
919 2277 1082 2314 fortasse
1097 2276 1233 2314 melius
1247 2275 1426 2314 habitura
1439 2280 1540 2313 sunt.

87 2335 174 2387 Ego
191 2337 305 2388 igitur
325 2350 467 2376 censeo
486 2337 622 2375 harum
652 2351 778 2376 rerum
801 2351 934 2376 curam
953 2351 1095 2388 magno
1123 2345 1163 2376 et
1191 2337 1386 2375 constanti
1414 2337 1542 2374 animo

87 2400 385 2450 suscipiendam,
416 2400 651 2451 easdemque
676 2413 745 2452 pro
773 2400 993 2452 reipublicae
1020 2400 1206 2452 dignitate
1235 2413 1258 2437 a
1284 2399 1392 2437 vobis
1421 2398 1541 2437 confi-

87 2459 260 2508 ciendas,
279 2462 585 2507 recordantibus,
601 2462 705 2512 quod
724 2462 889 2514 majores
907 2468 1056 2500 vestros
1076 2468 1115 2500 et
1131 2475 1260 2500 eorum
1278 2461 1466 2513 praeclara
1483 2460 1543 2498 fa-

88 2521 219 2560 cinora
240 2523 439 2575 praedicari
468 2531 582 2576 atque
612 2525 774 2576 Tropaea
803 2524 1017 2563 enumerari
1047 2537 1135 2562 cum
1155 2524 1354 2575 voluptate
1380 2522 1540 2561 auditis:

88 2582 221 2634 itaque
239 2585 420 2636 cogitate,
438 2586 676 2625 monimenta
702 2586 767 2624 illa
791 2593 919 2625 erecta
944 2599 1029 2625 esse
1055 2599 1079 2625 a
1097 2585 1305 2637 majoribus
1333 2598 1411 2623 non
1431 2590 1474 2622 ut
1498 2596 1545 2621 ea

89 2644 277 2684 miremini
296 2654 516 2698 spectantes
545 2648 746 2697 duntaxat,
772 2648 842 2687 sed
868 2655 912 2686 ut
939 2661 1071 2687 eorum
1101 2648 1168 2700 qui
1196 2661 1243 2687 ea
1271 2650 1544 2687 consecrarunt

89 2707 246 2748 virtutes
272 2708 480 2748 imitemini.
