1923 3149
508 178 734 217 CONTRA
763 178 1223 218 ARISTOGITONEM
1256 181 1308 218 II.
1572 185 1649 222 469

191 277 330 316 iisdem
350 280 476 318 verbis
495 293 562 318 vos
582 281 813 332 decepisset,
843 294 931 319 cum
963 281 1126 331 primum
1145 295 1234 320 reus
1268 289 1369 321 esset
1387 283 1528 322 factus.
1590 284 1650 322 Ne

195 339 250 377 sic
269 340 422 389 quidem
444 354 600 392 aequum
627 350 732 380 esset
749 349 887 380 contra
909 349 1084 393 receptas
1109 342 1214 393 leges
1246 343 1389 393 aliquid
1410 346 1443 382 ei
1463 345 1650 388 concedi;

190 412 315 450 neque
331 401 430 438 enim
451 403 482 439 si
497 403 724 452 quibusdam
741 403 884 441 violare
904 404 1008 452 leges
1024 403 1266 453 permittitur,
1284 405 1559 454 postulandum
1574 414 1647 452 est,

190 469 234 499 ut
249 475 297 498 ex
313 464 537 514 praescripto
553 463 681 514 legum
698 465 761 501 alii
778 477 818 501 se
835 471 996 514 gerant:
1027 463 1096 501 sed
1112 472 1241 502 tamen
1257 465 1322 501 illo
1337 472 1507 517 tempore
1524 467 1648 505 minus

192 525 402 562 absurdum
422 525 569 571 fuisset,
599 527 632 563 ei
652 525 766 563 fidem
787 526 942 570 habere,
976 532 1015 564 et
1045 526 1264 576 gratificari,
1290 535 1330 564 et
1355 528 1420 564 tali
1450 529 1579 579 aliqua
1611 531 1650 567 in

190 598 230 623 re
249 587 467 624 connivere.
513 587 616 628 Quia
634 600 725 624 vero
745 594 838 625 tunc
857 600 904 624 eo
934 586 1109 624 absoluto
1138 594 1295 638 propter
1327 600 1437 638 spem
1468 590 1650 628 emenda-

189 645 318 691 tionis,
337 647 453 697 paulo
474 654 564 698 post
592 647 761 685 eundem
793 647 907 685 istum
941 654 980 685 et
998 647 1190 686 dicentem
1209 655 1248 686 et
1278 655 1459 699 agentem
1488 662 1534 686 ea
1561 664 1648 701 quae

190 719 268 744 non
284 714 417 745 essent
435 721 454 745 e
475 708 686 758 republica,
704 707 833 745 denuo
852 708 1069 759 punivistis,
1091 722 1178 759 quae
1192 709 1299 747 vobis
1319 708 1473 756 idonea,
1494 710 1525 747 si
1544 724 1649 750 nunc

186 766 444 817 decipiemini,
474 768 711 820 relinquetur
740 769 968 807 excusatio?
1016 770 1116 807 Cum
1143 771 1243 808 enim
1275 771 1497 809 testimonia
1524 785 1649 810 rerum

188 829 333 874 adsint,
355 829 447 880 quid
466 831 590 868 verbis
605 837 666 869 est
684 831 812 882 opus?
843 832 942 873 Quae
965 837 1092 869 autem
1113 832 1186 882 ipsi
1206 832 1310 883 apud
1331 833 1478 870 animos
1498 840 1648 872 vestros

188 892 362 929 nondum
391 893 484 930 satis
504 901 701 944 comperta
725 893 891 941 habetis,
911 893 960 931 de
980 893 1025 931 iis
1045 893 1209 932 fortasse
1233 908 1281 932 ex
1312 895 1435 933 verbis
1459 895 1647 946 judicium

188 959 249 990 est
267 952 502 991 faciendum.

244 1015 280 1050 7.
311 1014 490 1052 Demiror
519 1028 601 1062 eos,
631 1016 696 1066 qui
723 1016 906 1063 sentiunt,
936 1017 1105 1068 privatas
1126 1030 1234 1068 opeS‚
1266 1017 1311 1055 iis
1338 1030 1434 1068 quos
1465 1018 1648 1068 superiori

188 1082 359 1127 tempore
371 1077 496 1115 bonos
512 1077 614 1116 viros
630 1077 747 1115 fuisse
763 1086 1045 1129 cognoverunt,
1064 1092 1148 1116 esse
1168 1078 1405 1117 credendas:
1427 1079 1647 1130 reipublicae

188 1150 429 1185 communes,
449 1139 494 1177 iis
508 1152 668 1190 quorum
686 1139 910 1192 improbitas
931 1154 1003 1179 nec
1024 1142 1071 1179 ab
1087 1141 1180 1192 ipsis
1196 1147 1373 1191 negatur,
1386 1148 1425 1179 et
1437 1142 1564 1193 palam
1581 1142 1648 1180 de-

187 1200 379 1250 prehensa
405 1207 478 1246 est,
507 1201 820 1240 committendas.
869 1202 1016 1240 Canem
1049 1202 1205 1253 quidem
1230 1202 1319 1240 ovili
1348 1202 1580 1253 degenerem
1611 1210 1650 1241 et

187 1261 369 1310 ignavum
393 1261 650 1300 custodiendo
670 1275 784 1301 nemo
799 1263 1037 1313 praefecerit:
1067 1263 1288 1314 reipublicae
1307 1270 1437 1301 autem
1455 1266 1645 1314 guberna-

185 1322 333 1359 toribus
354 1322 528 1372 plerique
549 1323 696 1368 dicunt,
722 1324 917 1373 quoslibet
940 1337 1025 1362 esse
1052 1325 1320 1375 praeficiendos
1351 1325 1551 1372 custodes,
1580 1326 1647 1376 qui

185 1397 274 1422 cum
294 1385 564 1436 delinquentes
584 1398 625 1423 se
647 1385 797 1424 deferre
817 1386 1012 1433 simulent,
1032 1387 1103 1438 ipsi
1122 1387 1184 1424 vel
1202 1387 1241 1424 in
1253 1386 1384 1438 primis
1402 1387 1650 1426 custodiendi

185 1453 331 1483 essent.
381 1447 492 1490 Quae,
515 1447 546 1484 si
566 1447 736 1498 sapietiS,
756 1447 986 1498 cogitantes,
1014 1461 1080 1486 eos
1101 1449 1166 1500 qui
1187 1462 1229 1487 se
1249 1449 1326 1487 ista
1352 1448 1500 1487 ratione
1532 1451 1648 1488 vestri

185 1514 376 1545 amatores
415 1521 501 1545 esse
537 1509 780 1559 profitentur,
814 1509 940 1547 valere
965 1510 1175 1558 jubebitis:
1209 1510 1357 1561 ipsique
1394 1511 1496 1548 omni
1528 1511 1646 1550 modo

184 1568 383 1615 cavebitis,
399 1582 448 1606 ne
463 1569 525 1607 cui
545 1569 740 1608 licentiam
760 1569 858 1608 detis
878 1570 1008 1622 legum
1033 1571 1312 1618 violandarum,
1332 1584 1459 1610 eorum
1485 1585 1647 1623 praeser-

181 1629 263 1675 tim,
284 1630 350 1680 qui
369 1631 644 1681 rempublicam
665 1639 890 1683 capessunt,
906 1633 1172 1684 populumque
1193 1647 1234 1671 se
1267 1640 1306 1671 et
1331 1634 1497 1672 dicendo
1519 1642 1558 1673 et
1578 1635 1646 1673 de-

185 1693 379 1731 cernendo
401 1693 609 1732 defendere
628 1694 870 1745 profitentur.
922 1695 1027 1732 Nihil
1057 1695 1157 1733 enim
1178 1696 1260 1733 fieri
1283 1703 1400 1746 queat
1427 1696 1645 1743 absurdius,

184 1768 301 1805 quam
328 1768 416 1792 cum
435 1755 600 1806 majores
624 1755 740 1793 vestri
766 1747 835 1807 pro
861 1757 1084 1794 defensione
1116 1757 1245 1807 legum
1273 1764 1455 1808 oppetere
1479 1766 1642 1796 mortem

182 1829 262 1854 non
282 1816 505 1863 dubitarint,
525 1830 610 1863 vos,
643 1830 716 1855 nec
748 1818 883 1868 punire
902 1818 1110 1856 violatores
1136 1832 1267 1856 earum
1297 1819 1523 1857 instituere:
1554 1833 1645 1858 cum

185 1878 320 1916 Soloni
346 1878 495 1915 auctori
528 1878 658 1928 legum
690 1892 830 1916 aeream
858 1880 896 1917 in
929 1879 1011 1917 foro
1046 1886 1215 1918 statuam
1245 1879 1506 1926 decreveritis,
1538 1880 1644 1931 ipsas

155 1963 161 1964 ff
181 1938 289 1989 leges
310 1938 408 1976 adeo
437 1939 641 1977 manifeste
670 1939 881 1990 negligere,
901 1948 1058 1991 propter
1086 1953 1184 1990 quas
1206 1940 1239 1977 ei
1261 1946 1340 1978 tam
1371 1941 1555 1978 eximium
1574 1941 1646 1980 ho-

181 2012 315 2037 norem
332 1999 536 2037 habuistis.
565 2001 629 2037 An
648 2013 740 2037 vero
753 2007 814 2038 est
832 2000 970 2038 rationi
986 2008 1307 2049 consentaneum,
1322 2014 1409 2039 cum
1423 2001 1463 2039 in
1475 2001 1643 2041 ferendis

180 2060 347 2111 legibus,
379 2060 561 2111 improbis
583 2061 801 2099 irascamini
820 2062 857 2099 in
878 2062 1082 2100 manifesto
1103 2062 1261 2100 crimine
1284 2062 1561 2113 deprehensos,
1585 2065 1642 2101 in-

182 2120 343 2159 demnes
365 2120 582 2159 dimittere?
614 2121 715 2160 Cum
744 2121 957 2172 legislator,
978 2122 1092 2160 horno
1112 2122 1263 2167 unicus,
1285 2131 1442 2174 propter
1468 2137 1536 2161 vos
1559 2138 1643 2162 om-

182 2182 288 2219 nium
316 2181 406 2220 odia.
424 2183 638 2233 susceperit
657 2183 928 2233 improborum,
948 2196 1018 2221 vos
1046 2196 1119 2221 nec
1139 2190 1296 2234 propter
1314 2185 1582 2236 vosmetipsos,
1603 2186 1641 2223 in

180 2243 374 2281 communi
395 2243 558 2281 concilio
578 2243 776 2282 declarare
789 2252 961 2282 vestrum
989 2244 1121 2282 odium
1141 2246 1415 2296 improborum,
1438 2247 1507 2285 sed
1527 2248 1640 2285 unius

180 2304 346 2342 hominis
368 2305 623 2343 succumbere
652 2305 916 2356 improbitati?
946 2306 1046 2344 Cum
1072 2306 1199 2358 capite
1227 2307 1441 2354 sanxeritis,
1475 2321 1522 2346 ne
1553 2309 1639 2359 quis

181 2366 308 2417 legem
326 2367 628 2405 commentitiam
649 2367 835 2414 adducat,
850 2368 1126 2415 connivere,ut
1145 2380 1245 2405 verae
1259 2368 1367 2419 leges
1385 2368 1424 2406 in
1444 2382 1639 2407 commen·

184 2427 353 2464 titiarum
375 2440 535 2465 numero
556 2428 800 2466 habeantur?

233 2489 270 2524 8.
303 2487 367 2526 Sic
409 2494 537 2526 autem
566 2489 786 2527 acutissime
825 2489 1080 2542 perspicietis,
1115 2491 1281 2541 receptis
1317 2504 1449 2543 parere
1486 2491 1637 2542 legibus

179 2555 365 2598 quantum
386 2549 530 2586 bonum
545 2550 607 2596 sit,
619 2556 659 2588 et
676 2551 715 2588 in
732 2551 919 2602 despectu
939 2558 979 2589 et
992 2552 1175 2602 neglectu
1194 2565 1325 2590 earum
1341 2560 1526 2603 quantum
1548 2552 1638 2590 insit

177 2609 281 2655 mali,
303 2609 335 2646 si
352 2609 482 2659 legum
502 2611 796 2649 commoditates
825 2611 998 2656 seorsim,
1020 2619 1058 2649 et
1083 2625 1169 2662 quae
1196 2625 1243 2649 ex
1270 2613 1475 2650 violatione
1505 2612 1635 2662 legum

178 2670 282 2707 mala
300 2670 482 2715 oriantur,
505 2671 554 2708 ob
575 2671 708 2709 oculos
732 2673 858 2723 posita.
875 2673 1114 2711 intueamini.
1146 2673 1364 2724 Reperietis
1390 2674 1491 2711 enim
1518 2673 1637 2711 viola-

176 2731 319 2769 tionem
340 2730 485 2781 legum,
511 2731 672 2776 insania,
699 2739 738 2770 et
763 2734 1070 2785 intemperantia,
1091 2740 1129 2771 et
1149 2734 1306 2772 avaritia
1329 2746 1416 2771 esse
1442 2734 1634 2781 refertam,

175 2791 282 2842 leges
303 2792 536 2842 prudentiae,
557 2792 771 2837 modestiae,
787 2795 996 2846 etjustitiae
1014 2796 1122 2846 fungi
1149 2795 1293 2832 officiis.
1330 2794 1452 2844 quue
1480 2795 1634 2833 minime

175 2860 237 2889 est
258 2852 428 2890 dubium.
459 2852 536 2890 Eas
557 2853 658 2890 enim
679 2855 794 2892 urbes
813 2857 976 2893 maxime
995 2856 1131 2893 florere
1150 2855 1341 2904 videmus,
1364 2855 1401 2891 in
1421 2855 1558 2905 quibus
1578 2856 1633 2893 le-

175 2913 411 2962 gumlatores
430 2914 564 2965 optimi
584 2913 828 2954 exstiterunt.
869 2916 969 2955 Nam
992 2924 1035 2954 ut
1055 2930 1141 2967 quae
1161 2916 1198 2954 in
1219 2916 1442 2967 corporibus
1461 2916 1634 2955 oriuntur
