1923 3149
566 174 794 214 CONTRA
825 173 1206 212 TIMOCRATEM.
1534 175 1609 209 4:37

156 281 301 326 posset,
319 275 475 326 quidam
505 277 762 315 comminatus
783 277 900 314 fertur
920 276 1096 314 inimicus
1121 277 1286 321 inimico,
1310 289 1427 313 unum
1457 275 1614 313 oculum

157 337 329 382 habenti,
349 350 387 374 se
419 337 470 374 illi
491 351 577 375 eum
599 351 714 375 unum
744 338 898 375 oculum
920 350 1186 374 excussurum.
1234 338 1306 374 Eas
1338 338 1459 374 minas
1482 338 1614 374 luscus

158 397 220 434 ille
242 411 344 447 aegre
372 399 510 444 ferens,
530 411 617 436 curn
645 399 717 437 sibi
742 400 780 436 in
800 399 977 436 caecitate
998 398 1112 434 vitam
1133 404 1254 434 morte
1280 398 1511 435 acerbiorem
1534 398 1615 434 fore

159 466 325 508 putaret,
346 460 465 496 fertur
492 473 609 497 ausus
628 473 714 498 esse
735 460 831 497 ferre
854 459 994 509 legem,
1016 458 1047 494 si
1067 459 1151 508 quis
1173 458 1325 495 oculum
1346 459 1455 496 lusco
1477 472 1613 495 excus-

160 520 265 564 serit,
288 520 340 557 illi
361 528 495 558 contra
515 528 720 571 utrumque
748 520 986 571 eripiendum
1005 532 1014 556 z
1050 525 1092 556 ut
1117 520 1198 570 pari
1227 519 1444 556 calamitate
1465 520 1616 570 utrique

159 581 440 619 conflictentur.
475 582 524 619 Et
536 582 636 620 hanc
651 581 772 619 solam
793 582 915 632 legem
932 580 1106 617 sanxisse
1123 580 1296 617 feruntur
1311 579 1522 617 Locrenses
1536 594 1616 617 am-

160 640 262 691 plius
283 655 398 691 quam
412 642 589 680 ducentis
609 643 731 680 annis.
759 643 812 679 At
829 641 946 679 vestri
965 648 1151 686 oratores,
1169 641 1334 692 judices,
1357 641 1519 691 primum
1541 641 1619 677 sin-

161 702 261 751 gulis
280 703 355 740 fere
372 704 581 749 mensibus,
595 703 703 754 leges
724 703 902 754 sibiipsis
916 702 1182 740 conducibiles
1204 703 1344 739 ferunt.
1376 702 1527 739 Deinde
1548 702 1620 752 ipsi

160 762 336 800 homines
356 763 527 814 plebeios
549 763 586 800 in
606 776 799 802 carcerem
821 763 983 808 ducunt,
1004 763 1161 813 quando
1186 776 1273 800 cum
1294 770 1488 813 potestate
1517 770 1620 809 sunt,

160 823 263 861 idem
276 825 342 875 jus
362 825 400 861 in
416 838 457 862 se
473 824 599 863 valere
618 838 694 862 non
709 825 921 876 patiuntur.
953 825 1133 875 Denique
1155 824 1307 862 Solonis
1322 824 1428 874 leges
1445 824 1535 861 olim
1551 838 1619 875 ap-

161 886 359 935 probatas,
389 899 486 935 quas
506 886 670 937 majores
703 886 823 923 nostri
844 887 1051 930 sciverunt,
1071 886 1142 936 ipsi
1165 886 1377 935 abrogant:
1410 886 1501 931 suis,
1532 899 1621 935 quae

161 946 350 984 laedendae
369 947 588 997 reipublicae
603 954 706 993 sunt,
723 960 790 985 vos
811 948 867 984 uti
887 955 1064 998 oportere
1083 954 1256 985 censent.
1294 947 1378 984 Nisi
1398 947 1511 997 igitur
1525 947 1620 984 istos

164 1007 374 1058 punientis,
394 1008 517 1058 primo
538 1021 694 1059 quoque
715 1016 886 1059 ternpore
906 1009 1115 1046 multitudo
1136 1008 1276 1046 belluis
1296 1008 1377 1045 istis
1397 1009 1534 1046 servire
1556 1022 1621 1046 co-

164 1076 288 1120 getur.
324 1069 463 1119 Neque
484 1082 573 1107 vero
593 1083 661 1108 vos
682 1070 862 1121 praeterit,
884 1070 1053 1121 judices,
1082 1070 1113 1107 si
1134 1070 1274 1107 acriter
1297 1069 1621 1114 animadvertatis,

165 1130 289 1167 minus
319 1143 385 1168 eos
414 1130 607 1180 improbos
640 1132 818 1170 futuros:
851 1132 909 1169 sin
941 1132 1078 1177 minus,
1109 1131 1252 1168 multos
1279 1131 1358 1168 fore
1390 1132 1624 1182 petulantes,

166 1191 230 1242 qui
252 1191 344 1228 dum
359 1192 475 1229 vestri
492 1192 662 1230 studium
681 1200 718 1231 et
732 1194 956 1244 reipublicae
978 1192 1175 1238 simulant,
1195 1206 1263 1229 vos
1285 1192 1541 1230 ludificentur.

221 1254 284 1289 36.
317 1252 373 1290 Ut
395 1260 522 1290 autem
545 1254 593 1290 de
612 1267 658 1291 ea
676 1254 761 1304 lege
783 1254 924 1304 aliquid
947 1254 1085 1300 dicam,
1105 1267 1220 1303 quam
1240 1266 1329 1291 eum
1349 1255 1515 1304 exempli
1539 1255 1622 1292 vice

166 1314 371 1351 allaturum
393 1313 521 1359 audio,
542 1327 586 1351 ac
607 1314 811 1360 dicturum,
832 1329 873 1352 se
904 1315 1006 1351 illam
1037 1315 1229 1351 imitatum
1257 1321 1298 1352 et
1327 1321 1516 1360 secutum,
1548 1328 1625 1365 qua

166 1376 431 1414 contineatur:
464 1375 553 1412 Non
575 1376 736 1413 vinciam
757 1376 878 1413 ullum
905 1376 1204 1422 Atheniensem,
1234 1376 1297 1426 qui
1323 1376 1442 1413 vades
1475 1377 1626 1414 dederit

165 1445 254 1482 tres,
271 1437 444 1487 ejusdcm
462 1450 620 1484 census,
636 1437 707 1474 nisi
724 1437 809 1487 quis
826 1438 874 1475 ad
895 1438 1026 1475 urbem
1042 1437 1297 1488 prodendam,
1318 1445 1386 1474 aut
1400 1438 1625 1488 popularem

168 1506 311 1537 statum
345 1498 612 1547 abrogandum
649 1499 937 1549 conspiraverit,
975 1506 1044 1536 aut
1080 1506 1228 1549 emptor
1265 1500 1523 1549 vectigalium,
1558 1507 1627 1538 aut

168 1572 347 1610 sponsor,
373 1564 440 1595 aut
460 1566 631 1605 coactor,
652 1560 851 1610 pecuniam
883 1573 959 1597 non
978 1560 1213 1597 numerarit:
1243 1559 1374 1597 audite
1402 1573 1462 1597 me
1484 1561 1531 1597 de
1553 1561 1625 1598 hac

169 1622 298 1658 etiam.
333 1619 423 1657 Non
444 1620 543 1657 enim
564 1621 704 1666 dicam,
718 1621 844 1672 ipsum
866 1622 1146 1659 Androtionem
1162 1622 1199 1659 in
1216 1634 1405 1659 carcerem
1427 1622 1531 1660 cives
1555 1623 1627 1660 (lu-

170 1682 285 1726 xisse,
308 1688 347 1718 et
371 1681 557 1725 vinxisse,
581 1681 655 1719 bac
676 1682 763 1732 lege
783 1695 859 1719 non
880 1684 1091 1732 abrogata:
1122 1681 1192 1719 sed
1224 1682 1318 1719 illud
1344 1682 1515 1720 edocebo
1549 1697 1628 1729 vos,

171 1744 420 1793 quamobrem
441 1742 524 1780 haec
545 1743 606 1780 lex
626 1743 706 1780 lata
727 1744 786 1781 sit.
841 1744 910 1781 Est
941 1744 1041 1780 enim
1068 1744 1291 1789 constituta,
1319 1757 1397 1781 non
1428 1744 1467 1781 in
1496 1758 1627 1782 corum

172 1804 349 1854 gratiam,
369 1803 417 1840 de
434 1804 573 1854 quibus
587 1804 777 1854 judicium
799 1805 943 1842 factum
965 1812 1039 1853 est,
1056 1805 1121 1854 qui
1140 1818 1295 1842 eausam
1315 1805 1354 1842 in
1373 1806 1550 1856 practorio
1570 1807 1630 1844 di—

172 1871 325 1908 xerunt,
356 1863 422 1900 sed
443 1870 599 1914 propter
624 1878 705 1909 eos,
726 1866 791 1915 qui
810 1866 981 1903 nondum
1004 1865 1041 1902 in
1056 1865 1244 1916 judicium
1265 1874 1464 1912 venerunt,
1494 1881 1540 1905 ne
1563 1875 1631 1905 aut

172 1931 328 1977 propter
347 1924 500 1962 vincula
519 1937 624 1961 suam
647 1939 803 1963 causam
824 1926 1106 1964 incommodius
1129 1933 1257 1976 agant,
1279 1934 1347 1964 aut
1375 1941 1530 1977 prorsus
1559 1929 1628 1965 im-

172 1986 293 2038 parati
312 1986 684 2024 circumveniantur:
714 1987 785 2025 iste
806 2000 910 2032 vero,
937 2000 1024 2038 quae
1045 1987 1120 2032 his,
1143 1987 1208 2037 qui
1230 2000 1386 2025 causam
1412 2001 1489 2026 non
1520 1990 1628 2027 dixe-

173 2055 272 2093 runt,
288 2048 592 2097 patrocinantur,
613 2049 723 2098 quasi
748 2049 800 2085 adv
817 2062 950 2085 omnes
972 2049 1219 2098 pertinerent,
1240 2049 1345 2099 apud
1364 2062 1433 2087 vos
1455 2050 1629 2088 dicturus

174 2117 246 2147 est.
280 2109 345 2146 Sic
364 2115 493 2146 autem
514 2120 586 2158 ego
608 2121 686 2146 rem
713 2109 928 2159 explicabo,
950 2115 993 2145 ut
1019 2122 1080 2146 me
1099 2122 1191 2146 vera
1210 2109 1327 2159 loqui,
1355 2109 1552 2148 evidenter
1570 2112 1628 2148 in-

176 2169 374 2220 telligatis.
406 2168 491 2206 Nec
510 2169 611 2206 enim
632 2170 663 2206 si
683 2169 735 2207 ita
755 2176 875 2214 esset,
895 2169 1062 2220 judices,
1082 2169 1191 2206 vobis
1208 2170 1342 2207 liceret
1359 2172 1630 2221 pronunciare,

175 2232 268 2283 quid
286 2231 334 2268 sit
358 2230 558 2279 luendum,
579 2237 646 2268 aut
665 2231 918 2268 solvendum:
949 2243 1038 2268 nam
1057 2230 1189 2268 luendi
1207 2232 1324 2268 verbo
1343 2232 1456 2269 etiam
1479 2233 1632 2272 vincula

174 2294 433 2333 continentur.
475 2292 566 2328 Non
594 2292 723 2342 igitur,
743 2293 912 2342 inquam,
934 2292 1106 2329 licuisset
1124 2292 1366 2349 vinculorum
1392 2294 1629 2343 meminisse,

176 2369 302 2406 neque
317 2367 415 2405 quos
435 2353 548 2391 alicui
563 2353 679 2391 liceat
698 2354 846 2391 deferre
865 2360 929 2391 aut
950 2353 1158 2399 abducere,
1175 2353 1213 2391 in
1226 2353 1377 2404 legibus
1393 2355 1631 2407 adscriptum

177 2417 328 2461 suisset,
363 2415 584 2452 delatum
617 2427 727 2452 vero
762 2422 844 2453 aut
881 2415 1143 2453 abductum
1185 2415 1378 2454 vinciun
1393 2424 1440 2454 to
1487 2419 1631 2457 unde-

178 2475 358 2516 cimviri
392 2475 439 2513 in
465 2482 670 2521 catasta,
701 2477 733 2514 si
753 2490 829 2514 non
848 2477 1022 2514 licuisset
1035 2477 1230 2523 alios,nisi
1247 2478 1313 2528 qui
1328 2478 1376 2515 ad
1392 2480 1631 2529 prodendam

176 2541 324 2582 urbem,
353 2543 422 2574 aut
449 2537 497 2574 ad
517 2538 743 2588 popularem
773 2545 916 2576 statum
946 2540 1213 2590 abrogandum
1241 2541 1538 2591 conspirassent,
1565 2552 1633 2581 aut

173 2598 421 2648 ‘vectigalium
442 2597 714 2648 redemptores,
743 2600 809 2649 qui
828 2601 1032 2650 pecuniam
1059 2614 1136 2639 non
1160 2609 1443 2646 numerassent‚
1471 2603 1630 2642 vincire.

179 2661 296 2698 Nunc
324 2659 408 2696 haec
429 2659 645 2698 certissima
663 2660 771 2698 vobis
792 2668 1022 2711 argumenta
1050 2662 1142 2709 sint,
1172 2662 1288 2700 licere
1308 2663 1465 2700 vincire.
1531 2665 1633 2707 Quia

178 2722 321 2772 alioqui
341 2720 496 2757 mulctae
517 2733 674 2770 prorsus
694 2722 810 2760 irritae
830 2723 967 2761 forent.
999 2723 1154 2762 Deinde
1177 2723 1359 2774 scriptum
1378 2723 1487 2769 illud,
1508 2726 1631 2765 Athe-

179 2784 349 2826 nienses,
372 2782 498 2832 ipsum
526 2794 594 2831 per
614 2795 698 2819 sese
725 2796 802 2820 non
829 2792 888 2823 est
911 2785 988 2830 lex,
1017 2799 1144 2835 neque
1169 2784 1331 2822 vinciam
1362 2784 1480 2821 ullum
1510 2786 1630 2825 Athe-

178 2844 394 2883 niensium:
423 2842 493 2880 sed
522 2843 826 2893 injurejurando
853 2845 1044 2883 senatorio
1064 2846 1293 2889 continetur,
1313 2851 1357 2882 ut
1384 2859 1431 2882 ne
1460 2853 1630 2887 oratores

179 2907 218 2944 in
239 2912 376 2944 senatu
395 2905 517 2942 civem
537 2904 703 2953 aliquem
729 2918 795 2967 per
821 2907 1146 2957 conspirationem
1177 2906 1215 2944 in
1243 2906 1394 2944 vincula
1412 2907 1632 2957 conjiciant.
