1923 3149
305 187 381 221 324
791 185 1010 224 CONTRA
1043 184 1267 223 MIDIAM.

303 301 350 325 ne
375 288 460 338 quis
481 288 703 338 peregrinus
733 289 770 326 in
791 296 982 328 certamen
1002 289 1226 332 descendat,
1253 287 1408 325 omnino
1428 293 1556 325 tamen
1575 287 1742 324 aedilium

302 348 394 385 nulli
414 349 644 399 permisisse,
673 356 715 387 ut
733 356 882 388 actores
903 351 949 387 ad
971 351 1216 401 magistratus
1237 350 1372 401 rapiat,
1393 362 1533 399 eosque
1555 349 1742 399 dispiciat,

301 411 369 448 sed
400 411 429 448 si
460 412 595 458 citarit,
613 412 902 463 quinquaginta,
932 414 989 450 sin
1010 414 1142 450 sedere
1157 412 1326 464 jusserit,
1347 412 1449 449 mille
1476 411 1743 449 drachmarum

301 472 482 510 mulctam
505 474 841 524 solverejussisse.
873 475 952 512 Cur
971 474 1083 511 vero?
1114 474 1173 511 Ne
1193 480 1416 511 coronatum
1436 473 1600 522 aliquem
1620 479 1658 508 et
1681 484 1742 508 sa-

299 534 372 572 cris
402 542 622 584 operantem
654 535 718 571 illo
747 535 807 572 die
836 542 958 581 vocet,
993 535 1212 572 molestiave
1244 541 1311 572 aut
1341 533 1574 572 contumelia
1601 532 1745 569 afficiat

300 595 499 645 quisquam
527 596 574 632 de
604 596 801 633 industria.
847 596 883 633 Is
910 596 1023 646 igitur
1042 596 1105 645 qui
1135 596 1191 633 vel
1220 602 1387 633 actorem
1414 594 1551 639 citarit,
1581 593 1665 642 lege
1684 592 1741 628 in·-

300 656 447 693 demnis
468 670 546 694 non
565 658 658 694 erit:
688 657 751 706 qui
773 669 860 694 vero
875 657 1023 694 aedilem
1048 657 1209 708 [ipsum]
1228 664 1362 694 contra
1377 657 1481 706 leges
1503 667 1634 693 omnes
1651 666 1743 691 con-

299 717 432 754 ciderit
452 718 548 755 adeo
570 718 783 763 manifeste,
814 731 945 769 poenas
977 731 1053 756 non
1075 718 1207 756 dabit?
1236 719 1353 768 Atqui
1385 718 1491 754 nulla
1519 717 1590 754 erit
1612 716 1741 766 legum

296 777 549 814 humanarum
583 785 620 815 et
656 778 897 829 popularium
918 774 1073 825 utilitas,
1105 778 1134 816 si
1163 778 1491 829 contemptoribus
1520 783 1558 814 et
1582 776 1740 813 violato-

296 838 400 874 ribus
421 851 564 884 earum,
583 844 722 885 vestra,
743 838 807 889 qui
835 839 995 888 singulis
1016 839 1249 889 temporibus
1279 852 1367 876 cum
1389 838 1614 875 auctoritate
1634 836 1740 882 estis,

295 897 497 935 iracundia
516 911 591 935 non
611 898 681 936 erit
700 899 919 936 metuenda.

352 960 412 997 17.
441 960 555 1010 Agite
569 972 669 1005 vero,
685 973 752 1011 per
765 961 858 998 deos
875 960 1119 1005 immortales,
1136 959 1227 996 illud
1244 958 1359 996 etiam
1375 960 1613 997 considerate
1631 973 1639 996 :
1657 972 1741 997 ora-

292 1026 352 1057 tos
386 1027 512 1058 autem
543 1021 629 1058 volo
661 1034 741 1065 vos,
771 1034 818 1058 ne
851 1020 940 1058 mihi
961 1020 1233 1066 succenseatis,
1264 1021 1295 1058 si
1328 1021 1568 1071 quorundam
1601 1020 1740 1071 quibus

295 1095 355 1119 res
376 1082 545 1119 adversae
566 1082 801 1128 acciderunt,
821 1082 1044 1120 nominatim
1065 1081 1286 1119 meminero.
1343 1081 1424 1119 Nec
1445 1082 1545 1119 enim
1564 1094 1628 1132 per
1648 1082 1741 1119 deos

293 1141 331 1178 id
351 1155 373 1179 a
391 1156 450 1180 me
466 1143 542 1189 fiet,
557 1150 598 1179 ut
616 1143 794 1193 cuiquam
814 1143 1018 1193 quicquam
1034 1142 1222 1191 oinciam‚
1237 1142 1306 1179 sed
1327 1148 1370 1180 ut
1387 1142 1603 1188 ostendam,
1617 1155 1741 1192 quan-

293 1209 424 1253 topere
455 1216 522 1241 vos
553 1204 669 1241 ceteri
698 1216 830 1241 omnes
862 1217 885 1241 a
914 1205 950 1241 vi
983 1209 1050 1241 aut
1079 1203 1312 1241 contumelia
1349 1203 1539 1246 facienda,
1577 1209 1617 1240 et
1655 1203 1739 1255 aliis

293 1264 463 1315 ejusdem
482 1264 632 1315 generis
651 1266 762 1302 rebus
779 1264 1016 1302 abhorreatis
1033 1277 1041 1302 :
1072 1270 1132 1302 est
1147 1264 1289 1302 Sannio
1304 1264 1459 1314 quidam
1489 1266 1553 1314 qui
1573 1264 1739 1314 tragicos

292 1324 431 1363 choros
462 1325 588 1364 docet.
645 1326 683 1363 Is
704 1325 867 1363 desertae
888 1325 1030 1363 militiae
1059 1337 1148 1362 reus
1183 1331 1241 1362 est
1273 1332 1462 1376 peractus.
1520 1325 1578 1362 Ac
1604 1324 1740 1362 adver-

293 1386 390 1424 siore
418 1387 570 1424 fortuna
596 1400 686 1424 usus
706 1394 777 1424 est.
837 1387 951 1425 Hunc
973 1393 1061 1437 post
1080 1399 1165 1423 eam
1180 1386 1450 1432 calamitatem,
1471 1386 1624 1436 quidam
1643 1399 1740 1436 prae-

291 1447 391 1484 bitor
422 1449 693 1498 tragoedorum,
727 1447 933 1484 aemulandi
969 1447 1096 1484 studio
1129 1447 1325 1492 conduxit,
1345 1446 1634 1492 Theosdotides,
1660 1447 1741 1497 opi-

292 1520 373 1545 nor.
442 1510 500 1546 Ac
538 1510 700 1559 primum
739 1509 820 1559 ejus
857 1508 895 1544 in
928 1508 1109 1546 aedilitate
1134 1506 1262 1545 aemuli
1287 1507 1598 1557 indignabantur,
1624 1521 1740 1558 seque

290 1569 544 1619 prohibituros
565 1570 820 1606 minabantur.
869 1569 922 1606 Ut
936 1582 1026 1606 vero
1046 1568 1195 1607 theatro
1213 1568 1329 1619 pleno
1354 1569 1540 1618 populum
1569 1569 1618 1606 ad
1650 1582 1737 1619 spe-

289 1630 450 1668 ctandos
482 1630 594 1668 ludos
615 1630 841 1668 convenisse
860 1630 1051 1676 viderunt,
1072 1630 1180 1667 veriti
1209 1636 1311 1674 sunt,
1339 1630 1606 1679 permiserunt,
1624 1643 1739 1669 nemo

290 1692 430 1741 attigit.
486 1692 543 1729 Ac
563 1698 710 1729 tanturn
726 1692 765 1729 in
785 1704 1018 1742 unoquoque
1039 1697 1207 1728 vestrum
1228 1690 1266 1726 in
1290 1689 1512 1739 religionem
1529 1690 1650 1729 fuisse
1669 1692 1738 1728 ob-

290 1753 462 1803 sequium
484 1753 611 1791 videre
627 1759 699 1799 est,
719 1760 762 1791 ut
782 1765 894 1790 omne
914 1753 1098 1802 deinceps
1119 1751 1308 1802 reliquum
1328 1757 1479 1801 tempus
1506 1750 1642 1789 choros
1668 1751 1737 1789 do-

289 1820 388 1859 ceat,
408 1827 532 1864 neque
553 1827 602 1851 ex
621 1813 777 1864 pr1vatis
802 1814 883 1864 ejus
902 1812 1062 1850 inimicis
1083 1811 1283 1862 quisquam
1313 1811 1524 1861 prohibeat.
1583 1812 1737 1850 Nedum

288 1880 332 1911 ut
361 1875 480 1912 aedilis
503 1875 703 1924 quisquam
738 1874 772 1911 ei
807 1887 941 1911 manus
972 1873 1119 1910 afferat.
1175 1872 1284 1909 Alius
1315 1878 1373 1908 est
1393 1871 1579 1910 Aristides
1599 1885 1619 1908 e
1639 1873 1737 1910 tribu

291 1934 445 1979 OEneia,
465 1935 575 1971 simili
592 1935 670 1972 fere
690 1942 728 1972 et
745 1935 825 1984 ipse
845 1934 1065 1972 calamitate
1085 1933 1342 1970 conflictatus.
1398 1932 1568 1982 Quijam
1588 1939 1628 1970 et
1646 1946 1738 1970 con-

289 1995 430 2040 senuit,
451 2002 489 2033 et
510 1995 547 2032 in
567 2001 667 2032 eoetu
700 1995 898 2032 ludionnm
924 1995 1048 2031 minus
1077 2000 1137 2031 est
1159 1994 1318 2031 fortasse
1338 1992 1514 2030 celebris.
1573 1992 1651 2031 Sed
1670 1994 1740 2031 ali-

290 2057 446 2107 quando
476 2056 553 2093 dux
582 2063 620 2093 et
648 2056 825 2107 princeps
859 2055 980 2093 tribus
1010 2055 1094 2093 fuit.
1151 2054 1264 2092 Scitis
1295 2062 1421 2092 autem
1454 2054 1528 2092 hoc
1546 2055 1692 2105 utique,
1708 2056 1738 2093 si

288 2118 372 2167 quis
392 2117 532 2155 ducem
553 2116 763 2162 sustulerit,
782 2116 968 2168 reliquum
1002 2116 1160 2153 chorum
1190 2115 1322 2165 perire.
1380 2114 1459 2152 Sed
1490 2122 1616 2153 tamen
1649 2129 1738 2154 cum

288 2178 419 2215 aediles
439 2179 536 2215 inter
549 2190 634 2215 sese
655 2177 763 2214 multi
783 2177 982 2215 ambitiose
996 2176 1289 2220 contenderent,
1311 2175 1437 2213 nullus
1453 2188 1619 2226 unquam
1640 2178 1737 2227 prae-

287 2239 497 2289 rogativam
517 2239 616 2277 hanc
636 2237 917 2284 animadvertit,
940 2244 1006 2276 aut
1025 2250 1140 2275 ausus
1172 2243 1232 2275 est
1263 2250 1349 2274 eum
1368 2237 1530 2274 educere
1550 2249 1593 2273 ac
1609 2238 1737 2287 prohi-

286 2300 389 2337 bere.
448 2301 546 2337 Nam
582 2301 672 2350 quia
700 2299 738 2337 id
768 2300 896 2337 facere
924 2312 1083 2337 necesse
1113 2305 1206 2344 erat,
1226 2310 1271 2334 eo
1291 2310 1405 2334 manu
1438 2297 1643 2347 prehenso,
1663 2311 1734 2336 nec

288 2359 428 2397 licebat
443 2362 559 2398 citare
579 2362 627 2398 ad
644 2367 859 2411 praetorem,
880 2360 1005 2405 sicuti,
1026 2360 1056 2397 si
1076 2360 1160 2410 quis
1187 2359 1349 2397 educere
1369 2359 1613 2408 peregrinum
1629 2360 1735 2396 volu—

287 2421 394 2467 isset,
414 2434 526 2458 nemo
547 2421 618 2458 fuit
637 2421 807 2458 omnium
827 2421 890 2472 qui
913 2421 950 2457 id
980 2428 1056 2458 tam
1076 2420 1256 2470 petulans
1278 2418 1426 2456 facinus
1459 2419 1495 2455 in
1522 2426 1735 2470 conspectu

287 2479 418 2532 populi
437 2482 671 2519 committere
693 2495 770 2519 non
790 2483 1042 2519 erubesceret.
1744 2477 1746 2479 ’

346 2544 406 2579 18.
439 2542 520 2579 Nec
537 2555 625 2579 vero
645 2549 705 2578 est
728 2543 943 2587 ferendum,
963 2541 1229 2586 Athenienses,
1249 2553 1292 2577 ac
1313 2539 1440 2589 potius
1460 2553 1536 2578 non
1554 2541 1734 2591 gravissi-

288 2617 346 2641 me
366 2604 653 2647 vindicandum,
675 2615 760 2640 cum
784 2603 963 2648 oedilium,
985 2602 1047 2652 qui
1069 2603 1107 2638 in
1126 2614 1171 2639 ea
1190 2614 1229 2638 re
1249 2602 1413 2651 positam
1431 2615 1517 2639 esse
1536 2602 1732 2639 victoriam

287 2672 478 2715 putarent,
500 2672 539 2702 et
564 2677 668 2714 saepe
701 2678 832 2701 omnes
867 2677 960 2715 opes
999 2676 1090 2700 suas
1121 2663 1158 2700 in
1188 2662 1271 2700 haec
1307 2675 1463 2700 munera
1491 2662 1730 2706 effudissent,

287 2739 398 2764 nemo
418 2739 584 2776 unquam
604 2725 719 2762 fuerit
739 2738 855 2762 ausus
872 2725 933 2762 vel
953 2737 1020 2761 cos
1035 2724 1235 2773 attingere,
1255 2736 1352 2773 quos
1369 2723 1518 2773 legibus
1539 2723 1642 2768 licet,
1662 2723 1731 2760 sed

286 2788 340 2825 ita
359 2788 560 2837 religiosis,
578 2787 630 2824 ita
649 2786 888 2830 verecundis,
911 2786 965 2823 ita
985 2785 1190 2822 moderatis
1217 2785 1334 2822 fuisse
1362 2784 1536 2834 ingeniis,
1552 2791 1594 2820 ut
1610 2797 1731 2833 quan-

285 2862 400 2898 quam
420 2855 458 2886 et
472 2855 646 2899 sumptus
672 2847 873 2894 faciebant,
895 2854 932 2884 et
960 2847 1189 2891 aestuabant,
1206 2854 1334 2883 tamen
1356 2844 1423 2882 sibi
1459 2851 1728 2894 temperarent,

285 2916 323 2946 ct
343 2922 429 2947 cum
444 2915 588 2947 vestras
605 2908 833 2954 voluntates,
847 2915 926 2945 tum
948 2908 1031 2945 festi
1053 2907 1219 2945 studium
1240 2906 1548 2944 considerarent:
1571 2917 1593 2941 a
1610 2904 1730 2942 Midia
