<?xml version="1.0" encoding="UTF-8"?>
<!DOCTYPE html PUBLIC "-//W3C//DTD XHTML 1.0 Transitional//EN"
    "http://www.w3.org/TR/xhtml1/DTD/xhtml1-transitional.dtd">
<html xmlns="http://www.w3.org/1999/xhtml" xml:lang="en" lang="en">
 <head>
  <title>
</title>
<meta http-equiv="Content-Type" content="text/html;charset=utf-8" />
  <meta name='ocr-system' content='tesseract 3.04.00' />
  <meta name='ocr-capabilities' content='ocr_page ocr_carea ocr_par ocr_line ocrx_word'/>
</head>
<body>
  <div class='ocr_page' id='page_1' title='image "./oratoresatticie15dobs_0112.png"; bbox 0 0 1923 3149; ppageno 0'>
   <div class='ocr_carea' id='block_1_1' title="bbox 310 112 1230 157">
    <p class='ocr_par' dir='ltr' id='par_1_1' title="bbox 310 112 1230 157">
     <span class='ocr_line' id='line_1_1' title="bbox 310 112 1230 157; baseline 0.008 -8"><span class='ocrx_word' id='word_1_1' title='bbox 310 112 361 150; x_wconf 83' lang='grc'><strong>98</strong></span> <span class='ocrx_word' id='word_1_2' title='bbox 818 115 1230 157; x_wconf 86' lang='lat' dir='ltr'><strong>ARGUMENTUM.</strong></span> 
     </span>
    </p>
   </div>
   <div class='ocr_carea' id='block_1_2' title="bbox 307 213 1767 1726">
    <p class='ocr_par' dir='ltr' id='par_1_2' title="bbox 308 213 1760 310">
     <span class='ocr_line' id='line_1_2' title="bbox 310 213 1760 265; baseline 0.007 -20"><span class='ocrx_word' id='word_1_3' title='bbox 310 213 426 246; x_wconf 79' lang='lat' dir='ltr'><strong>cuniis</strong></span> <span class='ocrx_word' id='word_1_4' title='bbox 451 215 609 249; x_wconf 77' lang='lat' dir='ltr'><strong>conteuti</strong></span> <span class='ocrx_word' id='word_1_5' title='bbox 631 226 704 250; x_wconf 90' lang='lat' dir='ltr'><strong>non</strong></span> <span class='ocrx_word' id='word_1_6' title='bbox 728 217 884 262; x_wconf 80' lang='lat' dir='ltr'><strong>privatas</strong></span> <span class='ocrx_word' id='word_1_7' title='bbox 913 220 1103 264; x_wconf 84' lang='lat' dir='ltr'><strong>attingant,</strong></span> <span class='ocrx_word' id='word_1_8' title='bbox 1120 222 1158 254; x_wconf 83' lang='lat' dir='ltr'><strong>et</strong></span> <span class='ocrx_word' id='word_1_9' title='bbox 1185 229 1366 265; x_wconf 84' lang='lat' dir='ltr'><strong>quemque</strong></span> <span class='ocrx_word' id='word_1_10' title='bbox 1383 230 1448 254; x_wconf 78' lang='lat' dir='ltr'><strong>sua</strong></span> <span class='ocrx_word' id='word_1_11' title='bbox 1464 220 1583 254; x_wconf 81' lang='lat' dir='ltr'><strong>sinant</strong></span> <span class='ocrx_word' id='word_1_12' title='bbox 1599 220 1760 259; x_wconf 58' lang='lat' dir='ltr'><strong>securius</strong></span> 
     </span>
     <span class='ocr_line' id='line_1_3' title="bbox 308 267 504 310; baseline 0.015 -11"><span class='ocrx_word' id='word_1_13' title='bbox 308 267 504 310; x_wconf 78' lang='lat' dir='ltr'><strong>possidere.</strong></span> 
     </span>
    </p>

    <p class='ocr_par' dir='ltr' id='par_1_3' title="bbox 309 322 1767 585">
     <span class='ocr_line' id='line_1_4' title="bbox 355 322 1762 372; baseline 0.004 -16"><span class='ocrx_word' id='word_1_14' title='bbox 355 325 404 356; x_wconf 81' lang='lat'><strong>6⁰.</strong></span> <span class='ocrx_word' id='word_1_15' title='bbox 429 322 710 359; x_wconf 74' lang='lat' dir='ltr'><strong>Atheniensibus</strong></span> <span class='ocrx_word' id='word_1_16' title='bbox 736 327 931 370; x_wconf 83' lang='lat' dir='ltr'><strong>exprobrat</strong></span> <span class='ocrx_word' id='word_1_17' title='bbox 956 329 1052 371; x_wconf 88' lang='lat' dir='ltr'><strong>qnod</strong></span> <span class='ocrx_word' id='word_1_18' title='bbox 1082 328 1315 372; x_wconf 77' lang='lat' dir='ltr'><strong>mutatisjam</strong></span> <span class='ocrx_word' id='word_1_19' title='bbox 1344 328 1470 362; x_wconf 84' lang='lat' dir='ltr'><strong>animis</strong></span> <span class='ocrx_word' id='word_1_20' title='bbox 1499 328 1707 362; x_wconf 85' lang='lat' dir='ltr'><strong>existiment</strong></span> <span class='ocrx_word' id='word_1_21' title='bbox 1724 338 1762 361; x_wconf 87' lang='lat' dir='ltr'><strong>se</strong></span> 
     </span>
     <span class='ocr_line' id='line_1_5' title="bbox 309 377 1767 426; baseline 0.004 -17"><span class='ocrx_word' id='word_1_22' title='bbox 309 387 380 410; x_wconf 89' lang='lat' dir='ltr'><strong>non</strong></span> <span class='ocrx_word' id='word_1_23' title='bbox 396 377 524 411; x_wconf 86' lang='lat' dir='ltr'><strong>debere</strong></span> <span class='ocrx_word' id='word_1_24' title='bbox 543 390 607 412; x_wconf 85' lang='lat' dir='ltr'><strong>sua</strong></span> <span class='ocrx_word' id='word_1_25' title='bbox 625 380 833 423; x_wconf 85' lang='lat' dir='ltr'><strong>impendere</strong></span> <span class='ocrx_word' id='word_1_26' title='bbox 857 385 897 414; x_wconf 89' lang='lat' dir='ltr'><strong>ut</strong></span> <span class='ocrx_word' id='word_1_27' title='bbox 920 382 1057 415; x_wconf 76' lang='lat' dir='ltr'><strong>Graecis</strong></span> <span class='ocrx_word' id='word_1_28' title='bbox 1084 383 1214 425; x_wconf 82' lang='lat' dir='ltr'><strong>injuria</strong></span> <span class='ocrx_word' id='word_1_29' title='bbox 1239 383 1375 416; x_wconf 69' lang='lat' dir='ltr'><strong>affectis</strong></span> <span class='ocrx_word' id='word_1_30' title='bbox 1403 383 1643 425; x_wconf 68' lang='lat' dir='ltr'><strong>opitulentur:</strong></span> <span class='ocrx_word' id='word_1_31' title='bbox 1672 383 1767 426; x_wconf 75' lang='lat' dir='ltr'><strong>stylo</strong></span> 
     </span>
     <span class='ocr_line' id='line_1_6' title="bbox 309 431 1765 480; baseline 0.005 -17"><span class='ocrx_word' id='word_1_32' title='bbox 309 431 418 475; x_wconf 88' lang='lat' dir='ltr'><strong>paulo</strong></span> <span class='ocrx_word' id='word_1_33' title='bbox 435 432 554 466; x_wconf 82' lang='lat' dir='ltr'><strong>fusiori</strong></span> <span class='ocrx_word' id='word_1_34' title='bbox 579 434 706 477; x_wconf 86' lang='lat' dir='ltr'><strong>prohat</strong></span> <span class='ocrx_word' id='word_1_35' title='bbox 730 435 810 468; x_wconf 87' lang='lat' dir='ltr'><strong>hinc</strong></span> <span class='ocrx_word' id='word_1_36' title='bbox 836 436 1041 480; x_wconf 78' lang='lat' dir='ltr'><strong>Philippum</strong></span> <span class='ocrx_word' id='word_1_37' title='bbox 1069 438 1220 470; x_wconf 78' lang='lat' dir='ltr'><strong>evasisse</strong></span> <span class='ocrx_word' id='word_1_38' title='bbox 1249 436 1550 480; x_wconf 83' lang='lat' dir='ltr'><strong>potentissimum,</strong></span> <span class='ocrx_word' id='word_1_39' title='bbox 1579 441 1614 470; x_wconf 89' lang='lat' dir='ltr'><strong>et</strong></span> <span class='ocrx_word' id='word_1_40' title='bbox 1642 438 1765 470; x_wconf 85' lang='lat' dir='ltr'><strong>locum</strong></span> 
     </span>
     <span class='ocr_line' id='line_1_7' title="bbox 310 489 1765 531; baseline 0.003 -12"><span class='ocrx_word' id='word_1_41' title='bbox 310 497 465 519; x_wconf 86' lang='lat' dir='ltr'><strong>vacuum</strong></span> <span class='ocrx_word' id='word_1_42' title='bbox 491 489 741 531; x_wconf 79' lang='lat' dir='ltr'><strong>occupavisse,</strong></span> <span class='ocrx_word' id='word_1_43' title='bbox 761 490 943 523; x_wconf 79' lang='lat' dir='ltr'><strong>civitatem</strong></span> <span class='ocrx_word' id='word_1_44' title='bbox 958 502 977 524; x_wconf 92' lang='lat' dir='ltr'><strong>e</strong></span> <span class='ocrx_word' id='word_1_45' title='bbox 995 494 1118 525; x_wconf 83' lang='lat' dir='ltr'><strong>eontra</strong></span> <span class='ocrx_word' id='word_1_46' title='bbox 1141 491 1399 526; x_wconf 78' lang='lat' dir='ltr'><strong>Atheniensem</strong></span> <span class='ocrx_word' id='word_1_47' title='bbox 1419 491 1517 524; x_wconf 91' lang='lat' dir='ltr'><strong>nullo</strong></span> <span class='ocrx_word' id='word_1_48' title='bbox 1535 491 1568 524; x_wconf 92' lang='lat' dir='ltr'><strong>in</strong></span> <span class='ocrx_word' id='word_1_49' title='bbox 1590 491 1668 525; x_wconf 91' lang='lat' dir='ltr'><strong>loco</strong></span> <span class='ocrx_word' id='word_1_50' title='bbox 1685 502 1765 524; x_wconf 83' lang='lat' dir='ltr'><strong>esse</strong></span> 
     </span>
     <span class='ocr_line' id='line_1_8' title="bbox 310 542 1740 585; baseline 0.006 -11"><span class='ocrx_word' id='word_1_51' title='bbox 310 542 407 585; x_wconf 84' lang='lat' dir='ltr'><strong>apud</strong></span> <span class='ocrx_word' id='word_1_52' title='bbox 425 545 561 575; x_wconf 87' lang='lat' dir='ltr'><strong>ceteras</strong></span> <span class='ocrx_word' id='word_1_53' title='bbox 579 543 729 577; x_wconf 85' lang='lat' dir='ltr'><strong>Graeciae</strong></span> <span class='ocrx_word' id='word_1_54' title='bbox 749 544 925 578; x_wconf 85' lang='lat' dir='ltr'><strong>civitates.</strong></span> <span class='ocrx_word' id='word_1_55' title='bbox 1737 556 1740 558; x_wconf 85' lang='lat'>&#39;</span> 
     </span>
    </p>

    <p class='ocr_par' dir='ltr' id='par_1_4' title="bbox 309 596 1764 915">
     <span class='ocr_line' id='line_1_9' title="bbox 357 596 1764 645; baseline 0.004 -16"><span class='ocrx_word' id='word_1_56' title='bbox 357 599 407 629; x_wconf 88' lang='lat'><strong>7⁰.</strong></span> <span class='ocrx_word' id='word_1_57' title='bbox 438 596 567 630; x_wconf 81' lang='lat' dir='ltr'><strong>Cetera</strong></span> <span class='ocrx_word' id='word_1_58' title='bbox 584 598 793 642; x_wconf 71' lang='lat' dir='ltr'><strong>reipublicae</strong></span> <span class='ocrx_word' id='word_1_59' title='bbox 820 600 915 633; x_wconf 88' lang='lat' dir='ltr'><strong>mala</strong></span> <span class='ocrx_word' id='word_1_60' title='bbox 946 602 1180 645; x_wconf 78' lang='lat' dir='ltr'><strong>persequitur,</strong></span> <span class='ocrx_word' id='word_1_61' title='bbox 1204 611 1287 645; x_wconf 85' lang='lat' dir='ltr'><strong>qnae</strong></span> <span class='ocrx_word' id='word_1_62' title='bbox 1314 600 1450 634; x_wconf 70' lang='lat' dir='ltr'><strong>confert</strong></span> <span class='ocrx_word' id='word_1_63' title='bbox 1471 600 1507 634; x_wconf 90' lang='lat' dir='ltr'><strong>in</strong></span> <span class='ocrx_word' id='word_1_64' title='bbox 1527 601 1726 644; x_wconf 84' lang='lat' dir='ltr'><strong>proditores</strong></span> <span class='ocrx_word' id='word_1_65' title='bbox 1742 611 1764 634; x_wconf 86' lang='lat' dir='ltr'><strong>a</strong></span> 
     </span>
     <span class='ocr_line' id='line_1_10' title="bbox 310 651 1762 698; baseline 0.003 -15"><span class='ocrx_word' id='word_1_66' title='bbox 310 651 440 695; x_wconf 90' lang='lat' dir='ltr'><strong>quibus</strong></span> <span class='ocrx_word' id='word_1_67' title='bbox 457 652 662 685; x_wconf 74' lang='lat' dir='ltr'><strong>venduntur</strong></span> <span class='ocrx_word' id='word_1_68' title='bbox 674 653 722 686; x_wconf 90' lang='lat' dir='ltr'><strong>rei</strong></span> <span class='ocrx_word' id='word_1_69' title='bbox 741 654 908 695; x_wconf 81' lang='lat' dir='ltr'><strong>gerendae</strong></span> <span class='ocrx_word' id='word_1_70' title='bbox 923 655 1132 687; x_wconf 82' lang='lat' dir='ltr'><strong>occasiones</strong></span> <span class='ocrx_word' id='word_1_71' title='bbox 1147 666 1155 688; x_wconf 90' lang='lat'>:</span> <span class='ocrx_word' id='word_1_72' title='bbox 1183 666 1244 688; x_wconf 87' lang='lat' dir='ltr'><strong>eos</strong></span> <span class='ocrx_word' id='word_1_73' title='bbox 1262 655 1378 688; x_wconf 79' lang='lat' dir='ltr'><strong>valide</strong></span> <span class='ocrx_word' id='word_1_74' title='bbox 1396 654 1558 687; x_wconf 77' lang='lat' dir='ltr'><strong>confutat</strong></span> <span class='ocrx_word' id='word_1_75' title='bbox 1575 654 1636 698; x_wconf 90' lang='lat' dir='ltr'><strong>qui</strong></span> <span class='ocrx_word' id='word_1_76' title='bbox 1653 664 1762 697; x_wconf 88' lang='lat' dir='ltr'><strong>nega-</strong></span> 
     </span>
     <span class='ocr_line' id='line_1_11' title="bbox 310 707 1763 753; baseline 0.002 -14"><span class='ocrx_word' id='word_1_77' title='bbox 310 707 399 739; x_wconf 85' lang='lat' dir='ltr'><strong>bant</strong></span> <span class='ocrx_word' id='word_1_78' title='bbox 428 707 559 739; x_wconf 86' lang='lat' dir='ltr'><strong>bellum</strong></span> <span class='ocrx_word' id='word_1_79' title='bbox 591 718 668 740; x_wconf 84' lang='lat' dir='ltr'><strong>esse</strong></span> <span class='ocrx_word' id='word_1_80' title='bbox 697 709 936 749; x_wconf 82' lang='lat' dir='ltr'><strong>suadendum,</strong></span> <span class='ocrx_word' id='word_1_81' title='bbox 962 710 1023 752; x_wconf 74' lang='lat' dir='ltr'><strong>q‘ui</strong></span> <span class='ocrx_word' id='word_1_82' title='bbox 1042 710 1139 753; x_wconf 82' lang='lat' dir='ltr'><strong>pacis</strong></span> <span class='ocrx_word' id='word_1_83' title='bbox 1163 710 1352 742; x_wconf 78' lang='lat' dir='ltr'><strong>commoda</strong></span> <span class='ocrx_word' id='word_1_84' title='bbox 1378 713 1413 741; x_wconf 84' lang='lat' dir='ltr'><strong>et</strong></span> <span class='ocrx_word' id='word_1_85' title='bbox 1438 709 1558 752; x_wconf 86' lang='lat' dir='ltr'><strong>magni</strong></span> <span class='ocrx_word' id='word_1_86' title='bbox 1582 709 1763 743; x_wconf 82' lang='lat' dir='ltr'><strong>exercitus</strong></span> 
     </span>
     <span class='ocr_line' id='line_1_12' title="bbox 310 760 1764 805; baseline 0.001 -12"><span class='ocrx_word' id='word_1_87' title='bbox 310 760 428 793; x_wconf 87' lang='lat' dir='ltr'><strong>alendi</strong></span> <span class='ocrx_word' id='word_1_88' title='bbox 455 761 636 794; x_wconf 80' lang='lat' dir='ltr'><strong>molestias</strong></span> <span class='ocrx_word' id='word_1_89' title='bbox 655 762 947 805; x_wconf 76' lang='lat' dir='ltr'><strong>exaggerabant:</strong></span> <span class='ocrx_word' id='word_1_90' title='bbox 974 773 1123 796; x_wconf 85' lang='lat' dir='ltr'><strong>causam</strong></span> <span class='ocrx_word' id='word_1_91' title='bbox 1149 763 1270 805; x_wconf 86' lang='lat' dir='ltr'><strong>adjicit</strong></span> <span class='ocrx_word' id='word_1_92' title='bbox 1289 773 1353 796; x_wconf 91' lang='lat' dir='ltr'><strong>cur</strong></span> <span class='ocrx_word' id='word_1_93' title='bbox 1376 762 1472 795; x_wconf 88' lang='lat' dir='ltr'><strong>cives</strong></span> <span class='ocrx_word' id='word_1_94' title='bbox 1498 773 1582 795; x_wconf 85' lang='lat' dir='ltr'><strong>suos</strong></span> <span class='ocrx_word' id='word_1_95' title='bbox 1599 762 1764 796; x_wconf 84' lang='lat' dir='ltr'><strong>crimina-</strong></span> 
     </span>
     <span class='ocr_line' id='line_1_13' title="bbox 309 814 1763 861; baseline 0.002 -14"><span class='ocrx_word' id='word_1_96' title='bbox 309 819 431 848; x_wconf 86' lang='lat' dir='ltr'><strong>rentur</strong></span> <span class='ocrx_word' id='word_1_97' title='bbox 451 814 586 848; x_wconf 87' lang='lat' dir='ltr'><strong>bellum</strong></span> <span class='ocrx_word' id='word_1_98' title='bbox 604 816 808 858; x_wconf 80' lang='lat' dir='ltr'><strong>suadentes,</strong></span> <span class='ocrx_word' id='word_1_99' title='bbox 831 820 868 850; x_wconf 85' lang='lat' dir='ltr'><strong>et</strong></span> <span class='ocrx_word' id='word_1_100' title='bbox 886 817 1093 860; x_wconf 84' lang='lat' dir='ltr'><strong>Philippum</strong></span> <span class='ocrx_word' id='word_1_101' title='bbox 1119 817 1212 851; x_wconf 88' lang='lat' dir='ltr'><strong>bello</strong></span> <span class='ocrx_word' id='word_1_102' title='bbox 1238 819 1457 861; x_wconf 84' lang='lat' dir='ltr'><strong>grassantem</strong></span> <span class='ocrx_word' id='word_1_103' title='bbox 1482 816 1634 861; x_wconf 68' lang='lat' dir='ltr'><strong>placidis</strong></span> <span class='ocrx_word' id='word_1_104' title='bbox 1649 817 1763 850; x_wconf 87' lang='lat' dir='ltr'><strong>oculis</strong></span> 
     </span>
     <span class='ocr_line' id='line_1_14' title="bbox 310 870 1045 915; baseline 0.003 -12"><span class='ocrx_word' id='word_1_105' title='bbox 310 873 539 914; x_wconf 83' lang='lat' dir='ltr'><strong>spectarent:</strong></span> <span class='ocrx_word' id='word_1_106' title='bbox 565 870 654 904; x_wconf 89' lang='lat' dir='ltr'><strong>dicit</strong></span> <span class='ocrx_word' id='word_1_107' title='bbox 670 871 757 915; x_wconf 87' lang='lat' dir='ltr'><strong>quid</strong></span> <span class='ocrx_word' id='word_1_108' title='bbox 780 873 865 905; x_wconf 88' lang='lat' dir='ltr'><strong>inde</strong></span> <span class='ocrx_word' id='word_1_109' title='bbox 892 873 1045 906; x_wconf 78' lang='lat' dir='ltr'><strong>eveniat.</strong></span> 
     </span>
    </p>

    <p class='ocr_par' dir='ltr' id='par_1_5' title="bbox 308 925 1765 1342">
     <span class='ocr_line' id='line_1_15' title="bbox 357 925 1764 970; baseline 0 -11"><span class='ocrx_word' id='word_1_110' title='bbox 357 928 405 959; x_wconf 81' lang='lat'><strong>8⁰.</strong></span> <span class='ocrx_word' id='word_1_111' title='bbox 433 925 553 958; x_wconf 84' lang='lat' dir='ltr'><strong>Docet</strong></span> <span class='ocrx_word' id='word_1_112' title='bbox 568 925 706 959; x_wconf 86' lang='lat' dir='ltr'><strong>civitati</strong></span> <span class='ocrx_word' id='word_1_113' title='bbox 725 925 936 959; x_wconf 86' lang='lat' dir='ltr'><strong>Atheniensi</strong></span> <span class='ocrx_word' id='word_1_114' title='bbox 958 926 1167 970; x_wconf 88' lang='lat' dir='ltr'><strong>Philippum</strong></span> <span class='ocrx_word' id='word_1_115' title='bbox 1185 926 1297 959; x_wconf 84' lang='lat' dir='ltr'><strong>multo</strong></span> <span class='ocrx_word' id='word_1_116' title='bbox 1318 936 1394 958; x_wconf 90' lang='lat' dir='ltr'><strong>esse</strong></span> <span class='ocrx_word' id='word_1_117' title='bbox 1417 926 1634 959; x_wconf 81' lang='lat' dir='ltr'><strong>infestiorem</strong></span> <span class='ocrx_word' id='word_1_118' title='bbox 1652 936 1764 970; x_wconf 87' lang='lat' dir='ltr'><strong>quam</strong></span> 
     </span>
     <span class='ocr_line' id='line_1_16' title="bbox 309 980 1764 1025; baseline 0.001 -11"><span class='ocrx_word' id='word_1_119' title='bbox 309 981 448 1018; x_wconf 79' lang='lat' dir='ltr'><strong>ceteris,</strong></span> <span class='ocrx_word' id='word_1_120' title='bbox 459 980 495 1014; x_wconf 90' lang='lat' dir='ltr'><strong>id</strong></span> <span class='ocrx_word' id='word_1_121' title='bbox 508 981 602 1024; x_wconf 89' lang='lat' dir='ltr'><strong>quod</strong></span> <span class='ocrx_word' id='word_1_122' title='bbox 614 981 691 1014; x_wconf 88' lang='lat' dir='ltr'><strong>fuse</strong></span> <span class='ocrx_word' id='word_1_123' title='bbox 702 981 821 1024; x_wconf 87' lang='lat' dir='ltr'><strong>arguit</strong></span> <span class='ocrx_word' id='word_1_124' title='bbox 830 981 1004 1025; x_wconf 80' lang='lat' dir='ltr'><strong>exemplis</strong></span> <span class='ocrx_word' id='word_1_125' title='bbox 1013 985 1213 1014; x_wconf 83' lang='lat' dir='ltr'><strong>ceterorum</strong></span> <span class='ocrx_word' id='word_1_126' title='bbox 1229 982 1552 1025; x_wconf 84' lang='lat' dir='ltr'><strong>populorum‚quos</strong></span> <span class='ocrx_word' id='word_1_127' title='bbox 1565 981 1625 1014; x_wconf 86' lang='lat' dir='ltr'><strong>ille</strong></span> <span class='ocrx_word' id='word_1_128' title='bbox 1636 983 1764 1015; x_wconf 83' lang='lat' dir='ltr'><strong>saltem</strong></span> 
     </span>
     <span class='ocr_line' id='line_1_17' title="bbox 308 1034 1764 1079; baseline 0.001 -12"><span class='ocrx_word' id='word_1_129' title='bbox 308 1034 490 1067; x_wconf 82' lang='lat' dir='ltr'><strong>beneficiis</strong></span> <span class='ocrx_word' id='word_1_130' title='bbox 514 1034 612 1078; x_wconf 82' lang='lat' dir='ltr'><strong>prius</strong></span> <span class='ocrx_word' id='word_1_131' title='bbox 641 1035 853 1068; x_wconf 79' lang='lat' dir='ltr'><strong>deliniverat</strong></span> <span class='ocrx_word' id='word_1_132' title='bbox 871 1046 977 1079; x_wconf 85' lang='lat' dir='ltr'><strong>quam</strong></span> <span class='ocrx_word' id='word_1_133' title='bbox 1001 1035 1092 1068; x_wconf 91' lang='lat' dir='ltr'><strong>dolis</strong></span> <span class='ocrx_word' id='word_1_134' title='bbox 1117 1038 1153 1068; x_wconf 88' lang='lat' dir='ltr'><strong>et</strong></span> <span class='ocrx_word' id='word_1_135' title='bbox 1180 1036 1286 1068; x_wconf 83' lang='lat' dir='ltr'><strong>armis</strong></span> <span class='ocrx_word' id='word_1_136' title='bbox 1308 1035 1492 1079; x_wconf 88' lang='lat' dir='ltr'><strong>perderet:</strong></span> <span class='ocrx_word' id='word_1_137' title='bbox 1517 1034 1764 1069; x_wconf 87' lang='lat' dir='ltr'><strong>vehementius</strong></span> 
     </span>
     <span class='ocr_line' id='line_1_18' title="bbox 308 1089 1765 1134; baseline 0.001 -12"><span class='ocrx_word' id='word_1_138' title='bbox 308 1089 498 1132; x_wconf 82' lang='lat' dir='ltr'><strong>impugnat</strong></span> <span class='ocrx_word' id='word_1_139' title='bbox 514 1095 672 1123; x_wconf 88' lang='lat' dir='ltr'><strong>oratores</strong></span> <span class='ocrx_word' id='word_1_140' title='bbox 696 1089 902 1129; x_wconf 87' lang='lat' dir='ltr'><strong>nonnullos,</strong></span> <span class='ocrx_word' id='word_1_141' title='bbox 919 1090 992 1134; x_wconf 86' lang='lat' dir='ltr'><strong>qui,</strong></span> <span class='ocrx_word' id='word_1_142' title='bbox 1012 1090 1096 1122; x_wconf 91' lang='lat' dir='ltr'><strong>dum</strong></span> <span class='ocrx_word' id='word_1_143' title='bbox 1116 1089 1279 1134; x_wconf 89' lang='lat' dir='ltr'><strong>Philippo</strong></span> <span class='ocrx_word' id='word_1_144' title='bbox 1306 1090 1478 1130; x_wconf 86' lang='lat' dir='ltr'><strong>faverent,</strong></span> <span class='ocrx_word' id='word_1_145' title='bbox 1504 1091 1663 1124; x_wconf 87' lang='lat' dir='ltr'><strong>celebres</strong></span> <span class='ocrx_word' id='word_1_146' title='bbox 1678 1090 1765 1124; x_wconf 83' lang='lat' dir='ltr'><strong>facti</strong></span> 
     </span>
     <span class='ocr_line' id='line_1_19' title="bbox 309 1144 1762 1188; baseline 0.001 -12"><span class='ocrx_word' id='word_1_147' title='bbox 309 1146 346 1176; x_wconf 89' lang='lat' dir='ltr'><strong>et</strong></span> <span class='ocrx_word' id='word_1_148' title='bbox 362 1144 502 1184; x_wconf 89' lang='lat' dir='ltr'><strong>divites,</strong></span> <span class='ocrx_word' id='word_1_149' title='bbox 519 1145 700 1178; x_wconf 86' lang='lat' dir='ltr'><strong>civitatem</strong></span> <span class='ocrx_word' id='word_1_150' title='bbox 728 1155 828 1178; x_wconf 91' lang='lat' dir='ltr'><strong>suam</strong></span> <span class='ocrx_word' id='word_1_151' title='bbox 848 1145 989 1188; x_wconf 89' lang='lat' dir='ltr'><strong>inopem</strong></span> <span class='ocrx_word' id='word_1_152' title='bbox 1008 1147 1045 1177; x_wconf 86' lang='lat' dir='ltr'><strong>et</strong></span> <span class='ocrx_word' id='word_1_153' title='bbox 1061 1144 1251 1177; x_wconf 81' lang='lat' dir='ltr'><strong>obscuram</strong></span> <span class='ocrx_word' id='word_1_154' title='bbox 1269 1144 1471 1183; x_wconf 79' lang='lat' dir='ltr'><strong>effecerant,</strong></span> <span class='ocrx_word' id='word_1_155' title='bbox 1495 1155 1537 1177; x_wconf 90' lang='lat' dir='ltr'><strong>ac</strong></span> <span class='ocrx_word' id='word_1_156' title='bbox 1562 1144 1762 1188; x_wconf 81' lang='lat' dir='ltr'><strong>praesertim</strong></span> 
     </span>
     <span class='ocr_line' id='line_1_20' title="bbox 311 1198 1762 1243; baseline 0.001 -12"><span class='ocrx_word' id='word_1_157' title='bbox 311 1198 584 1232; x_wconf 87' lang='lat' dir='ltr'><strong>Aristodemum</strong></span> <span class='ocrx_word' id='word_1_158' title='bbox 611 1199 805 1243; x_wconf 88' lang='lat' dir='ltr'><strong>quendam,</strong></span> <span class='ocrx_word' id='word_1_159' title='bbox 821 1199 898 1243; x_wconf 88' lang='lat' dir='ltr'><strong>qui,</strong></span> <span class='ocrx_word' id='word_1_160' title='bbox 917 1209 1029 1243; x_wconf 83' lang='lat' dir='ltr'><strong>quum</strong></span> <span class='ocrx_word' id='word_1_161' title='bbox 1057 1199 1132 1242; x_wconf 90' lang='lat' dir='ltr'><strong>ipse</strong></span> <span class='ocrx_word' id='word_1_162' title='bbox 1151 1198 1305 1242; x_wconf 76' lang='lat' dir='ltr'><strong>publicae</strong></span> <span class='ocrx_word' id='word_1_163' title='bbox 1327 1209 1443 1231; x_wconf 88' lang='lat' dir='ltr'><strong>rerum</strong></span> <span class='ocrx_word' id='word_1_164' title='bbox 1462 1199 1762 1232; x_wconf 87' lang='lat' dir='ltr'><strong>administrationi</strong></span> 
     </span>
     <span class='ocr_line' id='line_1_21' title="bbox 310 1253 1763 1301; baseline 0 -14"><span class='ocrx_word' id='word_1_165' title='bbox 310 1255 411 1288; x_wconf 84' lang='lat' dir='ltr'><strong>daret</strong></span> <span class='ocrx_word' id='word_1_166' title='bbox 427 1264 570 1298; x_wconf 87' lang='lat' dir='ltr'><strong>operam</strong></span> <span class='ocrx_word' id='word_1_167' title='bbox 587 1255 780 1298; x_wconf 82' lang='lat' dir='ltr'><strong>inquietus,</strong></span> <span class='ocrx_word' id='word_1_168' title='bbox 798 1255 983 1299; x_wconf 84' lang='lat' dir='ltr'><strong>satagebat</strong></span> <span class='ocrx_word' id='word_1_169' title='bbox 1000 1256 1042 1288; x_wconf 88' lang='lat' dir='ltr'><strong>ut</strong></span> <span class='ocrx_word' id='word_1_170' title='bbox 1058 1253 1297 1287; x_wconf 84' lang='lat' dir='ltr'><strong>Athenienses</strong></span> <span class='ocrx_word' id='word_1_171' title='bbox 1315 1257 1502 1287; x_wconf 88' lang='lat' dir='ltr'><strong>manerent</strong></span> <span class='ocrx_word' id='word_1_172' title='bbox 1519 1255 1632 1298; x_wconf 85' lang='lat' dir='ltr'><strong>quieti</strong></span> <span class='ocrx_word' id='word_1_173' title='bbox 1648 1258 1685 1287; x_wconf 90' lang='lat' dir='ltr'><strong>et</strong></span> <span class='ocrx_word' id='word_1_174' title='bbox 1700 1254 1763 1301; x_wconf 87' lang='lat' dir='ltr'><strong>de·</strong></span> 
     </span>
     <span class='ocr_line' id='line_1_22' title="bbox 311 1309 418 1342; baseline 0.009 -1"><span class='ocrx_word' id='word_1_175' title='bbox 311 1309 418 1342; x_wconf 88' lang='lat' dir='ltr'><strong>sides.</strong></span> 
     </span>
    </p>

    <p class='ocr_par' dir='ltr' id='par_1_6' title="bbox 307 1363 1762 1615">
     <span class='ocr_line' id='line_1_23' title="bbox 356 1363 1762 1409; baseline -0.001 -12"><span class='ocrx_word' id='word_1_176' title='bbox 356 1366 406 1397; x_wconf 77' lang='lat'><strong>9⁰.</strong></span> <span class='ocrx_word' id='word_1_177' title='bbox 431 1364 562 1397; x_wconf 82' lang='lat' dir='ltr'><strong>Totam</strong></span> <span class='ocrx_word' id='word_1_178' title='bbox 584 1363 781 1397; x_wconf 81' lang='lat' dir='ltr'><strong>orationem</strong></span> <span class='ocrx_word' id='word_1_179' title='bbox 802 1365 852 1398; x_wconf 88' lang='lat' dir='ltr'><strong>sic</strong></span> <span class='ocrx_word' id='word_1_180' title='bbox 876 1365 1073 1406; x_wconf 85' lang='lat' dir='ltr'><strong>concludit,</strong></span> <span class='ocrx_word' id='word_1_181' title='bbox 1101 1376 1148 1405; x_wconf 87' lang='lat' dir='ltr'><strong>se,</strong></span> <span class='ocrx_word' id='word_1_182' title='bbox 1167 1375 1279 1409; x_wconf 89' lang='lat' dir='ltr'><strong>quum</strong></span> <span class='ocrx_word' id='word_1_183' title='bbox 1299 1365 1411 1397; x_wconf 87' lang='lat' dir='ltr'><strong>multa</strong></span> <span class='ocrx_word' id='word_1_184' title='bbox 1428 1363 1544 1397; x_wconf 82' lang='lat' dir='ltr'><strong>adhuc</strong></span> <span class='ocrx_word' id='word_1_185' title='bbox 1561 1363 1692 1397; x_wconf 86' lang='lat' dir='ltr'><strong>habeat</strong></span> <span class='ocrx_word' id='word_1_186' title='bbox 1709 1364 1762 1397; x_wconf 88' lang='lat' dir='ltr'><strong>di-</strong></span> 
     </span>
     <span class='ocr_line' id='line_1_24' title="bbox 309 1418 1762 1463; baseline 0 -12"><span class='ocrx_word' id='word_1_187' title='bbox 309 1419 436 1458; x_wconf 84' lang='lat' dir='ltr'><strong>cenda,</strong></span> <span class='ocrx_word' id='word_1_188' title='bbox 451 1419 624 1460; x_wconf 87' lang='lat' dir='ltr'><strong>desinere,</strong></span> <span class='ocrx_word' id='word_1_189' title='bbox 643 1419 729 1463; x_wconf 81' lang='lat' dir='ltr'><strong>quia</strong></span> <span class='ocrx_word' id='word_1_190' title='bbox 746 1419 884 1452; x_wconf 88' lang='lat' dir='ltr'><strong>scilicet</strong></span> <span class='ocrx_word' id='word_1_191' title='bbox 896 1430 967 1453; x_wconf 88' lang='lat' dir='ltr'><strong>non</strong></span> <span class='ocrx_word' id='word_1_192' title='bbox 984 1418 1106 1463; x_wconf 84' lang='lat' dir='ltr'><strong>inopia</strong></span> <span class='ocrx_word' id='word_1_193' title='bbox 1121 1420 1308 1452; x_wconf 82' lang='lat' dir='ltr'><strong>verborum</strong></span> <span class='ocrx_word' id='word_1_194' title='bbox 1334 1430 1388 1451; x_wconf 83' lang='lat' dir='ltr'><strong>res</strong></span> <span class='ocrx_word' id='word_1_195' title='bbox 1405 1419 1555 1462; x_wconf 81' lang='lat' dir='ltr'><strong>pessime</strong></span> <span class='ocrx_word' id='word_1_196' title='bbox 1573 1422 1673 1459; x_wconf 87' lang='lat' dir='ltr'><strong>eunt,</strong></span> <span class='ocrx_word' id='word_1_197' title='bbox 1698 1419 1762 1452; x_wconf 86' lang='lat' dir='ltr'><strong>sed</strong></span> 
     </span>
     <span class='ocr_line' id='line_1_25' title="bbox 307 1472 1759 1518; baseline -0.001 -12"><span class='ocrx_word' id='word_1_198' title='bbox 307 1473 476 1507; x_wconf 82' lang='lat' dir='ltr'><strong>facilitate</strong></span> <span class='ocrx_word' id='word_1_199' title='bbox 491 1483 552 1506; x_wconf 88' lang='lat' dir='ltr'><strong>eos</strong></span> <span class='ocrx_word' id='word_1_200' title='bbox 566 1473 735 1507; x_wconf 90' lang='lat' dir='ltr'><strong>audiendi</strong></span> <span class='ocrx_word' id='word_1_201' title='bbox 749 1474 810 1518; x_wconf 89' lang='lat' dir='ltr'><strong>qui</strong></span> <span class='ocrx_word' id='word_1_202' title='bbox 826 1475 860 1507; x_wconf 92' lang='lat' dir='ltr'><strong>in</strong></span> <span class='ocrx_word' id='word_1_203' title='bbox 877 1474 1030 1516; x_wconf 83' lang='lat' dir='ltr'><strong>gratiam</strong></span> <span class='ocrx_word' id='word_1_204' title='bbox 1050 1474 1204 1518; x_wconf 88' lang='lat' dir='ltr'><strong>Philippi</strong></span> <span class='ocrx_word' id='word_1_205' title='bbox 1223 1474 1439 1517; x_wconf 81' lang='lat' dir='ltr'><strong>loquuntur3</strong></span> <span class='ocrx_word' id='word_1_206' title='bbox 1465 1476 1626 1506; x_wconf 88' lang='lat' dir='ltr'><strong>ceterum</strong></span> <span class='ocrx_word' id='word_1_207' title='bbox 1643 1484 1681 1506; x_wconf 86' lang='lat' dir='ltr'><strong>se</strong></span> <span class='ocrx_word' id='word_1_208' title='bbox 1698 1472 1759 1506; x_wconf 88' lang='lat' dir='ltr'><strong>be-</strong></span> 
     </span>
     <span class='ocr_line' id='line_1_26' title="bbox 308 1527 1762 1575; baseline 0.002 -15"><span class='ocrx_word' id='word_1_209' title='bbox 308 1529 448 1569; x_wconf 77' lang='lat' dir='ltr'><strong>nev01e‚</strong></span> <span class='ocrx_word' id='word_1_210' title='bbox 461 1527 679 1572; x_wconf 82' lang='lat' dir='ltr'><strong>simpliciter,</strong></span> <span class='ocrx_word' id='word_1_211' title='bbox 696 1530 794 1562; x_wconf 88' lang='lat' dir='ltr'><strong>nullo</strong></span> <span class='ocrx_word' id='word_1_212' title='bbox 811 1529 1048 1563; x_wconf 86' lang='lat' dir='ltr'><strong>conciliaudae</strong></span> <span class='ocrx_word' id='word_1_213' title='bbox 1066 1530 1232 1575; x_wconf 85' lang='lat' dir='ltr'><strong>pecuniae</strong></span> <span class='ocrx_word' id='word_1_214' title='bbox 1250 1529 1381 1568; x_wconf 87' lang='lat' dir='ltr'><strong>studio,</strong></span> <span class='ocrx_word' id='word_1_215' title='bbox 1397 1538 1479 1561; x_wconf 80' lang='lat' dir='ltr'><strong>vera</strong></span> <span class='ocrx_word' id='word_1_216' title='bbox 1491 1538 1587 1561; x_wconf 89' lang='lat' dir='ltr'><strong>nunc</strong></span> <span class='ocrx_word' id='word_1_217' title='bbox 1606 1532 1642 1562; x_wconf 86' lang='lat' dir='ltr'><strong>et</strong></span> <span class='ocrx_word' id='word_1_218' title='bbox 1660 1530 1762 1563; x_wconf 81' lang='lat' dir='ltr'><strong>utilia</strong></span> 
     </span>
     <span class='ocr_line' id='line_1_27' title="bbox 308 1582 467 1615; baseline -0.006 0"><span class='ocrx_word' id='word_1_219' title='bbox 308 1582 467 1615; x_wconf 48' lang='lat' dir='ltr'><strong>dixisses</strong></span> 
     </span>
    </p>

    <p class='ocr_par' dir='ltr' id='par_1_7' title="bbox 311 1635 1763 1726">
     <span class='ocr_line' id='line_1_28' title="bbox 357 1635 1763 1683; baseline -0.001 -13"><span class='ocrx_word' id='word_1_220' title='bbox 357 1637 466 1670; x_wconf 83' lang='lat' dir='ltr'><strong>Dicta</strong></span> <span class='ocrx_word' id='word_1_221' title='bbox 489 1640 542 1671; x_wconf 88' lang='lat' dir='ltr'><strong>est</strong></span> <span class='ocrx_word' id='word_1_222' title='bbox 559 1637 636 1672; x_wconf 79' lang='lat' dir='ltr'><strong>haec</strong></span> <span class='ocrx_word' id='word_1_223' title='bbox 651 1638 766 1672; x_wconf 77' lang='lat' dir='ltr'><strong>oratio</strong></span> <span class='ocrx_word' id='word_1_224' title='bbox 779 1638 906 1672; x_wconf 85' lang='lat' dir='ltr'><strong>eodem</strong></span> <span class='ocrx_word' id='word_1_225' title='bbox 932 1649 1026 1673; x_wconf 83' lang='lat' dir='ltr'><strong>anno</strong></span> <span class='ocrx_word' id='word_1_226' title='bbox 1043 1640 1170 1683; x_wconf 86' lang='lat' dir='ltr'><strong>quarto</strong></span> <span class='ocrx_word' id='word_1_227' title='bbox 1187 1636 1400 1682; x_wconf 81' lang='lat' dir='ltr'><strong>olympiadis</strong></span> <span class='ocrx_word' id='word_1_228' title='bbox 1417 1645 1496 1679; x_wconf 71' lang='lat' dir='ltr'><strong>ctx,</strong></span> <span class='ocrx_word' id='word_1_229' title='bbox 1510 1635 1575 1670; x_wconf 82' lang='lat' dir='ltr'><strong>sub</strong></span> <span class='ocrx_word' id='word_1_230' title='bbox 1593 1635 1763 1670; x_wconf 81' lang='lat' dir='ltr'><strong>archonte</strong></span> 
     </span>
     <span class='ocr_line' id='line_1_29' title="bbox 311 1692 544 1726; baseline 0.009 -2"><span class='ocrx_word' id='word_1_231' title='bbox 311 1692 544 1726; x_wconf 85' lang='lat' dir='ltr'><strong>Nicomacho.</strong></span> 
     </span>
    </p>
   </div>
   <div class='ocr_carea' id='block_1_3' title="bbox 711 1820 1373 1840">
    <p class='ocr_par' dir='ltr' id='par_1_8' title="bbox 711 1820 1373 1840">
     <span class='ocr_line' id='line_1_30' title="bbox 711 1820 1373 1840; baseline 0 1309"><span class='ocrx_word' id='word_1_232' title='bbox 711 1820 1373 1840; x_wconf 95' lang='lat' dir='ltr'><strong> </strong></span> 
     </span>
    </p>
   </div>
   <div class='ocr_carea' id='block_1_4' title="bbox 660 1945 1416 2109">
    <p class='ocr_par' dir='ltr' id='par_1_9' title="bbox 660 1945 1416 2109">
     <span class='ocr_line' id='line_1_31' title="bbox 810 1945 1278 1987; baseline 0.002 -1"><span class='ocrx_word' id='word_1_233' title='bbox 810 1945 1041 1987; x_wconf 82' lang='lat' dir='ltr'><strong>ARGUM</strong></span> <span class='ocrx_word' id='word_1_234' title='bbox 1051 1946 1278 1987; x_wconf 86' lang='lat' dir='ltr'>ENTUM</span> 
     </span>
     <span class='ocr_line' id='line_1_32' title="bbox 660 2059 1416 2109; baseline 0.004 -3"><span class='ocrx_word' id='word_1_235' title='bbox 660 2059 739 2106; x_wconf 91' lang='lat' dir='ltr'><strong>IN</strong></span> <span class='ocrx_word' id='word_1_236' title='bbox 779 2060 1093 2107; x_wconf 85' lang='lat' dir='ltr'>PHILIPP</span> <span class='ocrx_word' id='word_1_237' title='bbox 1113 2062 1310 2109; x_wconf 85' lang='lat' dir='ltr'><strong>ICAM</strong></span> <span class='ocrx_word' id='word_1_238' title='bbox 1349 2063 1416 2109; x_wconf 93' lang='lat' dir='ltr'><strong>IV</strong></span> 
     </span>
    </p>
   </div>
   <div class='ocr_carea' id='block_1_5' title="bbox 831 2267 1252 2309">
    <p class='ocr_par' dir='ltr' id='par_1_10' title="bbox 831 2267 1252 2309">
     <span class='ocr_line' id='line_1_33' title="bbox 831 2267 1252 2309; baseline 0.005 -2"><span class='ocrx_word' id='word_1_239' title='bbox 831 2267 1252 2309; x_wconf 88' lang='lat' dir='ltr'><strong>TOURELLIO.</strong></span> 
     </span>
    </p>
   </div>
   <div class='ocr_carea' id='block_1_6' title="bbox 305 2374 1803 2909">
    <p class='ocr_par' dir='ltr' id='par_1_11' title="bbox 305 2374 1803 2909">
     <span class='ocr_line' id='line_1_34' title="bbox 358 2374 1764 2420; baseline 0.001 -10"><span class='ocrx_word' id='word_1_240' title='bbox 358 2376 433 2410; x_wconf 83' lang='lat' dir='ltr'><strong>HA</strong></span> <span class='ocrx_word' id='word_1_241' title='bbox 441 2374 655 2420; x_wconf 78' lang='lat' dir='ltr'><strong>BITAsuit</strong></span> <span class='ocrx_word' id='word_1_242' title='bbox 674 2374 744 2407; x_wconf 58' lang='lat' dir='ltr'><strong>hsce</strong></span> <span class='ocrx_word' id='word_1_243' title='bbox 759 2375 880 2415; x_wconf 78' lang='lat' dir='ltr'><strong>oratio,</strong></span> <span class='ocrx_word' id='word_1_244' title='bbox 898 2375 1074 2408; x_wconf 75' lang='lat' dir='ltr'><strong>Archoute</strong></span> <span class='ocrx_word' id='word_1_245' title='bbox 1091 2375 1309 2414; x_wconf 65' lang='lat' dir='ltr'><strong>Nicomacho,</strong></span> <span class='ocrx_word' id='word_1_246' title='bbox 1323 2387 1413 2409; x_wconf 80' lang='lat' dir='ltr'><strong>anno</strong></span> <span class='ocrx_word' id='word_1_247' title='bbox 1422 2382 1499 2420; x_wconf 82' lang='lat' dir='ltr'><strong>post</strong></span> <span class='ocrx_word' id='word_1_248' title='bbox 1514 2376 1764 2420; x_wconf 76' lang='lat' dir='ltr'><strong>praececlemem</strong></span> 
     </span>
     <span class='ocr_line' id='line_1_35' title="bbox 305 2426 1762 2477; baseline 0.001 -13"><span class='ocrx_word' id='word_1_249' title='bbox 305 2426 478 2477; x_wconf 66' lang='lat' dir='ltr'><strong>pros-imo,</strong></span> <span class='ocrx_word' id='word_1_250' title='bbox 496 2430 598 2475; x_wconf 76' lang='lat' dir='ltr'><strong>regni</strong></span> <span class='ocrx_word' id='word_1_251' title='bbox 616 2429 779 2474; x_wconf 61' lang='lat' dir='ltr'><strong>Philippi</strong></span> <span class='ocrx_word' id='word_1_252' title='bbox 795 2430 960 2467; x_wconf 75' lang='lat' dir='ltr'><strong>vicesimo.</strong></span> <span class='ocrx_word' id='word_1_253' title='bbox 975 2430 1194 2475; x_wconf 76' lang='lat' dir='ltr'><strong>Olympiadis</strong></span> <span class='ocrx_word' id='word_1_254' title='bbox 1210 2443 1287 2464; x_wconf 77' lang='lat' dir='ltr'><strong>vero</strong></span> <span class='ocrx_word' id='word_1_255' title='bbox 1304 2430 1490 2464; x_wconf 74' lang='lat' dir='ltr'><strong>centesimoe</strong></span> <span class='ocrx_word' id='word_1_256' title='bbox 1508 2442 1603 2464; x_wconf 76' lang='lat' dir='ltr'><strong>uonoe</strong></span> <span class='ocrx_word' id='word_1_257' title='bbox 1623 2438 1762 2476; x_wconf 76' lang='lat' dir='ltr'><strong>quarto.</strong></span> 
     </span>
     <span class='ocr_line' id='line_1_36' title="bbox 311 2483 1761 2529; baseline 0 -10"><span class='ocrx_word' id='word_1_258' title='bbox 311 2485 410 2519; x_wconf 71' lang='lat' dir='ltr'><strong>Dicit</strong></span> <span class='ocrx_word' id='word_1_259' title='bbox 430 2484 596 2528; x_wconf 75' lang='lat' dir='ltr'><strong>Ulpianus</strong></span> <span class='ocrx_word' id='word_1_260' title='bbox 616 2483 889 2520; x_wconf 78' lang='lat' dir='ltr'><strong>Demosthenem.</strong></span> <span class='ocrx_word' id='word_1_261' title='bbox 904 2490 1049 2529; x_wconf 72' lang='lat' dir='ltr'><strong>propter</strong></span> <span class='ocrx_word' id='word_1_262' title='bbox 1062 2485 1193 2518; x_wconf 81' lang='lat' dir='ltr'><strong>tristem</strong></span> <span class='ocrx_word' id='word_1_263' title='bbox 1211 2485 1379 2529; x_wconf 76' lang='lat' dir='ltr'><strong>quendam</strong></span> <span class='ocrx_word' id='word_1_264' title='bbox 1397 2484 1554 2518; x_wconf 80' lang='lat' dir='ltr'><strong>mmtium</strong></span> <span class='ocrx_word' id='word_1_265' title='bbox 1570 2497 1590 2518; x_wconf 85' lang='grc' dir='ltr'><em>α</em></span> <span class='ocrx_word' id='word_1_266' title='bbox 1608 2485 1761 2519; x_wconf 78' lang='lat' dir='ltr'><strong>Thracia</strong></span> 
     </span>
     <span class='ocr_line' id='line_1_37' title="bbox 311 2539 1762 2585; baseline 0.001 -13"><span class='ocrx_word' id='word_1_267' title='bbox 311 2539 465 2573; x_wconf 76' lang='lat' dir='ltr'><strong>allatum,</strong></span> <span class='ocrx_word' id='word_1_268' title='bbox 468 2539 685 2583; x_wconf 74' lang='lat' dir='ltr'><strong>festinanter·</strong></span> <span class='ocrx_word' id='word_1_269' title='bbox 698 2550 770 2571; x_wconf 78' lang='lat' dir='ltr'><strong>eum</strong></span> <span class='ocrx_word' id='word_1_270' title='bbox 782 2539 1020 2583; x_wconf 78' lang='lat' dir='ltr'><strong>pronuntiasse</strong></span> <span class='ocrx_word' id='word_1_271' title='bbox 1031 2551 1040 2576; x_wconf 90' lang='grc'><strong><em>;</em></strong></span> <span class='ocrx_word' id='word_1_272' title='bbox 1066 2540 1165 2583; x_wconf 80' lang='lat' dir='ltr'><strong>idque</strong></span> <span class='ocrx_word' id='word_1_273' title='bbox 1184 2540 1216 2572; x_wconf 81' lang='lat' dir='ltr'><strong>in</strong></span> <span class='ocrx_word' id='word_1_274' title='bbox 1231 2552 1329 2572; x_wconf 76' lang='lat' dir='ltr'><strong>causa</strong></span> <span class='ocrx_word' id='word_1_275' title='bbox 1336 2540 1461 2584; x_wconf 73' lang='lat' dir='ltr'><strong>fuisse.</strong></span> <span class='ocrx_word' id='word_1_276' title='bbox 1475 2539 1652 2584; x_wconf 78' lang='lat' dir='ltr'><strong>quominus</strong></span> <span class='ocrx_word' id='word_1_277' title='bbox 1659 2551 1762 2585; x_wconf 78' lang='lat' dir='ltr'><strong>pecu-</strong></span> 
     </span>
     <span class='ocr_line' id='line_1_38' title="bbox 311 2593 1762 2640; baseline 0 -12"><span class='ocrx_word' id='word_1_278' title='bbox 311 2594 431 2628; x_wconf 78' lang='lat' dir='ltr'><strong>liarem</strong></span> <span class='ocrx_word' id='word_1_279' title='bbox 445 2595 484 2627; x_wconf 76' lang='lat' dir='ltr'><strong>cle</strong></span> <span class='ocrx_word' id='word_1_280' title='bbox 500 2594 560 2626; x_wconf 81' lang='grc' dir='ltr'><em>Ιιοι·</em></span> <span class='ocrx_word' id='word_1_281' title='bbox 576 2600 779 2638; x_wconf 76' lang='lat' dir='ltr'><strong>argumento</strong></span> <span class='ocrx_word' id='word_1_282' title='bbox 793 2593 956 2626; x_wconf 76' lang='lat' dir='ltr'><strong>rationem</strong></span> <span class='ocrx_word' id='word_1_283' title='bbox 970 2594 1150 2627; x_wconf 66' lang='lat' dir='ltr'><strong>meditatus</strong></span> <span class='ocrx_word' id='word_1_284' title='bbox 1163 2595 1328 2637; x_wconf 69' lang='lat' dir='ltr'><strong>prodiret,</strong></span> <span class='ocrx_word' id='word_1_285' title='bbox 1342 2596 1503 2640; x_wconf 62' lang='lat' dir='ltr'><strong>lampat-is</strong></span> <span class='ocrx_word' id='word_1_286' title='bbox 1514 2594 1679 2638; x_wconf 69' lang='lat' dir='ltr'><strong>anqustiis</strong></span> <span class='ocrx_word' id='word_1_287' title='bbox 1696 2596 1762 2628; x_wconf 82' lang='lat' dir='ltr'><strong>im-</strong></span> 
     </span>
     <span class='ocr_line' id='line_1_39' title="bbox 309 2647 1761 2694; baseline 0.001 -13"><span class='ocrx_word' id='word_1_288' title='bbox 309 2649 458 2694; x_wconf 79' lang='lat' dir='ltr'><strong>peditus.</strong></span> <span class='ocrx_word' id='word_1_289' title='bbox 508 2648 686 2681; x_wconf 59' lang='lat' dir='ltr'><strong>Diodorus</strong></span> <span class='ocrx_word' id='word_1_290' title='bbox 701 2647 800 2680; x_wconf 82' lang='lat' dir='ltr'><strong>etiam</strong></span> <span class='ocrx_word' id='word_1_291' title='bbox 819 2655 955 2684; x_wconf 74' lang='lat' dir='ltr'><strong>narrat,</strong></span> <span class='ocrx_word' id='word_1_292' title='bbox 973 2647 1033 2680; x_wconf 68' lang='lat' dir='ltr'><strong>hoe</strong></span> <span class='ocrx_word' id='word_1_293' title='bbox 1054 2660 1142 2681; x_wconf 75' lang='lat'><strong>‹111111›</strong></span> <span class='ocrx_word' id='word_1_294' title='bbox 1169 2648 1369 2682; x_wconf 49' lang='lat' dir='ltr'><strong>shut-inueni</strong></span> <span class='ocrx_word' id='word_1_295' title='bbox 1388 2650 1523 2694; x_wconf 70' lang='lat' dir='ltr'><strong>ejecisse</strong></span> <span class='ocrx_word' id='word_1_296' title='bbox 1545 2661 1586 2682; x_wconf 72' lang='lat' dir='ltr'><strong>ex</strong></span> <span class='ocrx_word' id='word_1_297' title='bbox 1603 2649 1761 2689; x_wconf 64' lang='lat' dir='ltr'><strong>Eretria,</strong></span> 
     </span>
     <span class='ocr_line' id='line_1_40' title="bbox 312 2701 1760 2748; baseline 0.001 -13"><span class='ocrx_word' id='word_1_298' title='bbox 312 2703 393 2736; x_wconf 74' lang='lat' dir='ltr'><strong>urbe</strong></span> <span class='ocrx_word' id='word_1_299' title='bbox 413 2702 573 2735; x_wconf 74' lang='lat' dir='ltr'><strong>Euboica.</strong></span> <span class='ocrx_word' id='word_1_300' title='bbox 595 2701 816 2739; x_wconf 64' lang='lat' dir='ltr'><strong>(flimrae—lnnn,</strong></span> <span class='ocrx_word' id='word_1_301' title='bbox 835 2702 894 2746; x_wconf 74' lang='lat' dir='ltr'><strong>qui</strong></span> <span class='ocrx_word' id='word_1_302' title='bbox 913 2701 1072 2745; x_wconf 73' lang='lat' dir='ltr'><strong>Philippi</strong></span> <span class='ocrx_word' id='word_1_303' title='bbox 1086 2714 1120 2745; x_wconf 78' lang='lat' dir='ltr'><strong>p:</strong></span> <span class='ocrx_word' id='word_1_304' title='bbox 1164 2703 1246 2734; x_wconf 31' lang='lat' dir='ltr'><strong>sidia</strong></span> <span class='ocrx_word' id='word_1_305' title='bbox 1264 2704 1478 2748; x_wconf 50' lang='lat' dir='ltr'><strong>tyrannidem</strong></span> <span class='ocrx_word' id='word_1_306' title='bbox 1494 2703 1539 2735; x_wconf 80' lang='lat' dir='ltr'><strong>ibi</strong></span> <span class='ocrx_word' id='word_1_307' title='bbox 1551 2709 1760 2738; x_wconf 61' lang='lat' dir='ltr'><strong>exercuerat.</strong></span> 
     </span>
     <span class='ocr_line' id='line_1_41' title="bbox 314 2756 1761 2802; baseline 0.001 -13"><span class='ocrx_word' id='word_1_308' title='bbox 314 2758 360 2790; x_wconf 80' lang='lat' dir='ltr'><strong>In</strong></span> <span class='ocrx_word' id='word_1_309' title='bbox 378 2757 439 2789; x_wconf 68' lang='lat' dir='ltr'><strong>liae</strong></span> <span class='ocrx_word' id='word_1_310' title='bbox 455 2756 565 2790; x_wconf 77' lang='lat' dir='ltr'><strong>insula</strong></span> <span class='ocrx_word' id='word_1_311' title='bbox 584 2758 707 2800; x_wconf 66' lang='lat' dir='ltr'><strong>qnippe</strong></span> <span class='ocrx_word' id='word_1_312' title='bbox 724 2763 803 2790; x_wconf 74' lang='lat' dir='ltr'><strong>tuuc</strong></span> <span class='ocrx_word' id='word_1_313' title='bbox 825 2757 987 2800; x_wconf 74' lang='lat' dir='ltr'><strong>temporis</strong></span> <span class='ocrx_word' id='word_1_314' title='bbox 1010 2756 1200 2801; x_wconf 73' lang='lat' dir='ltr'><strong>cumplures</strong></span> <span class='ocrx_word' id='word_1_315' title='bbox 1224 2759 1378 2802; x_wconf 67' lang='lat' dir='ltr'><strong>tyranni,</strong></span> <span class='ocrx_word' id='word_1_316' title='bbox 1402 2770 1422 2790; x_wconf 84' lang='lat' dir='ltr'><strong>a</strong></span> <span class='ocrx_word' id='word_1_317' title='bbox 1445 2757 1612 2802; x_wconf 70' lang='lat' dir='ltr'><strong>Philippo</strong></span> <span class='ocrx_word' id='word_1_318' title='bbox 1636 2760 1761 2791; x_wconf 78' lang='lat' dir='ltr'><strong>consti-</strong></span> 
     </span>
     <span class='ocr_line' id='line_1_42' title="bbox 308 2811 1760 2856; baseline 0.001 -13"><span class='ocrx_word' id='word_1_319' title='bbox 308 2811 388 2849; x_wconf 72' lang='lat' dir='ltr'><strong>tuti,</strong></span> <span class='ocrx_word' id='word_1_320' title='bbox 408 2811 632 2855; x_wconf 68' lang='lat' dir='ltr'><strong>rerumpotiti</strong></span> <span class='ocrx_word' id='word_1_321' title='bbox 646 2817 743 2844; x_wconf 63' lang='lat' dir='ltr'><strong>svnt:</strong></span> <span class='ocrx_word' id='word_1_322' title='bbox 767 2824 824 2844; x_wconf 69' lang='lat' dir='ltr'><strong>seu</strong></span> <span class='ocrx_word' id='word_1_323' title='bbox 839 2811 953 2855; x_wconf 70' lang='lat' dir='ltr'><strong>potius</strong></span> <span class='ocrx_word' id='word_1_324' title='bbox 971 2822 1085 2843; x_wconf 78' lang='lat' dir='ltr'><strong>eorum</strong></span> <span class='ocrx_word' id='word_1_325' title='bbox 1106 2811 1292 2844; x_wconf 51' lang='lat' dir='ltr'><strong>ministerio</strong></span> <span class='ocrx_word' id='word_1_326' title='bbox 1313 2811 1497 2856; x_wconf 75' lang='lat' dir='ltr'><strong>Philippus</strong></span> <span class='ocrx_word' id='word_1_327' title='bbox 1513 2811 1594 2855; x_wconf 72' lang='lat' dir='ltr'><strong>ipse.</strong></span> <span class='ocrx_word' id='word_1_328' title='bbox 1631 2811 1760 2845; x_wconf 77' lang='lat' dir='ltr'><strong>Euboea</strong></span> 
     </span>
     <span class='ocr_line' id='line_1_43' title="bbox 307 2863 1803 2909; baseline 0 -12"><span class='ocrx_word' id='word_1_329' title='bbox 307 2865 435 2909; x_wconf 75' lang='lat' dir='ltr'><strong>itaque,</strong></span> <span class='ocrx_word' id='word_1_330' title='bbox 462 2865 500 2898; x_wconf 81' lang='lat' dir='ltr'><strong>ob</strong></span> <span class='ocrx_word' id='word_1_331' title='bbox 518 2863 630 2898; x_wconf 79' lang='lat' dir='ltr'><strong>oculos</strong></span> <span class='ocrx_word' id='word_1_332' title='bbox 656 2864 916 2899; x_wconf 82' lang='lat' dir='ltr'><strong>Atheniensium</strong></span> <span class='ocrx_word' id='word_1_333' title='bbox 932 2865 967 2898; x_wconf 82' lang='lat' dir='ltr'><strong>in</strong></span> <span class='ocrx_word' id='word_1_334' title='bbox 993 2865 1189 2900; x_wconf 79' lang='lat' dir='ltr'><strong>servitutem</strong></span> <span class='ocrx_word' id='word_1_335' title='bbox 1216 2867 1366 2905; x_wconf 75' lang='lat' dir='ltr'><strong>redacta,</strong></span> <span class='ocrx_word' id='word_1_336' title='bbox 1392 2877 1509 2899; x_wconf 78' lang='lat' dir='ltr'><strong>eorum</strong></span> <span class='ocrx_word' id='word_1_337' title='bbox 1536 2864 1689 2899; x_wconf 74' lang='lat' dir='ltr'><strong>libertati</strong></span> <span class='ocrx_word' id='word_1_338' title='bbox 1711 2864 1764 2899; x_wconf 77' lang='lat' dir='ltr'><strong>nil</strong></span> <span class='ocrx_word' id='word_1_339' title='bbox 1797 2903 1803 2906; x_wconf 21' lang='grc' dir='ltr'><strong>μ</strong></span> 
     </span>
    </p>
   </div>
  </div>
 </body>
</html>
