1923 3149
486 179 561 219 DE
594 180 746 219 MALE
777 179 953 218 GESTA
985 178 1314 217 LEGATIONE.
1549 179 1625 214 235

764 368 1020 408 DEVOTIO.

166 450 264 490 Haec
293 465 363 504 pro
386 456 510 505 vobis,
542 455 815 502 Athenienses,
846 455 885 491 in
916 454 1077 504 singulis
1101 454 1353 492 concionibus
1380 467 1507 504 praeco
1530 462 1622 493 vota

163 513 271 560 facit,
292 516 473 555 mandata
491 517 654 568 legibus,
675 523 714 554 et
733 529 821 554 curn
848 522 1002 554 senatus
1021 516 1212 563 consedit,
1239 516 1342 566 apud
1362 529 1449 553 eum
1470 518 1619 567 repetit.

164 575 303 627 Neque
316 577 386 616 iste
403 591 443 616 se
463 578 548 616 haec
568 580 743 629 ignorare
758 583 886 628 potest
901 577 1031 615 dicere
1048 591 1056 615 :
1072 577 1162 615 dum
1177 578 1278 616 enim
1298 577 1495 628 scriptioni
1515 579 1618 629 apud

163 650 230 675 vos
251 638 360 677 daret
385 652 557 690 operam,
585 646 624 677 et
651 639 803 677 senatui
832 639 1046 685 inserviret,
1071 639 1153 689 ipse
1180 638 1306 689 legem
1333 638 1434 676 hanc
1453 640 1621 689 praeconi

161 701 377 738 enarrabat.
403 700 464 738 An
476 713 555 738 non
573 699 691 751 igitur
705 700 916 738 absurdum
935 699 1136 750 quiddam,
1150 706 1189 738 et
1207 712 1330 738 rerum
1353 706 1503 737 naturae
1524 713 1617 738 con-

160 760 317 798 trarium
331 761 522 809 faceretis,
542 762 587 809 si,
607 775 694 812 quae
715 761 921 809 mandatis,
941 761 1017 800 imo
1036 775 1122 812 quae
1148 762 1290 812 petitis,
1310 767 1354 798 ut
1381 761 1431 799 dii
1450 767 1619 799 vestram

157 821 279 861 vicem
300 831 576 875 exsequantur,
597 838 643 863 ea
661 837 749 863 cum
778 824 895 863 hodie
914 825 952 862 in
980 830 1175 875 vestrapte
1200 837 1318 861 manu
1343 823 1433 870 sint,
1454 836 1532 861 non
1562 824 1619 862 fa—

157 883 289 922 cietis:
323 886 392 924 sed
412 899 525 936 quem
545 886 593 924 ab
609 886 683 924 illis
702 885 803 924 male
824 886 933 937 perdi
952 886 1105 937 optatis,
1127 885 1266 936 ipsum,
1288 891 1329 922 et
1350 897 1487 935 genu3‚
1507 891 1547 922 et
1566 885 1621 922 sa-

157 944 301 983 miliam
320 947 417 998 ejus,
440 960 528 985 eum
551 946 626 997 ipsi
652 946 885 988 absolvetis‘?
914 947 1184 998 Nequaquam.
1218 945 1320 984 Nam
1335 945 1487 996 quivos
1507 946 1617 983 fefel-

155 1005 254 1053 lerit,
284 1020 371 1045 eum
408 1007 480 1045 diis
512 1008 748 1058 puniendum
777 1008 1003 1060 relinquite:
1043 1021 1158 1059 quem
1181 1020 1272 1045 vero
1301 1007 1374 1059 ipsi
1403 1006 1616 1058 deprehen-

157 1067 304 1113 deritis,
327 1068 376 1106 de
396 1081 443 1107 eo
463 1069 555 1106 nihil
570 1069 653 1120 jam
672 1070 746 1109 illis
767 1070 1006 1108 mandatote.

210 1131 276 1167 25.
306 1129 366 1167 Eo
388 1137 515 1168 autern
530 1131 781 1182 impudentiae
797 1138 836 1169 et
855 1132 1028 1169 audaciae
1042 1138 1246 1170 venturum
1268 1142 1356 1168 eum
1377 1143 1462 1168 esse
1483 1130 1614 1181 audio,

155 1197 213 1235 ut,
235 1191 414 1229 omnibus
434 1192 530 1230 actis
557 1193 717 1238 cedens,
740 1206 828 1244 quae
848 1193 1100 1241 renunciavit,
1119 1206 1205 1244 quae
1226 1192 1422 1243 pollicitus
1456 1198 1528 1237 est,
1549 1204 1616 1242 per

154 1265 243 1302 quae
263 1253 538 1304 rempublicam
553 1254 719 1306 decepit,
741 1261 927 1305 tanquam
956 1255 1059 1305 apud
1083 1255 1177 1292 alios
1198 1253 1401 1304 quospiam
1422 1253 1614 1304 judicium

154 1322 388 1360 exerceatur,
407 1328 485 1353 non
504 1316 608 1367 apud
628 1329 698 1355 vos
714 1316 779 1367 qui
799 1317 928 1354 omnia
946 1317 1082 1363 nostis,
1101 1316 1263 1367 primum
1281 1314 1613 1359 Lacedaemonios,

152 1376 293 1416 deinde
305 1377 543 1426 Phocenses,
554 1379 719 1430 denique
732 1379 996 1431 Hegesippum
1005 1379 1053 1417 sit
1067 1384 1332 1417 accusaturus.
1347 1376 1446 1420 Quae
1456 1376 1612 1427 quidem

151 1438 314 1477 ridicula
331 1446 434 1490 sunt,
453 1440 514 1478 vel
534 1453 693 1479 summae
710 1442 840 1492 potius
858 1446 949 1478 sunt
966 1440 1228 1491 impudentiae.
1269 1438 1366 1482 Quae
1381 1438 1482 1475 enim
1508 1451 1612 1476 nunc

151 1500 258 1539 dicet
283 1501 331 1539 de
357 1501 634 1550 Phocensibus,
661 1509 730 1541 aut
753 1502 1078 1547 Lacedaemoniis,
1111 1508 1178 1540 aut
1202 1500 1442 1551 Hegesippo,
1472 1507 1538 1537 aut
1564 1500 1612 1538 de

153 1561 332 1600 Proxeno
352 1576 428 1600 non
444 1571 600 1615 recepto
617 1566 665 1603 ab
680 1565 750 1612 eis,
772 1571 839 1603 aut
857 1565 905 1603 de
924 1565 1118 1615 impietate
1133 1576 1277 1609 eorum,
1294 1569 1362 1600 aut
1381 1575 1612 1612 quocunque

152 1624 308 1662 nomine
323 1637 388 1662 eos
408 1627 619 1673 accusabit,
633 1639 680 1664 ea
693 1633 797 1664 certe
812 1626 917 1664 facta
934 1626 1086 1664 fuerant
1098 1624 1238 1670 omnia,
1257 1624 1479 1675 priusquam
1494 1622 1612 1674 legati

152 1685 214 1723 isti
234 1686 312 1724 huc
329 1686 548 1725 venissent:
577 1701 703 1738 neque
728 1688 949 1734 obstabant,
968 1700 1044 1738 quo
1064 1687 1190 1724 minus
1211 1685 1432 1723 Phocenses
1453 1697 1612 1722 conser-

151 1755 344 1794 varentur,
359 1760 437 1798 quo
453 1748 634 1786 auctore?
664 1748 787 1786 isthoc
807 1749 893 1799 ipso
909 1748 1107 1786 AEschine.
1134 1747 1271 1796 Neque
1291 1746 1393 1783 enim
1414 1745 1445 1782 si
1465 1747 1613 1796 absque

151 1808 456 1846 Lacedaemoniis
475 1815 594 1854 esset,
611 1814 735 1857 neq'ue
757 1809 790 1845 si
817 1809 1038 1845 Proxenum
1064 1821 1140 1845 non
1161 1807 1404 1856 repulissent,
1432 1819 1554 1856 neque
1581 1808 1612 1845 si

150 1883 220 1921 per
235 1869 501 1920 Hegesippum
516 1882 594 1906 non
610 1868 791 1912 stetisset,
810 1881 935 1918 neque
951 1867 983 1904 si
996 1867 1074 1905 hoc
1092 1868 1152 1905 vel
1167 1867 1263 1905 illud
1278 1880 1357 1905 non
1376 1867 1611 1918 impedisset,

150 1936 422 1969 conservatum
441 1930 485 1967 iri
499 1929 739 1975 Phocenses,
757 1942 835 1966 non
855 1928 909 1966 ita
926 1935 1009 1966 tum
1030 1928 1292 1967 renunciavit:
1324 1928 1393 1966 sed
1410 1929 1470 1967 his
1490 1931 1612 1968 omni-

149 1993 223 2031 bus
241 1991 459 2043 praeteritis,
477 2003 519 2029 se
538 1990 717 2029 advenire
740 1989 864 2028 verbis
886 1989 1037 2028 disertis
1057 1989 1168 2036 dixit,
1190 2002 1235 2028 ac
1258 1991 1498 2041 persuasisse
1521 1991 1612 2029 Phi-

148 2052 255 2105 lippo
273 2059 318 2090 ut
330 2052 554 2090 Phocenses
573 2058 832 2099 conservaret,
847 2050 1065 2101 utBoeotiae
1084 2053 1200 2089 urbes
1218 2052 1463 2098 instauraret,
1484 2059 1527 2091 ut
1545 2066 1611 2092 ve-

152 2120 240 2152 strae
262 2112 480 2151 auctoritati
499 2113 656 2163 negotia
674 2113 942 2157 committeret,
971 2125 1018 2150 ea
1037 2111 1167 2150 statim
1189 2112 1412 2151 confectum
1436 2113 1479 2151 iri
1512 2114 1613 2153 intra

150 2175 325 2220 biduum,
338 2180 406 2212 aut
424 2173 608 2222 triduum,
626 2180 828 2225 propterea
847 2187 888 2212 se
908 2186 931 2212 a
945 2173 1141 2212 Thebanis
1160 2174 1428 2226 proscriptum,
1448 2176 1611 2226 promis-

152 2249 198 2275 sa
211 2236 447 2275 interfectori
466 2237 648 2287 pecunia„

207 2299 268 2336 26.
301 2297 364 2335 Ne
383 2296 500 2349 igitur
519 2310 565 2335 ea
595 2310 682 2349 quae
709 2304 797 2335 ante
817 2296 928 2335 istius
948 2295 1280 2335 renunciationem
1299 2296 1361 2335 vel
1387 2310 1410 2335 a
1428 2297 1612 2337 Lacedae-

153 2359 291 2398 moniis
319 2360 424 2398 facta
452 2359 624 2407 fuerunt,
652 2359 714 2398 vel
734 2373 757 2398 a
777 2359 1058 2406 Phocensibus,
1095 2359 1273 2405 audiatis,
1305 2365 1372 2397 aut
1400 2360 1610 2411 patiamini,

154 2434 281 2472 neque
296 2421 558 2460 Phocensium
578 2434 759 2460 accusare
780 2422 1057 2472 improbitatem
1076 2421 1222 2460 sinatis.
1256 2421 1396 2472 Neque
1416 2423 1515 2460 enim
1532 2423 1612 2463 La-

152 2483 412 2521 cedaemonios
430 2482 518 2521 olim
538 2489 693 2535 propter
709 2484 888 2521 virtutem
907 2495 1040 2521 eorum
1059 2484 1329 2530 conservastis,
1348 2496 1474 2535 neque
1502 2498 1612 2523 exse-

155 2543 321 2582 crandos
336 2544 423 2582 illos
436 2544 690 2591 Euboeenses,
706 2558 832 2595 neque
847 2543 942 2582 alios
963 2544 1128 2583 multos:
1149 2544 1220 2582 sed
1238 2544 1344 2594 quod
1363 2558 1430 2583 eos
1450 2559 1535 2584 esse
1554 2547 1612 2584 in—

152 2605 340 2650 eolumes,
354 2618 375 2642 e
386 2606 582 2656 republica
593 2613 688 2653 erat,
704 2612 747 2644 ut
759 2606 874 2645 etiam
889 2619 994 2644 nunc
1008 2605 1245 2645 Phocenses,
1266 2606 1316 2643 Et
1327 2607 1421 2656 quid
1435 2606 1613 2645 Phocen-

154 2680 232 2714 ses,
253 2673 321 2705 aut
339 2666 633 2716 Lacedaemonii,
654 2675 720 2707 aut
743 2681 828 2715 vos,
849 2675 915 2706 aut
937 2667 1001 2706 alii
1031 2667 1148 2718 aliqui
1168 2667 1349 2706 mortales
1381 2668 1613 2718 deliquerint

154 2736 248 2781 post
265 2729 375 2767 istius
393 2729 522 2775 verba,
551 2743 628 2779 quo
645 2731 772 2769 minus
791 2734 873 2780 ejus
900 2730 1108 2769 orationem
1129 2736 1290 2768 eventus
1317 2736 1554 2779 sequeretur,
1571 2731 1612 2770 id

154 2791 332 2842 rogitate.
353 2789 493 2840 Neque
510 2790 611 2828 enirn
627 2792 829 2830 ostendere
845 2798 987 2844 potest.
1018 2790 1121 2829 Nam
1137 2791 1304 2842 quinque
1325 2789 1407 2828 dies
1423 2790 1614 2832 duntaxat

155 2852 469 2898 intercesserunt,
502 2853 541 2890 in
571 2853 709 2903 quibus
738 2854 809 2892 iste
841 2854 941 2893 falsa
967 2852 1227 2892 renunciavit:
1270 2864 1338 2889 vos
1371 2851 1610 2892 credidistis:

157 2913 380 2953 Phocenses
394 2913 641 2952 audiverunt:
662 2927 705 2953 se
725 2914 973 2954 dediderunt:
995 2914 1203 2966 perierunt.
1220 2911 1335 2950 Unde
1348 2912 1483 2963 opinor
1494 2915 1610 2954 etiam
