1923 3149
403 201 602 239 ORATIO
634 201 740 239 PRO
780 198 1229 238 MEGALOPOLITIS.
1465 200 1537 237 135

96 303 183 348 illis,
204 302 318 341 modo
336 315 487 353 aequum
505 303 630 341 facere
650 302 780 348 velint,
801 301 1068 354 adjuvantibus
1087 315 1096 345 ;
1126 309 1164 340 et
1193 302 1338 340 caeteris
1367 302 1541 339 omnibus

100 363 371 409 annitentibus,
406 364 542 414 quibus
571 363 741 414 iniquum
770 363 920 400 videtur
948 375 971 400 a
997 361 1189 399 Thebanis
1219 362 1342 400 aliena
1370 362 1542 400 detineri.

101 425 183 463 Etsi
200 432 324 462 autem
345 425 417 462 hoc
438 425 546 462 nobis
568 432 670 462 certo
690 430 894 469 constaret,
921 424 992 460 nisi
1012 423 1328 461 Lacedaemonios
1349 423 1541 474 Pelopon-

98 498 231 523 nesum
252 487 468 523 subvertere
485 485 706 530 sineremus,
721 497 790 522 nos
807 484 979 535 Oropum
1000 497 1136 535 capere
1157 497 1232 521 non
1249 497 1376 534 posse,
1394 485 1540 534 optabi-

98 545 185 591 lius,
209 547 239 584 si
258 546 382 584 dicere
395 546 521 591 liceat,
538 559 676 584 censeo
692 545 847 582 missum
862 546 985 583 facere
1002 546 1173 596 Oropum
1187 559 1302 595 quam
1322 545 1542 582 Messenam

99 613 137 644 et
161 606 464 658 Peloponnesum
496 606 869 644 Lacedaemoniorum
902 606 1064 657 objicere
1087 606 1292 643 violentiae.
1341 605 1423 642 Nec
1443 606 1540 642 enim

99 667 198 706 hanc
219 668 407 705 duntaxat
426 667 609 704 rationem
622 667 730 704 nobis
747 669 833 704 cum
854 666 907 704 eis
928 680 1013 704 esse
1028 667 1217 704 existimo.
1266 667 1343 704 Sed
1370 674 1410 703 ut
1430 667 1541 703 omit-

100 735 179 766 tam
197 728 250 778 id,
263 728 368 778 quod
381 727 419 764 in
433 734 599 765 mentem
616 726 705 764 mihi
719 734 894 771 venerat3
926 727 1019 765 illud
1031 727 1111 765 fore
1123 729 1270 778 opinor,
1288 735 1331 764 ut
1345 727 1474 765 multis
1494 726 1543 764 de

101 791 213 827 rebus
231 789 498 840 periclitemur.

155 852 191 887 7.
223 850 280 887 Ea
305 863 415 900 porro
443 863 530 900 quae
551 849 848 902 Megalopolitas
878 850 1147 888 Thebanorum
1175 864 1292 889 causa
1321 857 1454 889 contra
1474 862 1544 888 nos

101 912 223 962 egisse
243 911 387 955 dicunt,
409 912 617 949 absurdum
636 919 707 958 est,
724 926 827 950 nunc
842 912 1094 950 accusationis
1108 913 1271 963 proferre
1285 913 1372 951 loco
1389 925 1398 947 ε
1427 925 1544 963 quum

103 979 230 1010 autem
250 972 359 1009 amici
379 972 457 1010 fieri
476 972 620 1018 volunt,
639 980 681 1010 ut
702 980 835 1010 contra
854 974 964 1011 nobis
984 974 1240 1020 benefaciant,
1260 974 1472 1011 obtrectare
1498 985 1545 1010 ac

101 1034 273 1071 omnibus
304 1034 427 1071 modis
460 1034 551 1071 dare
580 1047 735 1085 operam
764 1047 812 1072 ne
840 1035 949 1072 amici
987 1035 1101 1078 fiant;
1132 1048 1202 1073 nec
1235 1035 1548 1080 animadvertere,

102 1108 178 1144 quo
200 1094 387 1132 fideliores
416 1107 482 1131 eos
511 1095 628 1132 fuisse
650 1095 841 1132 Thebanis
874 1095 1123 1141 ostenderint,
1143 1109 1188 1133 eo
1218 1108 1259 1133 se
1287 1099 1426 1144 majore
1456 1109 1547 1146 sup·

102 1155 214 1205 plicio
248 1155 382 1205 dignos
402 1167 497 1199 esse,
519 1155 583 1205 qui
602 1162 767 1192 nostram
790 1157 920 1194 urbem
949 1157 1087 1194 talibus
1110 1157 1235 1201 sociis,
1260 1169 1345 1193 curn
1365 1156 1467 1207 prius
1497 1156 1546 1194 ad

101 1228 172 1253 nos
191 1229 304 1266 quam
324 1215 372 1252 ad
392 1215 594 1253 Thebanos
614 1216 821 1260 venissent,
842 1216 1052 1266 spoliarint.
1101 1217 1178 1254 Sed
1198 1218 1271 1254 ista
1289 1218 1464 1254 nimirum
1483 1230 1547 1255 ve-

103 1277 277 1316 cordium
296 1276 491 1314 hominum
511 1283 611 1322 sunt,
632 1277 696 1327 qui
723 1277 804 1315 aliis
833 1277 903 1314 hos
931 1277 1081 1315 efficere
1109 1279 1232 1316 socios
1253 1279 1398 1316 volunt.
1448 1279 1550 1316 Illud

105 1346 247 1386 autem,
277 1345 459 1389 quantum
490 1344 668 1389 suscepta
695 1338 928 1389 cogitatione
958 1338 1143 1389 diligenti,
1173 1339 1395 1389 conjectura
1422 1341 1548 1391 possis

103 1400 322 1452 assequi,—
342 1407 381 1438 et
398 1399 602 1450 plerosque
620 1407 787 1437 vistrum
812 1399 903 1436 mihi
922 1413 1008 1437 esse
1028 1413 1250 1438 assensuros
1277 1401 1500 1446 arbit1·or—-,
1518 1401 1551 1439 si

103 1461 377 1513 Megalopolim
400 1460 681 1499 Lacedaemonii
700 1461 883 1511 ceperint,
903 1461 1103 1511 periclitari
1123 1462 1364 1499 Messenam:
1394 1463 1498 1512 quod
1516 1462 1547 1500 si

103 1530 142 1561 et
160 1523 261 1561 hanc
289 1523 557 1574 expugnarint,
586 1523 674 1561 dico
692 1535 759 1559 vos
778 1522 1042 1561 Thebanorum
1065 1524 1188 1560 socios
1209 1522 1373 1561 futuros.
1415 1523 1547 1575 Longe

104 1583 218 1635 igitur
235 1584 429 1621 honestius
445 1590 484 1621 et
496 1583 752 1634 praestabilius
769 1590 837 1628 est,
850 1590 893 1620 ut
908 1584 1173 1621 Thebanorum
1192 1584 1315 1622 socios
1335 1584 1409 1635 ipsi
1429 1585 1550 1623 susci-

106 1644 270 1695 piamus,
292 1651 330 1682 et
350 1644 719 1682 Lacedaemoniorum
747 1645 939 1682 avaritiam
965 1645 1224 1695 reprimamus,
1247 1658 1360 1696 quam
1386 1652 1428 1683 ut
1448 1660 1550 1684 nunc

105 1712 279 1743 verentes
300 1719 346 1743 ne
366 1705 490 1743 socios
518 1705 786 1743 Thebanorum
812 1718 1080 1743 conservemus
1097 1706 1203 1744 hisce
1223 1706 1396 1752 desertis,
1416 1714 1550 1756 postea

105 1767 197 1818 ipsis
216 1766 409 1805 Thebanis
429 1766 671 1817 opitulemur,
691 1775 805 1816 atque
831 1766 986 1817 insuper
1009 1767 1055 1804 de
1084 1767 1194 1805 nobis
1214 1767 1305 1817 ipsis
1332 1767 1370 1804 in
1389 1774 1493 1805 metu
1512 1775 1552 1806 et

106 1829 282 1880 periculis
304 1828 444 1866 simus:
474 1840 598 1878 neque
611 1828 710 1865 enim
730 1835 869 1865 nostrae
888 1828 972 1865 urbi
992 1834 1116 1865 tutum
1135 1841 1219 1866 esse
1238 1835 1344 1879 puto,
1364 1835 1408 1865 ut
1428 1829 1547 1867 Lace-

105 1889 282 1928 daemonii
302 1889 576 1940 Megalopolim
595 1889 746 1940 capiant
765 1896 803 1926 et
817 1902 946 1926 rursus
962 1889 1092 1939 magni
1103 1890 1220 1926 fiant:
1251 1902 1368 1939 quum
1387 1890 1550 1939 videam,

109 1964 176 1990 eos
205 1951 317 1989 etiarn
335 1964 438 1989 nunc
460 1950 677 2001 suscepisse
695 1949 853 1995 bellum,
872 1963 950 1987 non
979 1963 1058 1987 suae
1079 1949 1313 1988 defensionis
1333 1963 1461 1998 causa,
1482 1952 1551 1990 sed

108 2014 158 2050 ob
184 2019 350 2049 veterem
370 2012 578 2062 potentiam
607 2010 935 2061 recuperandam;
966 2024 1053 2061 quae
1081 2024 1183 2058 vero,
1211 2011 1301 2049 dum
1330 2012 1431 2052 illam
1457 2014 1555 2050 obti-

115 2079 262 2119 nerent,
281 2072 521 2123 appetierint‚
546 2086 592 2110 ea
615 2085 682 2111 vos
710 2085 798 2110 cum
826 2072 948 2124 magis
976 2072 1141 2110 fortasse
1167 2086 1282 2124 quam
1311 2087 1383 2124 ego
1410 2075 1554 2122 sciatis,

107 2134 194 2185 jure
213 2132 403 2171 metuetis.

163 2197 200 2233 8.
229 2194 448 2231 Admodum
466 2201 594 2231 autem
623 2205 671 2233 ex
700 2196 911 2234 oratoribus
943 2196 1074 2234 audire
1103 2197 1228 2244 velim,
1243 2203 1323 2234 tum
1343 2198 1406 2248 qui
1425 2197 1553 2236 Lace-

110 2255 317 2294 daemonios
348 2262 429 2292 tum
462 2255 527 2306 qui
555 2255 757 2294 Thebanos
788 2270 830 2294 se
862 2257 989 2296 odisse
1015 2258 1205 2303 dictitant,
1226 2265 1352 2295 utrum
1384 2259 1554 2297 alterutri

110 2313 211 2365 illos,
231 2332 324 2369 quos
344 2332 435 2361 sane
458 2319 634 2365 oderunt,
654 2326 810 2370 propter
828 2333 895 2358 vos
917 2327 955 2358 et
976 2320 1178 2358 utilitatem
1196 2328 1360 2358 vestram
1379 2320 1557 2359 oderint?

111 2393 159 2418 an
196 2392 286 2417 vero
316 2379 353 2417 in
384 2380 545 2428 gratiam
566 2380 940 2418 Lacedaemoniorum
971 2381 1188 2427 Thebanos,
1219 2389 1258 2419 et
1286 2382 1553 2420 Thebanorum

112 2454 231 2479 causa
261 2440 574 2478 Lacedaemonios
606 2441 804 2479 alterutri?
860 2442 972 2486 Quod
1001 2443 1031 2480 si
1061 2449 1215 2493 propter
1248 2442 1347 2488 illos,
1376 2444 1552 2491 dixerint,

111 2500 254 2539 neutris
272 2508 404 2552 utpote
419 2502 570 2540 furiosis
590 2503 936 2554 obtemperandum
957 2511 1034 2542 est:
1066 2505 1123 2542 sin
1138 2511 1265 2542 vestra
1289 2519 1406 2543 causa
1418 2506 1555 2544 dicturi

115 2569 217 2609 sunt,
233 2575 298 2599 cur
316 2563 417 2600 ultra
435 2576 550 2614 quam
570 2571 631 2602 sat
657 2570 717 2602 est
743 2572 969 2616 tempusque
993 2566 1133 2616 patitur
1163 2566 1304 2604 alteros
1336 2567 1552 2606 extollunt?

114 2624 282 2663 Possunt
300 2624 412 2669 enim,
431 2632 595 2676 possunt
612 2626 785 2664 Thebani
813 2628 983 2678 deprimi,
1002 2627 1151 2665 etiamsi
1170 2627 1551 2666 Lacedaemoniorum

113 2696 207 2736 opes
225 2697 302 2722 non
327 2693 559 2734 augeantur3
590 2693 630 2724 et
647 2688 801 2725 omnino
819 2688 988 2726 facilius:
1019 2702 1094 2739 quo
1123 2695 1250 2726 autem
1274 2695 1401 2739 pacto,
1422 2689 1459 2725 id
1482 2702 1555 2739 ego

113 2747 221 2784 vobis
252 2745 443 2784 declarare
461 2748 641 2785 conabor.
697 2748 871 2788 Universi
901 2750 974 2787 hoc
995 2751 1148 2796 scimus,
1168 2762 1312 2793 omnes,
1333 2748 1478 2786 etiamsi
1491 2750 1554 2800 ju-

115 2807 255 2845 stitiam
274 2820 350 2845 non
371 2813 516 2852 curent,
537 2809 762 2847 erubescere
780 2817 907 2848 tamen
926 2811 975 2848 ad
995 2817 1159 2862 tempus,
1177 2823 1223 2848 ea
1241 2823 1327 2859 quae
1340 2810 1445 2859 justa
1464 2816 1554 2848 sunt

117 2881 191 2906 non
209 2881 349 2920 agere:
379 2874 419 2906 et
431 2867 646 2907 hominibus
661 2870 803 2921 injuriis
818 2871 945 2922 palam
965 2871 1181 2914 adversari;
1213 2870 1422 2921 praesertim
1442 2869 1472 2906 si
1489 2871 1554 2920 qui
