1923 3149
465 179 540 217 DE
571 181 720 218 MALE
750 179 931 217 GESTA
962 178 1296 217 LEGATIONE.
1539 177 1615 214 233

153 282 234 320 huc
254 282 394 322 reversi
422 297 554 323 sumus
575 297 663 322 xn1
687 284 806 328 Ma1'i;
836 288 875 320 et
888 284 970 332 jam
986 282 1085 319 intra
1105 281 1221 333 Pylas
1239 289 1322 320 erat
1340 281 1556 332 Philippus,
1575 286 1616 317 et

156 343 418 382 Phocensibus
443 346 692 397 pollicebatur
712 358 771 390 ea,
790 356 951 395 quorum
971 342 1025 379 illi
1045 342 1137 379 nihil
1157 343 1376 380 credebant.
1412 343 1535 392 Cujus
1562 340 1616 379 rei

156 404 309 454 signum
329 405 423 442 illud
439 414 510 452 est,
523 407 626 457 quod
648 406 789 457 alioqui
807 404 954 443 huc'ad
972 416 1042 441 nos
1061 416 1140 440 non
1161 403 1370 440 venissent.
1404 404 1545 440 Secuta
1557 408 1615 439 est

154 472 290 515 postea
308 468 456 513 concio,
476 468 511 504 in
534 480 609 517 qua
628 467 689 504 isti
711 466 838 503 omnia
857 464 1012 514 negotia
1030 463 1294 514 perdiderunt,
1324 462 1557 509 mentiendo,
1576 469 1617 500 et

155 526 386 578 decipiendo
401 541 482 573 vos,
496 528 646 565 decimo
661 533 769 564 sexto
786 525 893 562 Maii.
931 525 1076 566 Quinto
1091 524 1205 574 igitur
1221 524 1282 561 die
1301 530 1401 574 post,
1420 525 1536 560 etiam
1549 537 1615 561 ve-

154 594 234 625 stra
254 589 414 626 decreta
446 588 710 625 Phocensibus
741 598 826 623 esse
847 586 1031 623 nunciata
1062 585 1217 636 colligo.
1266 586 1485 622 Adfuerunt
1513 585 1614 622 enim

155 648 410 686 Phocensium
426 647 558 697 legati,
579 647 717 697 quibus
739 646 867 684 studio
887 646 959 682 fuit
978 659 1228 696 cognoscere,
1248 653 1330 682 tum
1350 645 1442 696 quid
1469 645 1532 682 isti
1552 658 1612 682 re-

153 709 369 747 nunciaturi
388 703 520 746 essent
539 714 618 745 tum
636 707 729 757 quid
744 720 811 745 vos
832 707 1033 745 decreturi.
1051 707 1250 758 Vigesimo
1269 707 1330 744 die
1347 705 1613 757 proponimus,

151 782 379 820 responsum
393 776 560 806 vestrum
577 768 796 807 Phocenses
811 769 1055 820 cognovisse.
1074 770 1175 807 Nam
1198 783 1221 807 a
1240 782 1307 807 xv1
1330 769 1380 806 ad
1398 769 1516 813 hunc,
1530 768 1614 806 dies

153 831 306 881 quintus
330 831 385 868 fit.
420 831 615 868 Posterior
642 831 758 881 igitur
777 837 837 868 est
857 844 897 868 x.
922 844 979 869 1x.
1006 844 1109 868 vnr.
1131 831 1205 868 hoc
1231 831 1376 868 factum
1393 838 1452 868 est
1470 829 1611 876 foedus,

151 892 228 929 illic
243 892 393 943 perdita
406 899 445 930 et
461 899 729 930 consummata
743 899 852 930 erant
867 892 1007 930 omnia.
1026 891 1138 928 Unde
1152 891 1191 928 id
1205 891 1459 942 perspicitur?
1479 902 1611 928 xxnn

152 952 214 990 die
234 947 460 991 concionem
476 965 544 990 vos
564 953 765 990 habebatis
785 953 824 990 in
846 953 994 991 Piraeeo
1015 953 1064 990 de
1090 953 1304 996 navalibus,
1325 952 1429 990 venit
1449 951 1612 1002 Dercyl-

151 1011 212 1053 lus
227 1012 477 1059 Chalcide,et
492 1013 598 1050 vobis
609 1013 767 1051 nunciat
786 1012 1005 1064 Philippum
1022 1025 1211 1050 summam
1231 1025 1354 1050 rerum
1377 1012 1612 1050 commisisse

151 1073 359 1120 Thebanis,
380 1080 419 1112 et
437 1075 611 1124 quintum
633 1088 717 1112 eum
744 1087 829 1112 esse
858 1074 960 1112 diem
980 1076 1162 1125 ponebat,
1182 1087 1229 1111 ex
1254 1087 1330 1124 quo
1356 1074 1480 1111 foedus
1507 1081 1612 1111 esset

150 1135 308 1173 sactum.
342 1136 462 1186 Igitur
482 1147 583 1173 vlu.
610 1149 692 1174 V11.
723 1148 782 1172 VI.
815 1148 855 1173 v·
887 1149 979 1173 1111.
1008 1135 1194 1186 exquisite
1215 1135 1409 1178 convenit,
1434 1135 1610 1173 adhunc

148 1208 235 1233 esse
249 1196 437 1244 quintum.
468 1197 604 1246 Itaque
619 1197 852 1246 temporibus
865 1198 1003 1246 quibus
1018 1196 1308 1241 renunciabant,
1319 1196 1456 1246 quibus
1473 1195 1607 1234 decer-

149 1256 306 1303 nebant,
325 1257 503 1294 omnibus
523 1257 774 1302 convincitur,
801 1271 868 1294 eos
889 1257 1092 1295 collusisse
1112 1271 1200 1295 cum
1220 1257 1412 1307 Philippo,
1434 1263 1473 1294 et
1499 1257 1610 1308 adju-

148 1324 251 1356 tores
269 1317 391 1356 fuisse
413 1319 671 1356 Phocensium
689 1318 975 1357 internecionis.

203 1381 267 1418 21.
297 1380 387 1417 Jam
399 1380 507 1430 quod
526 1379 633 1416 nulla
654 1379 910 1416 Phocensium
932 1379 1083 1415 urbium
1104 1388 1340 1429 expugnata,
1359 1388 1424 1418 aut
1447 1381 1551 1418 facto
1570 1382 1610 1419 in

147 1453 233 1478 eam
253 1440 400 1491 impetu
420 1441 456 1477 vi
476 1448 589 1490 capta
609 1447 681 1486 est,
701 1440 769 1477 sed
786 1439 1034 1490 persuasione
1053 1439 1230 1478 funditus
1248 1455 1381 1479 omnes
1400 1442 1609 1492 perierunt,

149 1502 314 1539 maximo
344 1509 572 1552 argumento
592 1508 663 1546 est,
695 1502 734 1539 id
764 1502 818 1539 eis
849 1501 1036 1539 accidisse
1064 1511 1269 1553 propterea
1299 1503 1403 1553 quod
1434 1504 1611 1542 AEschini

146 1563 407 1607 crediderunt,
432 1576 473 1600 se
493 1575 516 1600 a
534 1562 712 1612 Philippo
746 1569 1014 1600 conservatum
1035 1562 1102 1599 iri:
1132 1577 1259 1613 neque
1279 1564 1378 1601 enim
1407 1564 1516 1601 illum
1548 1565 1608 1615 ig-

148 1625 349 1662 norabant.
389 1625 490 1674 Age,
512 1623 638 1674 profer
664 1623 756 1660 mihi
780 1631 818 1660 et
840 1623 1064 1661 societatem
1095 1624 1368 1672 Phocensium,
1397 1633 1437 1663 et
1455 1627 1612 1665 decreta

147 1699 216 1738 per
236 1699 321 1735 quae
341 1698 468 1723 muros
489 1698 622 1722 eorum
647 1684 806 1730 subruit,
832 1691 876 1721 ut
905 1684 1048 1729 sciatis,
1073 1698 1149 1735 qua
1177 1687 1462 1724 necessitudine
1480 1688 1610 1726 vobis-

148 1761 238 1787 cum
268 1747 477 1798 conjuncti,
498 1747 627 1798 qualia
645 1746 870 1798 pertulerint
888 1753 1046 1797 propter
1068 1747 1163 1786 istos
1190 1748 1412 1800 sacrilegos.
1456 1749 1609 1789 Recita.

253 1855 527 1894 SOCIETAS
562 1855 989 1893 ATHENIENSIUM
1023 1855 1088 1892 ET
1116 1855 1499 1896 PHOCENSIUM.

147 1935 357 1986 Conjuncti
377 1934 492 1985 igitur
516 1934 624 1971 fuere
646 1933 862 1979 vobiscum,
886 1932 1062 1979 amicitia,
1092 1934 1291 1980 societate,
1318 1935 1484 1973 auxilio:
1511 1936 1606 1987 quid

143 2009 236 2034 vero
253 1995 483 2047 ,pertulerint
496 2002 652 2047 propter
668 1994 797 2040 istum,
819 1994 884 2046 qui
896 2007 964 2032 vos
984 2007 1097 2045 opem
1117 1996 1215 2039 ferre
1235 1996 1442 2048 prohibuit,
1462 1997 1606 2036 audite,

146 2057 296 2096 Recita.
319 2094 324 2096 .

330 2153 629 2192 CONVENTA
659 2153 897 2191 PHILIPPI
937 2153 1003 2190 ET
1032 2153 1415 2193 PH'OCENSIUM.

138 2230 294 2269 Auditis
333 2232 609 2270 Athenienses.
668 2233 870 2270 Conventa
899 2232 1066 2282 Philippi
1096 2240 1134 2270 et
1164 2233 1435 2280 Phocensium,
1466 2235 1603 2285 inquit,

139 2307 217 2332 non
245 2295 514 2332 Thebanorum
533 2301 573 2331 et
592 2293 863 2338 phocensium,
884 2307 956 2331 nec
977 2293 1249 2332 Thessalorum
1271 2301 1309 2333 et
1327 2294 1602 2344 Phocensium,

141 2370 215 2407 n,ec
238 2355 501 2401 Locrensium,
521 2369 594 2393 nec
614 2355 774 2393 aliorum
794 2355 858 2406 qui
887 2354 1093 2392 adfuerunt
1119 2355 1250 2393 ullius.
1288 2356 1339 2394 Et
1353 2362 1503 2404 ³rursus,
1525 2365 1604 2396 tra·

141 2418 289 2456 dendas
309 2430 406 2464 esse,
426 2417 559 2467 inquit,
587 2418 702 2454 urbes
729 2416 922 2467 Philippo,
949 2429 1026 2453 non
1052 2416 1263 2463 Thebanis,
1283 2431 1362 2456 non
1391 2418 1603 2465 Thessalis,

139 2491 219 2516 non
239 2478 302 2527 alii
322 2478 513 2528 cuiquam.
546 2477 820 2528 Quapropter?
849 2478 940 2527 quia
956 2477 1255 2516 renunciabatur
1274 2479 1322 2516 ab
1337 2479 1433 2526 istis,
1456 2480 1602 2531 Philip-

140 2552 231 2590 pum
263 2547 419 2590 propter
448 2539 710 2577 Phocensium
736 2540 1065 2577 conservationem
1085 2540 1236 2577 adesse.
1265 2540 1310 2577 Ei
1329 2541 1447 2591 igitur
1467 2543 1600 2579 crede-

138 2601 235 2638 bant
250 2600 390 2646 omnia,
407 2600 456 2637 ad
475 2613 561 2638 eum
575 2601 704 2638 omnia
718 2601 948 2644 referebant,
966 2613 1054 2638 cum
1069 2613 1115 2638 eo
1127 2614 1266 2651 pacem
1279 2602 1483 2641 faciebant.
1510 2603 1596 2653 Age

138 2662 261 2699 recita
273 2661 433 2710 reliqua,
449 2661 689 2700 considerate
705 2675 792 2713 quae
805 2662 1009 2713 sperarim,
1019 2668 1059 2699 et
1073 2676 1160 2712 quae
1177 2664 1255 2701 sint
1268 2665 1452 2715 perpessi.
1484 2665 1596 2702 Nun-

138 2722 232 2773 quid
251 2721 389 2760 similia
406 2727 446 2758 et
463 2728 729 2761 consentanea
745 2723 833 2770 illis,
853 2736 941 2774 quae
958 2722 1037 2771 iste·
1050 2723 1311 2763 renunciavit?
1359 2724 1509 2765 Recita.

487 2829 800 2869 DECRETUM
830 2831 1295 2871 AMPHICTYONUM.

139 2907 229 2956 His,
246 2907 522 2954 Athenienses,
544 2907 638 2947 nihil
669 2908 835 2947 atrocius
865 2909 1008 2947 factum
1034 2917 1103 2957 est,
1131 2923 1202 2947 nec
1227 2909 1368 2960 majus,
1382 2924 1461 2950 non
1479 2914 1596 2955 modo

820 2971 843 3006 2
879 2982 908 3009 n
