1923 3149
697 84 1104 123 ARGUMENTUM.
1545 84 1608 119 161

180 185 448 219 describendam
470 197 685 230 progressus,
706 188 945 221 conditionem
973 197 1073 219 suam
1103 186 1288 218 commode
1321 195 1403 219 eum
1434 186 1614 220 AEscliinis

180 239 383 273 conditione
403 242 595 284 componit,
622 245 672 281 ut,
697 243 838 286 qualem
864 244 1012 284 uterque
1038 251 1075 272 se
1092 250 1174 282 erga
1197 239 1388 278 civitatem,
1417 250 1500 280 erga
1520 241 1614 272 cives

179 293 394 336 praestiterit,
423 295 605 338 judicibus
632 296 843 337 declaretur,
863 295 892 338 ξ.
916 296 1064 329 76-81.
1114 293 1172 327 Ad
1202 292 1377 325 fortunam
1407 293 1614 337 reipublicae

178 356 351 389 reversus,
394 351 470 393 ejus
507 352 746 385 calamitatem
780 351 956 390 omnihus,
987 349 1046 393 qui
1084 352 1160 381 tum
1200 348 1373 386 viverent,
1414 348 1614 382 hominibus

179 414 420 443 communem,
452 417 516 438 nve
549 407 613 439 sibi
646 406 869 439 tribuendam
898 415 986 445 esse,
1016 403 1171 436 ostendit
1196 403 1221 446 ξ.
1250 405 1398 436 82-83.
1457 403 1614 437 Crimina

179 458 260 491 inde
289 463 324 492 et
352 460 514 493 convicia
542 461 576 492 in
596 460 665 492 nim
698 470 796 492 snam
828 459 969 492 dicendi
998 458 1094 490 dicta
1115 457 1150 489 in
1172 456 1410 489 adversarium
1439 467 1614 498 regereris,

179 515 218 546 ut
236 514 308 557 ipse
331 515 386 547 illa
404 515 446 547 ad
475 515 677 558 utilitatem,
699 513 882 546 :Est-hines
908 523 992 546 vero
1012 523 1077 545 sua
1094 511 1138 544 ad
1156 511 1345 555 perniciem
1364 511 1487 554 patriae
1512 513 1547 542 et
1571 511 1616 543 ad

177 568 340 601 inimicos
357 570 579 602 ulciscendos
597 579 681 601 usus
695 569 750 607 sit,
765 569 794 611 ξ.
816 569 871 602 84.
889 567 1013 611 aperit,
1027 567 1131 610 eujus
1145 566 1194 599 rei
1213 567 1303 599 lianc
1317 567 1424 599 etiam
1444 566 1619 598 accusati-

177 633 279 655 onem
297 623 620 656 luculcntissinium
633 634 711 656 esso
728 624 946 666 exemplum,
963 622 992 664 ξ.
1007 625 1063 655 85.
1113 621 1204 654 Inde
1222 621 1369 654 virtutes
1382 620 1445 653 viri
1464 621 1497 652 in
1512 619 1616 652 rebus

177 676 327 718 publicis
341 678 630 710 administrandis
647 678 815 721 praeclare
830 677 1000 710 versantis
1018 679 1192 714 recenset,
1217 675 1271 707 sui
1296 673 1541 717 fEsehinisqne
1565 685 1617 707 ra-

179 730 274 762 tione
299 730 434 773 habita,
451 731 481 774 ξ.
506 733 677 770 86—87.;
704 731 861 763 laudatio
883 731 1009 773 proelio
1025 730 1069 762 ad
1087 729 1320 761 Chaeroneam
1343 739 1514 761 caesorum
1533 739 1617 762 eum

176 784 282 827 epulo
299 784 434 818 funebri
453 796 514 817 cur
531 785 596 818 sibi
609 785 832 827 potissimum
851 784 1068 816 demandata
1084 783 1139 824 sit,
1155 782 1316 825 exponit,
1334 782 1362 824 ξ.
1378 785 1526 816 88-89.
1551 784 1618 817 AE-

175 839 307 872 schinis
327 841 486 873 animum
504 852 525 873 a
541 840 725 883 republica
743 839 896 872 alienum
916 839 1041 881 carpit,
1056 839 1083 881 ξ.
1099 839 1156 870 90.
1171 837 1388 880 crimenque,
1406 841 1578 882 tanquam
1597 849 1618 871 a

178 894 331 938 Philippi
354 894 511 937 partibus
538 893 684 936 steterit,
706 893 846 937 refutat,
870 893 1087 938 proditorum
1112 891 1263 926 Graeciae
1289 902 1473 925 recensum
1498 903 1619 937 agenS,

175 949 203 991 ξ.
221 952 278 984 91.

223 1004 279 1037 Ita
295 1016 377 1038 eum
393 1017 456 1039 sua
471 1006 723 1047 confirmasset,
741 1005 940 1038 adversaria
959 1006 1155 1046 evertisset,
1174 1004 1355 1038 AEschinis
1377 1014 1493 1039 mores
1510 1006 1620 1039 facta-

176 1069 246 1102 que
265 1070 285 1092 a
297 1060 484 1103 republica
498 1061 723 1102 detestanda,
741 1071 841 1093 suam
858 1061 966 1093 vitam
980 1060 1123 1103 publice
1141 1061 1375 1104 privatimque
1389 1063 1505 1094 aetam
1522 1061 1620 1094 omni

175 1113 284 1146 laude
301 1116 460 1146 ornatam
476 1115 744 1158 ornandamque
757 1125 834 1147 esse
849 1115 1089 1158 explanasset,
1106 1115 1224 1147 omnia
1241 1116 1463 1158 peroratione
1477 1115 1507 1158 ξ.
1528 1117 1621 1149 92-

178 1169 255 1200 100.
275 1167 517 1200 inflammante
542 1169 848 1214 restinguentiquc
871 1168 1059 1201 commode
1077 1169 1262 1202 concludit
1279 1172 1406 1202 orator.
1457 1169 1621 1203 Breviter

174 1221 268 1254 enim
294 1223 331 1254 et
355 1222 507 1264 graviter
523 1224 694 1263 recenset,
713 1224 849 1266 quanta
867 1222 1069 1255 constantia
1096 1232 1272 1254 summam
1292 1224 1547 1266 rempublicam
1570 1235 1624 1257 re-

176 1274 320 1308 tinuerit
333 1278 440 1319 atque
455 1275 664 1318 defenderit,
678 1276 707 1319 §.
722 1279 778 1309 92.
790 1289 797 1316 ;
814 1276 945 1320 quibus
958 1275 1135 1319 praesidiis
1146 1287 1223 1309 eam
1235 1280 1358 1310 eontra
1367 1277 1526 1322 Philippi
1538 1289 1623 1322 opes

176 1329 356 1372 munierit,
373 1341 454 1374 quae
473 1330 651 1374 sapienter
662 1331 808 1375 incepta
824 1330 923 1364 irrita
938 1329 1025 1371 fieri,
1040 1340 1156 1374 eoque
1169 1330 1352 1364 civitatem
1370 1332 1539 1374 recidere,
1557 1333 1624 1367 for-

175 1387 285 1425 tunae,
304 1385 337 1418 in
355 1385 450 1418 omni
467 1396 503 1418 re
522 1384 733 1427 dominanti,
751 1385 924 1429 placuerit
944 1385 970 1429 ς.
986 1387 1135 1419 93-95,
1186 1385 1254 1418 His
1268 1385 1448 1420 laboribus
1461 1388 1626 1432 egregiis,

178 1450 241 1483 pro
256 1439 371 1482 patria
387 1440 564 1483 susceptis
587 1442 696 1483 atque
722 1440 878 1483 perlatis,
901 1441 1103 1484 oppositum
1130 1440 1293 1483 legimus,
1309 1441 1497 1479 AEschines
1513 1454 1624 1487 quam

177 1504 298 1537 segne,
312 1497 348 1527 at
366 1495 578 1528 malitiosum
602 1495 687 1528 etin
706 1495 891 1528 civitatem
909 1495 1119 1538 injuriosum
1139 1495 1251 1528 otium
1279 1498 1513 1530 consumserit
1529 1498 1558 1541 ξ.
1577 1500 1624 1532 96

178 1551 282 1582 -97.
310 1548 400 1582 nihil
429 1560 572 1593 prorsus
594 1550 686 1582 bene
713 1550 920 1593 reipublicae
948 1549 1076 1583 feeerit
1100 1549 1130 1592 ξ.
1151 1551 1208 1583 97.
1233 1550 1495 1584 benevolentiae
1520 1553 1622 1596 signa

178 1605 278 1638 nulla
300 1605 464 1647 ediderit,
488 1608 524 1638 at
549 1605 711 1639 hostibus
739 1606 860 1639 omnia
891 1606 1113 1648 gratificatus
1143 1605 1187 1638 sit
1210 1605 1238 1648 ξ.
1270 1608 1327 1640 97.
1379 1606 1509 1651 itaque
1537 1619 1621 1652 ergo

176 1670 214 1693 se
229 1660 387 1703 aequales
402 1660 710 1703 praeeminentem,
733 1659 908 1702 majorum
924 1659 1298 1702 praestantissimorum
1324 1661 1413 1693 nulli
1438 1671 1508 1694 non
1525 1673 1624 1696 eom-

176 1713 389 1757 parandum,
407 1712 616 1746 AEschinem
643 1723 727 1747 vero
753 1712 953 1746 deterrimis
979 1714 1137 1756 priorum
1162 1724 1238 1746 esse
1267 1714 1505 1756 simillimum;
1531 1717 1558 1760 ξ.
1576 1720 1622 1752 98

179 1769 284 1802 -99,
307 1778 414 1812 quern
443 1770 525 1812 post
553 1768 735 1801 civitatem
765 1768 968 1801 calamitate
1009 1778 1213 1811 oppressam
1254 1767 1413 1803 hostibus
1448 1772 1622 1806 serviliter

179 1822 344 1865 blandiri,
361 1823 508 1857 obedire
524 1822 694 1864 ostendit,
718 1834 755 1856 se
770 1833 853 1856 vero
870 1822 951 1856 sorti
969 1822 1085 1855 animo
1103 1823 1270 1855 virtutem
1288 1826 1395 1866 atque
1413 1824 1625 1860 benevolen-

176 1880 263 1913 tiam
287 1879 322 1912 in
339 1879 596 1923 rempublicam
618 1880 768 1912 retinere
784 1877 814 1920 ξ.
835 1880 912 1911 100.
930 1876 1161 1920 pessimorum
1179 1877 1310 1911 civium
1329 1889 1445 1912 mores
1459 1891 1625 1915 aversan-

180 1938 266 1975 tem,
277 1934 340 1978 qui
358 1935 480 1967 alienis
493 1933 594 1967 malis
608 1933 799 1977 gaudeant,
818 1933 1100 1975 servitutemque
1114 1933 1364 1976 sempiternam
1381 1935 1548 1969 omnibus
1566 1948 1625 1970 vo-

180 1989 226 2022 tis
251 1991 437 2033 expetant,
452 1998 526 2032 qua
541 1988 694 2031 patriam
719 1987 768 2021 dii
786 1986 930 2031 propitii
949 1986 1156 2029 explicitam
1184 1989 1291 2030 atque
1307 1987 1491 2022 liberatam
1508 1991 1623 2033 pristi-

182 2053 238 2076 nae
267 2043 423 2076 libertati
457 2045 493 2075 et
522 2041 759 2076 incolumitati
781 2041 984 2081 restituant,
1012 2040 1071 2083 pia
1101 2044 1222 2073 mente
1242 2045 1421 2084 precatur.
1449 2042 1478 2086 Ε).
1512 2047 1620 2078 100--

179 2098 223 2131 ad
237 2098 356 2132 finem.

235 2369 446 2432 LIBANlt
475 2372 870 2411 ARGUMENTUM
902 2374 1198 2411 ORATIONIS
1217 2374 1300 2433 ‘DE
1330 2374 1568 2412 CORONA.

226 2491 395 2519 Moemssus
410 2489 671 2523 circummunierat
682 2493 794 2524 Orator
803 2493 1020 2530 Athenienses,
1032 2495 1151 2525 usitatis
1166 2494 1234 2525 istis
1250 2505 1284 2524 ac
1299 2494 1476 2524 manufactis
1487 2498 1517 2523 et
1533 2494 1623 2523 firmi-

182 2540 287 2570 oribus
303 2544 333 2569 et
348 2540 535 2578 melioribus,
551 2543 761 2574 benevolentia
778 2555 850 2584 erga
865 2555 961 2584 remp.
979 2549 1070 2584 atque
1086 2545 1115 2574 in
1133 2545 1264 2575 dicendo
1280 2546 1321 2581 vi,
1336 2545 1428 2575 sicuti
1444 2545 1508 2583 ipse
1525 2544 1622 2582 loqui-

181 2596 331 2628 tur,non
356 2591 476 2621 saxis
499 2597 540 2622 et
562 2593 777 2625 lateribus
801 2596 986 2625 Athenas
1008 2596 1180 2631 munivi,
1203 2597 1275 2626 sed
1299 2596 1460 2635 magnis
1484 2594 1622 2632 copiis

181 2648 220 2673 et
241 2640 516 2672 multitudine
539 2645 756 2683 sociorum,
778 2651 858 2675 tum
883 2652 986 2676 terra
1010 2652 1088 2676 tum
1111 2647 1208 2676 mari
1231 2657 1273 2676 co
1287 2647 1486 2685 nquisita:
1513 2655 1621 2674 verun-

184 2699 281 2723 tamen
297 2697 328 2721 et
343 2692 378 2720 ad
396 2693 613 2724 munimentum
642 2697 779 2726 manibus
801 2701 990 2726 exstructum
1008 2708 1067 2727 non
1085 2708 1191 2736 parum
1208 2697 1337 2726 contulit
1353 2696 1480 2725 civitati.
1526 2696 1622 2725 Labe-

183 2744 326 2773 factatum
343 2742 422 2774 enim
440 2744 542 2773 multis
561 2745 590 2774 in
605 2745 681 2775 loeis
699 2757 813 2777 murum
830 2747 1067 2778 Atheniensibus
1084 2754 1242 2787 postquam
1266 2748 1430 2777 instaurare
1444 2745 1542 2774 visum
1564 2753 1622 2781 est,

184 2793 293 2823 delecti
312 2799 382 2823 sunt
404 2795 440 2824 ad
464 2795 494 2824 id
517 2806 625 2825 munus
649 2797 753 2827 decem
777 2798 846 2833 viri,
865 2809 904 2828 ex
921 2798 1049 2838 singulis
1069 2799 1209 2828 tribubus
1231 2797 1357 2836 singuli,
1378 2807 1453 2835 quos
1476 2797 1622 2826 conficere

185 2848 339 2882 oporteret
364 2846 465 2883 operis
489 2847 672 2877 curationem
687 2859 694 2877 :
720 2859 784 2878 nam
814 2853 951 2888 sumptus
975 2850 1013 2878 de
1037 2849 1160 2887 publico
1185 2849 1284 2878 fiebat.
1330 2849 1415 2877 Unus
1432 2847 1525 2885 igitur
1537 2848 1622 2877 exiis

891 2911 917 2934 Y
