1923 3149
293 181 368 216 330
780 179 1004 220 CONTRA
1038 183 1263 221 M1D1AM.

293 288 370 319 tate
397 282 551 332 spoliari
584 288 747 333 oportet,
779 292 921 335 negata
949 286 1052 323 omni
1085 286 1210 331 venia,
1240 285 1342 324 omni
1373 285 1611 333 defensione,
1640 286 1744 325 omni

293 346 487 393 aequitate,
503 358 590 395 quae
603 345 716 383 etiam
735 346 861 397 palam
879 348 1064 386 convictis
1084 348 1302 396 injuriarum
1318 348 1585 386 conceduntur
1605 348 1745 386 omnia.

293 404 506 455 Postquam
529 412 657 444 autern
677 406 714 444 in
730 407 901 446 ordinem
921 409 1062 459 coegit,
1078 422 1194 460 quem
1211 408 1344 453 voluit,
1364 416 1403 447 et
1420 423 1488 447 vos
1503 409 1576 448 hoc
1596 410 1631 447 ei
1649 423 1744 448 con-

293 465 481 511 donastis,
502 480 690 518 suumque
720 467 980 519 impudentem
1000 470 1183 517 animum,
1209 484 1287 521 quo
1307 470 1402 509 talia
1421 471 1584 508 consilia
1613 471 1747 516 nectit,

292 527 472 578 explevit,
493 537 573 567 tum
589 530 724 568 saltem
740 530 813 568 hoe
835 530 926 568 fecit
938 544 946 568 :
959 531 1170 579 judicatum
1188 532 1316 578 solvit,
1328 540 1483 584 propter
1501 532 1606 582 quod
1620 532 1749 569 homi-

293 602 378 626 nem
395 591 581 640 perdidit;
601 597 640 629 at
660 605 707 629 ne
730 592 940 629 teruncium
954 593 1109 643 quidem
1124 594 1163 631 in
1183 593 1286 632 hunc
1307 607 1431 645 usque
1447 593 1562 631 diem.
1592 593 1744 630 Potius-

292 663 365 700 que
382 652 532 689 actione
562 652 663 689 unde
687 652 722 688 vi
749 650 932 702 postulari
952 667 1027 691 non
1057 661 1223 693 recusat.
1257 655 1369 692 Alter
1399 655 1515 704 igitur
1534 653 1747 705 ignominia

290 718 448 750 notatus
470 721 624 763 propter
642 720 791 751 nostras
821 714 934 759 rixas,
955 715 1077 765 periit,
1099 716 1207 762 alter,
1237 716 1298 753 cui
1319 716 1407 753 mali
1428 715 1518 753 nihil
1540 715 1743 766 quicquam

291 772 442 818 accidit,
472 786 625 810 sursum
645 773 823 811 deorsum
844 775 965 826 legeS‚
993 775 1169 821 arbitros,
1191 777 1317 814 omnia
1345 790 1431 828 quae
1457 777 1576 814 libido
1602 776 1743 822 tulerit,

291 841 429 870 versat.
460 833 517 871 Ac
537 835 764 872 sententiam
789 835 934 872 latam
925 849 964 872 1n
984 837 1178 883 arbitrum,
1207 850 1319 887 quam
1342 850 1405 875 reo
1425 850 1502 874 non
1524 844 1660 874 vocato
1679 850 1746 888 per

289 893 447 932 insidias
467 894 609 941 elicuit,
638 895 719 946 ipse
736 896 807 933 sibi
828 902 946 933 iatam
966 897 1079 934 fecit.
1111 911 1187 948 qua
1206 911 1294 936 vero
1313 898 1394 948 ipse
1416 898 1505 935 mihi
1531 898 1744 943 tenebatul,

289 965 460 1002 vocatus,
480 959 622 1003 sciens,
643 958 906 996 vadimonium
921 959 1114 1006 deserens,
1136 960 1276 997 irritam
1294 960 1398 997 facit.

342 1019 406 1055 26.
440 1020 563 1070 Atqui
584 1020 614 1056 si
635 1020 704 1058 iste
725 1026 833 1057 tanta
853 1033 966 1070 poena
981 1020 1280 1071 dignosjudicat
1300 1034 1380 1066 eos,
1402 1034 1425 1058 a
1445 1021 1583 1071 quibus
1604 1021 1745 1058 absens

290 1078 520 1118 damnatur:
551 1094 646 1131 quas
679 1094 813 1132 poenas
834 1082 951 1118 istum
985 1082 1076 1120 dare
1102 1083 1210 1120 vobis
1240 1082 1444 1134 oportebit,
1473 1083 1523 1120 ita
1543 1083 1746 1121 manifeste

288 1140 393 1191 leges
420 1150 568 1181 vestras
604 1157 671 1194 per
700 1143 971 1181 contumeliam
999 1143 1237 1182 violantem?
1273 1145 1373 1182 Nam
1403 1144 1434 1181 si
1468 1143 1688 1194 ignominia,
1715 1143 1746 1181 si

289 1202 432 1253 legum,
450 1204 481 1241 si
495 1204 744 1255 judiciorum,
765 1205 796 1242 si
816 1217 940 1242 rerum
961 1205 1124 1256 denique
1142 1206 1309 1243 omnium
1330 1206 1503 1256 privatio,
1524 1206 1625 1244 illius
1646 1205 1744 1257 inju-

289 1263 354 1301 riae
381 1264 500 1315 digna
520 1279 635 1316 poena
654 1274 726 1312 est,
754 1266 1002 1303 contumeliae
1031 1274 1135 1304 certe
1163 1280 1281 1317 parva
1304 1267 1388 1313 erit,
1409 1280 1492 1305 meo
1516 1266 1742 1317 quidemju-

287 1325 404 1373 dicio,
423 1339 539 1365 mors.
584 1326 637 1364 Ut
656 1334 784 1364 autem
805 1340 896 1364 vera
922 1340 983 1365 me
1009 1328 1136 1365 dicere
1166 1334 1331 1374 constet,
1365 1341 1461 1365 voca
1490 1327 1578 1365 mihi
1609 1327 1742 1364 harum

285 1400 411 1425 rerum
432 1394 565 1436 testes,
583 1396 621 1427 et
640 1389 870 1428 arbitrorum
894 1389 1015 1427 recita
1035 1390 1174 1440 legem.

929 1492 1147 1530 TESTES.

329 1576 523 1607 Nicostratus
534 1578 772 1618 Myrrhinusius,
784 1578 916 1609 Phanias
930 1579 1132 1618 Apliidnaeus,
1145 1578 1273 1614 scimus,
1286 1580 1533 1616 Demosthenem,
1546 1579 1595 1610 cui
1607 1579 1744 1609 testimo-

285 1627 367 1656 ninm
383 1628 524 1664 dicimus,
539 1634 570 1659 et
589 1629 716 1659 Midiam
734 1629 786 1668 qui
812 1640 829 1660 a
847 1630 1056 1660 Demosthene
1071 1634 1246 1664 accusatur,
1261 1640 1353 1669 quum
1371 1631 1409 1660 ob
1426 1630 1589 1660 maledicta
1604 1630 1682 1660 diem
1701 1630 1746 1659 illi

284 1678 425 1714 dixisset.
439 1680 605 1719 sumpsisse
622 1681 769 1710 arbitrum
784 1681 971 1716 Stratonem,
984 1685 1015 1710 et
1031 1691 1123 1720 quum
1142 1680 1304 1710 vadimonii
1321 1681 1389 1711 dies
1405 1682 1474 1721 lege
1490 1681 1642 1721 praefinita
1656 1681 1745 1710 ades-

285 1735 332 1759 set
348 1731 476 1760 Midiam
500 1732 582 1769 apud
599 1732 743 1761 arbitrum
771 1742 804 1761 so
832 1742 890 1760 non
908 1732 1036 1768 stitisse,
1053 1732 1107 1761 sed
1124 1731 1300 1761 deseruisse
1321 1732 1539 1761 vadimonium.
1564 1733 1747 1761 Damnatum

284 1783 378 1821 igitur
396 1784 522 1813 Midiam
538 1785 694 1814 absentem
713 1783 828 1813 scimus
851 1788 992 1813 conatum
1011 1793 1080 1812 esse
1092 1783 1278 1822 persuadere
1299 1783 1435 1812 Stratoni
1455 1783 1581 1818 arbitro,
1598 1787 1629 1812 et
1645 1782 1744 1819 nobis,

287 1835 337 1873 qui
355 1836 542 1875 temporibus
566 1835 628 1864 illis
645 1835 814 1865 novemviri
831 1845 961 1869 eramus,
983 1840 1015 1863 ut
1034 1834 1194 1864 arbitrium
1211 1834 1466 1868 rescinderemus,
1486 1833 1637 1863 drachmis
1659 1833 1745 1871 qnin-

285 1886 432 1924 quagenis
457 1885 628 1924 promissis.
664 1886 756 1924 Quod
773 1885 822 1915 ubi
847 1884 1069 1920 recusavimus,
1093 1884 1182 1913 nobis
1211 1884 1380 1913 minitatum
1402 1884 1528 1923 iusuper
1548 1883 1741 1913 discessisse.

284 1937 333 1966 Ob
351 1937 426 1966 hane
443 1948 564 1967 eausam
582 1938 695 1967 scimus
711 1938 882 1967 Stratonem
900 1947 916 1966 a
933 1936 1032 1966 Midia
1048 1936 1197 1966 insidiose
1214 1936 1467 1972 circumventum,
1487 1942 1518 1966 et
1533 1941 1639 1967 contra
1655 1946 1743 1966 omne

280 1991 332 2027 jus
350 1993 380 2018 et
395 1989 567 2027 aequitatem
585 1988 752 2028 ignominia
769 1991 904 2018 notatum
925 1998 1005 2017 esse.

290 2081 428 2119 Recita
441 2083 556 2119 etiam
577 2082 801 2119 arbitrorum
822 2081 961 2131 legem.

950 2184 1072 2222 LEX.

313 2273 344 2301 Si
360 2272 412 2311 qui
428 2273 466 2301 de
484 2272 613 2311 privatis
624 2272 831 2302 contractibus
846 2271 1006 2311 lhigarint,
1019 2276 1050 2301 et
1066 2271 1211 2301 arbitrum
1227 2281 1345 2302 sumere
1360 2271 1510 2300 voluerint
1521 2279 1741 2310 quemcunque,

284 2322 328 2351 eis
345 2323 436 2352 liceat
452 2333 583 2358 sumere,
600 2334 809 2362 quemcunque
824 2323 977 2354 voluerint
993 2322 1148 2352 arbitrum.
1182 2323 1273 2358 Quod
1289 2322 1314 2351 si
1331 2322 1532 2351 communiter
1548 2322 1744 2360 sumpserint,

284 2373 479 2411 acquiescant
503 2374 531 2402 in
549 2375 616 2411 ejus
632 2374 794 2408 sententia,
819 2384 916 2414 neque
936 2374 973 2403 ab
998 2374 1056 2404 hoc
1072 2373 1102 2402 in
1121 2373 1203 2402 alind
1221 2373 1373 2411 judicium
1389 2372 1495 2402 eadem
1511 2372 1637 2401 erimina
1659 2373 1743 2402 dese-

283 2429 348 2452 rant
364 2435 369 2452 :
397 2424 450 2453 sed
467 2435 533 2462 qme
550 2425 586 2453 ab
603 2424 717 2454 arbitro
729 2425 869 2463 judicata
882 2424 995 2453 fuerint
1014 2428 1078 2453 rata
1093 2423 1232 2452 habento.

339 2511 403 2546 27.
433 2509 532 2559 Age,
557 2522 655 2546 voca
675 2510 788 2546 etiam
818 2511 1038 2548 Stratonem
1068 2510 1206 2559 ipsum,
1241 2520 1328 2544 eum
1360 2508 1425 2557 qni
1456 2508 1548 2545 talia
1574 2508 1741 2559 pertulit.

287 2571 397 2608 Stare
426 2570 526 2608 enim
555 2570 588 2607 ei
616 2572 790 2620 profecto
816 2572 969 2608 licebit:
1003 2571 1076 2615 hic,
1105 2569 1376 2614 Athenienses,
1398 2582 1545 2620 pauper
1569 2569 1743 2608 fortassis

282 2638 354 2675 est,
376 2632 571 2682 improbus
600 2645 675 2669 non
697 2639 767 2669 est.
815 2633 890 2675 Qui
919 2645 1005 2670 cum
1027 2631 1118 2669 civis
1150 2631 1211 2675 sit,
1244 2638 1282 2668 et
1313 2643 1446 2668 omnes
1480 2630 1740 2682 expeditiones

277 2694 430 2744 juvenis
451 2693 598 2739 obierit,
619 2706 742 2743 neque
763 2694 918 2731 sceleris
933 2693 1139 2743 quicquam
1161 2692 1370 2738 admiserit,
1391 2705 1492 2729 nunc
1512 2692 1651 2729 tacitus
1672 2691 1740 2729 ad·

286 2762 374 2800 stat,
396 2768 471 2793 non
495 2755 577 2792 aliis
594 2754 992 2799 modo-communibus
1008 2754 1118 2791 bonis
1135 2754 1333 2805 spoliatus,
1348 2753 1416 2791 sed
1429 2753 1611 2802 loquendi
1626 2754 1742 2791 etiam

281 2816 594 2866 lamentandique
614 2822 826 2867 potestate;
848 2816 1037 2866 acjurene
1053 2828 1100 2852 an
1118 2815 1255 2866 injuria
1271 2814 1354 2852 haec
1373 2814 1443 2851 sibi
1458 2813 1679 2858 acciderint,
1692 2827 1741 2852 ne

284 2878 321 2914 itl
340 2878 490 2927 quidem
514 2878 617 2928 apud
640 2890 704 2915 vos
725 2877 843 2915 audet
863 2890 1054 2927 exponere
1071 2889 1079 2912 :
1103 2884 1141 2914 ct
1156 2877 1238 2914 hcec
1261 2890 1283 2914 a
1301 2875 1427 2912 Midia
1446 2887 1649 2925 perpessus
1669 2882 1740 2922 est,

281 2945 319 2975 ct
340 2951 362 2975 a
384 2938 513 2976 Midiae
534 2940 687 2989 opibus,
712 2946 824 2989 atque
846 2937 1061 2988 insolentia,
1090 2939 1137 2975 ob
1164 2943 1446 2989 paupertatem,
1476 2934 1740 2983 solitudinem·-
