1923 3149
642 69 935 108 ADVERSUS
967 68 1266 106 LEPTINEM.
1612 65 1685 101 307

221 172 293 209 bus
314 172 506 218 dedimus,
530 181 610 212 tum
643 187 795 224 aequum
829 175 948 211 fuisse
968 173 1150 224 judicari,
1172 185 1256 210 cum
1292 183 1403 209 nemo
1426 184 1470 208 ex
1492 170 1573 208 istis
1593 181 1686 206 con-

218 234 398 272 tradixit:
429 235 571 274 deinde
591 249 680 274 vero
701 236 840 274 missos
864 249 929 273 eos
951 235 1044 280 fieri,
1068 235 1139 271 nisi
1173 235 1220 271 ab
1256 234 1299 270 iis
1321 232 1451 270 affecti
1484 232 1567 270 sitis
1598 238 1688 282 post

219 295 369 346 injuria.
387 305 389 307 ’
429 297 545 341 Quod
566 298 597 336 si
618 298 678 336 isti
701 299 972 340 affirmabunt;
1004 297 1270 334 demonstrare
1291 308 1459 344 namque
1477 308 1555 332 non
1577 300 1687 346 pote-

218 364 329 395 runt:
360 358 435 396 hoe
456 359 673 410 requiritur,
691 367 733 397 ut
758 360 1000 403 ostendatur,
1022 371 1091 396 eos
1120 370 1210 395 mox
1233 356 1411 394 admissis
1432 355 1583 393 delictis
1604 369 1686 406 poe-

218 430 290 455 nas
311 419 479 458 dedisse.
537 420 577 457 Si
610 434 712 466 vero,
745 421 812 458 tali
842 433 880 457 re
915 419 1023 456 nulla
1050 418 1211 469 prolata,
1248 418 1374 467 legem
1409 417 1684 467 approbabitis,

218 479 439 530 opinionem
476 481 645 520 afferetis
674 481 909 527 hominibus,
929 494 997 519 vos
1018 494 1092 518 nou
1116 481 1165 518 ob
1187 479 1305 517 ullum
1328 477 1527 523 delictum,
1549 478 1618 515 sed
1639 492 1685 515 ex

217 541 359 580 invidia
393 543 654 581 immunitates
684 544 902 581 sustulisse.
975 543 1073 580 Cum
1107 549 1234 580 autem
1268 542 1421 593 probra,
1455 546 1494 577 ut
1525 540 1687 577 breviter

216 605 358 651 dicam,
379 605 565 655 fugienda
585 613 675 644 sunt
695 606 846 643 omnia:
877 612 958 642 tum
978 605 1052 643 hoc
1075 605 1237 642 maxime
1264 602 1451 648 omnium,
1472 600 1685 638 Athenien-

215 680 290 704 ses.
350 666 506 710 Quare?
565 667 666 711 Quia
695 667 840 705 invidia
860 667 1017 705 omnino
1035 667 1215 718 pravitati
1235 672 1384 704 naturae
1401 663 1591 708 tribuitur,
1615 675 1687 700 nec

214 727 295 765 ulla
313 741 431 766 causa
450 735 523 775 est,
542 729 591 766 ob
609 738 727 779 'quam
752 729 903 768 invidus
923 729 1074 767 veniam
1097 735 1301 766 mereatur.
1359 725 1515 764 Deinde
1535 725 1684 762 nullum

214 789 345 827 vitium
368 798 440 836 est,
469 804 490 828 a
520 803 597 841 quo
629 799 759 829 nostra
787 791 877 828 urbs
903 798 981 828 tam
1013 791 1139 828 aliena
1174 789 1361 834 videatur,
1394 796 1432 825 ut
1455 789 1502 825 ab
1524 787 1682 833 invidia,

214 853 391 902 quamvis
412 853 459 889 ab
480 852 582 890 omni
604 852 677 890 alia
699 852 938 904 turpitudine
960 853 1175 890 abhorreat.
1236 851 1355 900 Cujus
1376 850 1429 887 rei
1450 856 1593 900 quanta
1610 850 1687 886 sint

216 921 457 965 argumenta,
478 915 606 952 videte
622 919 643 964 ἱἱ
688 915 857 952 Primum
873 915 943 952 soli
961 928 1007 952 ex
1025 915 1203 952 universo
1221 925 1361 964 genere
1377 912 1596 950 mortalium
1617 923 1685 949 eos

213 976 279 1027 qui
300 990 368 1027 pro
384 977 505 1026 patria
520 977 557 1013 in
578 976 687 1014 bellis
701 978 917 1015 occubuere
934 976 1104 1028 sepelitis
1118 976 1286 1027 publice,
1298 988 1342 1013 ac
1359 973 1582 1012 funebribus
1599 986 1684 1012 ora-

213 1038 380 1076 tionibus
401 1038 548 1076 ornatis
563 1038 666 1076 sacta
681 1030 833 1076 fortium
854 1039 1034 1076 virorum.
1067 1037 1152 1075 Hoc
1170 1049 1260 1075 vero
1274 1035 1464 1088 ejusmodi
1485 1043 1556 1081 est,
1570 1036 1684 1073 utin-

213 1100 317 1137 dicet
332 1099 520 1146 homines,
533 1100 598 1150 qui
620 1100 797 1138 virtutem
815 1101 945 1151 magni
966 1100 1124 1145 faciant,
1140 1112 1216 1138 non
1231 1099 1295 1150 qui
1311 1098 1463 1136 virtutis
1475 1097 1685 1136 honoribus

213 1161 423 1200 invideant.
482 1161 638 1199 Deinde
669 1163 717 1199 ab
748 1163 852 1200 omni
873 1175 954 1200 aevo
975 1162 1165 1200 maximos
1184 1162 1349 1199 honores
1369 1160 1520 1198 habetis
1535 1159 1687 1198 victori-

212 1225 284 1261 bus
305 1223 574 1275 gymnicorum
595 1224 862 1269 certaminum,
894 1224 931 1260 in
962 1223 1101 1274 quibus
1132 1236 1288 1261 coronae
1318 1222 1432 1260 tribui
1464 1222 1615 1265 solent;
1647 1230 1686 1259 et

211 1298 288 1323 non
307 1292 529 1336 propterea,
549 1284 640 1336 quia
660 1292 799 1323 natura
828 1285 905 1323 sert
931 1293 974 1323 ut
995 1299 1040 1324 eo
1061 1285 1208 1323 honore
1228 1284 1343 1336 pauci
1363 1284 1574 1335 potiantur,
1598 1296 1684 1322 eam

210 1337 434 1386 felicitatem
451 1346 603 1398 adeptis
624 1347 816 1394 invidetis,
837 1360 964 1399 neque
991 1347 1160 1386 honores
1188 1346 1413 1385 diminuitis.
1473 1346 1619 1384 Praeter
1639 1359 1685 1383 ea

211 1422 298 1459 quae
320 1408 501 1454 diximus,
522 1422 637 1446 nemo
659 1408 810 1447 videtur
831 1423 1002 1460 unquam
1030 1416 1197 1447 vestram
1217 1410 1351 1447 urbem
1371 1408 1510 1446 vicisse
1538 1408 1685 1446 benefi-

213 1470 367 1508 centia:
398 1477 508 1508 tanta
528 1478 591 1508 est
610 1471 693 1522 ejus
715 1471 752 1508 in
774 1471 1058 1509 remunerando
1077 1471 1301 1517 liberalitas,
1321 1477 1360 1508 et
1378 1470 1683 1521 magnificentia.

213 1532 314 1570 Sunt
333 1540 462 1571 autem
484 1531 570 1570 haec
592 1533 784 1578 universa,
806 1532 1073 1578 Athenienses,
1090 1532 1265 1583 justitiae,
1288 1532 1455 1577 virtutis,
1482 1531 1685 1582 magnani-

210 1594 354 1632 mitatis
370 1593 525 1632 indicia.
585 1593 645 1632 Ne
661 1593 776 1645 igitur
795 1607 842 1632 ea
861 1607 964 1632 nunc
995 1594 1134 1639 tollite,
1154 1601 1307 1645 propter
1326 1607 1414 1644 quae
1435 1600 1568 1631 nostra
1588 1594 1681 1631 urbs

211 1656 388 1694 omnibus
410 1656 563 1694 saeculis
586 1655 781 1694 celebrata
801 1667 860 1694 est
875 1672 885 1701 ;
903 1669 990 1702 nec,
1012 1663 1055 1694 ut
1069 1655 1256 1708 Leptines
1276 1655 1451 1707 privatim
1471 1655 1682 1703 nonnullis,

210 1717 348 1768 quibus
368 1717 542 1755 infensus
558 1724 629 1763 est,
648 1717 820 1763 insultet,
840 1718 1067 1768 praeclaram
1088 1718 1425 1763 existimationem,
1446 1731 1523 1768 qua
1546 1730 1678 1769 perpe-

207 1786 276 1817 tuo
295 1779 477 1817 floruistis
496 1779 671 1830 abjicite!
703 1779 842 1829 Neque
863 1779 1078 1818 existimate
1100 1780 1213 1818 aliam
1236 1794 1313 1818 rem
1335 1781 1397 1830 agi
1425 1793 1541 1824 nunc,
1563 1793 1681 1831 quam

188 1841 436 1892 'dignitatem
458 1848 497 1878 et
515 1840 839 1879 existimationem
861 1841 1040 1888 civitatis,
1071 1849 1197 1880 utrum
1226 1856 1311 1880 eam
1343 1850 1611 1880 conservatam
1645 1850 1683 1880 et

208 1904 326 1955 priori
342 1903 502 1941 similem
525 1916 610 1940 esse
632 1909 823 1954 oporteat,
844 1917 893 1941 an
914 1916 1003 1941 vero
1024 1904 1206 1942 abolitam
1227 1911 1266 1942 et
1286 1903 1527 1942 imminutam
1545 1893 1573 1940 ἰΑ

265 1966 327 2003 31.
360 1964 460 2002 Cum
481 1972 608 2002 autem
627 1965 748 2002 multa
768 1965 843 2002 sint
870 1967 908 2003 in
931 1966 1003 2003 hac
1024 1966 1111 2017 lege
1129 1980 1217 2017 quae
1237 1967 1275 2003 in
1298 1966 1457 2017 Leptine
1474 1966 1569 2003 mira
1589 1966 1679 2003 mihi

208 2027 423 2070 videantur,
443 2038 563 2063 unum
590 2026 664 2063 hoe
695 2027 861 2064 maxime
881 2040 966 2065 sum
986 2028 1145 2066 miratus
1163 2041 1171 2065 :
1202 2041 1251 2065 an
1271 2027 1470 2079 ignorarit,
1492 2028 1679 2079 quemad-

207 2088 363 2127 modum
383 2089 413 2126 is
434 2089 499 2139 qui
520 2088 780 2127 atrocissimas
797 2102 932 2141 poenas
961 2089 1178 2129 malefactis
1213 2091 1422 2136 constituit,
1442 2090 1535 2128 nihil
1560 2091 1678 2130 male-

207 2151 380 2190 facturus
421 2164 508 2188 esse
542 2151 707 2198 videtur,
739 2151 794 2190 sic
830 2165 931 2198 eum,
962 2153 1027 2203 qui
1059 2153 1334 2191 beneficiorum
1365 2153 1531 2191 honores
1565 2154 1678 2202 tollit,

208 2227 283 2252 non
305 2228 351 2252 eo
371 2213 499 2252 animo
519 2226 606 2251 esse
627 2213 800 2260 credi,ut
819 2214 1042 2265 reipublicae
1060 2215 1289 2254 benefacere
1309 2215 1477 2254 studeat.
1535 2216 1677 2255 Utrum

207 2270 325 2326 igitur
356 2276 432 2314 hoc
467 2275 806 2326 ignorarit,-—fieri
837 2277 938 2315 enim
970 2284 1166 2327 potest—,
1198 2291 1287 2316 mox
1322 2279 1524 2322 ostendet;
1569 2278 1677 2317 vobis

208 2339 310 2378 enim
331 2338 466 2377 tollere
486 2338 676 2377 concedet
694 2338 746 2385 id,
767 2339 805 2376 in
826 2352 903 2389 quo
924 2340 1007 2391 ipse
1028 2340 1216 2392 deceptus
1246 2341 1341 2378 fuit:
1372 2340 1431 2378 sin
1462 2354 1542 2379 rem
1562 2353 1678 2393 urge-

206 2402 276 2448 bit,
308 2408 348 2439 et
379 2401 482 2439 omni
517 2401 556 2438 vi
585 2400 625 2439 in
656 2402 782 2453 legem
819 2401 1090 2441 stabiliendam
1128 2403 1338 2450 incumbet,
1370 2416 1444 2454 ego
1482 2417 1575 2442 sane
1611 2403 1678 2454 qui

205 2476 292 2501 eum
323 2462 479 2501 laudem
500 2475 578 2501 non
604 2463 773 2510 invenio,
789 2463 1002 2515 vituperare
1023 2471 1150 2503 autem
1184 2465 1290 2504 nolo.
1348 2465 1409 2503 Ne
1437 2466 1554 2516 igitur
1583 2477 1676 2503 con-

205 2524 387 2571 tenderis,
404 2523 578 2575 Leptine,
599 2538 725 2576 neque
743 2525 931 2564 violenter
964 2526 1173 2577 quicquam
1200 2527 1277 2565 tale
1308 2528 1548 2566 constituere
1568 2525 1677 2574 velis,

206 2601 285 2640 quo
315 2600 386 2625 nec
411 2586 494 2632 tibi,
513 2599 586 2625 nec
618 2586 673 2625 eis
705 2587 873 2638 quitibi
903 2588 1113 2640 paruerint,
1133 2589 1282 2627 virtutis
1316 2597 1354 2627 et
1379 2588 1560 2626 bonitatis
1595 2589 1675 2640 opi-

183 2644 271 2688 vnio
303 2648 532 2701 augebitur:
563 2648 772 2699 praesertim
802 2662 890 2687 cum
923 2662 971 2687 ex
1008 2650 1082 2689 hoc
1113 2651 1262 2702 judicio
1294 2650 1387 2687 nihil
1421 2649 1488 2688 tibi
1516 2649 1679 2701 periculi

206 2710 460 2750 metuendum
481 2709 543 2748 sit.
600 2711 704 2752 Quia
737 2711 839 2749 enim
870 2711 1105 2764 Bathippus,
1125 2711 1392 2763 Aphepsionis
1426 2717 1550 2762 pater,
1569 2712 1677 2760 obiit,

206 2773 271 2824 qui
288 2768 414 2812 'istum
443 2771 570 2811 adhuc
607 2773 816 2811 obnoxium
851 2782 1067 2821 accusarat,
1107 2775 1280 2812 exierunt
1309 2773 1446 2825 judicii
1477 2781 1674 2826 tempora:

209 2847 310 2874 nunc
326 2835 448 2873 omnis
471 2841 531 2873 est
551 2833 598 2872 de
619 2833 707 2886 lege
727 2835 949 2886 disputatio,
972 2836 1034 2873 isti
1055 2849 1144 2874 vero
1165 2834 1324 2885 periculi
1353 2834 1444 2874 nihil
1469 2842 1539 2874 est.
1598 2837 1676 2875 Sed
