1923 3149
330 167 400 202 126
730 166 932 204 ORATIO
964 168 1033 204 DE
1066 167 1368 207 CLASSIBUS.

322 269 406 305 Rex
427 268 530 318 ipsos
557 267 814 319 aggrediatur,
833 277 872 308 et
892 271 1098 321 adjuturos,
1124 278 1162 308 et
1188 283 1365 321 magnam
1386 271 1545 322 gratiam
1566 272 1759 311 habituros

321 328 377 374 iis,
393 329 454 379 qui
470 335 558 367 ante
578 329 696 380 ipsos,
716 338 754 368 et
773 344 858 369 cum
877 332 967 383 ipsis
986 332 1131 382 Regem
1153 332 1412 370 ulciscantur:
1442 334 1545 384 quod
1558 334 1602 378 si,
1619 333 1709 371 dum
1721 334 1758 371 id

321 390 557 440 aliquantum
586 391 789 430 obscurum
820 400 891 439 est,
921 405 991 430 nos
1021 393 1162 443 priores
1189 405 1294 430 arma
1314 394 1596 445 sumpserimu5‚
1616 407 1759 438 vereor,

322 451 591 499 Athenienses,
616 466 664 490 ne
694 452 763 491 hos
784 466 871 490 cum
888 453 952 490 illo
970 454 1194 504 conjunctos
1214 454 1436 506 propulsare
1455 467 1649 505 cogamur,
1677 455 1759 506 qui-

318 513 391 550 bus
423 513 638 550 consultum
663 514 854 553 volumus.
911 514 948 552 Is
970 514 1070 552 enim
1091 527 1264 566 represso
1293 516 1438 566 impetu
1463 528 1546 562 suo,
1574 515 1760 566 siquidem

319 574 496 612 invadere
512 574 670 613 Graecos
689 575 862 621 instituit,
881 575 1141 626 largitionibus
1161 576 1308 628 aliquos
1327 589 1456 614 eorum
1475 584 1705 628 corrumpet,
1724 583 1763 614 et

319 635 522 674 amicitiam
544 637 736 674 simulabit
752 650 760 674 :
791 637 845 675 illi
859 650 948 675 vero
960 638 1107 689 privata
1119 639 1220 676 bella
1233 640 1420 690 corrigere
1436 639 1623 685 volentes,
1637 646 1674 676 et
1688 639 1762 676 hoc

318 697 357 734 in
372 696 498 735 animo
516 697 712 745 habentes,
731 711 969 736 communem
989 700 1157 737 omniurn
1175 701 1338 738 salutern
1359 700 1567 750 negligent.
1611 699 1655 736 In
1673 712 1759 737 eum

319 764 448 796 autem
467 758 672 796 tumultum
692 765 730 798 et
747 759 948 798 amentiam
965 773 1099 799 moneo
1115 775 1162 799 ne
1176 761 1420 813 praecipitetis
1433 762 1566 797 urbem
1582 766 1763 798 nostram.

320 819 456 869 Neque
476 818 576 856 enim
597 820 758 858 eandem
782 821 891 859 nobis
917 821 955 858 in
984 822 1090 872 regio
1116 823 1272 872 negotio
1300 822 1624 868 deliberationem,
1650 834 1763 871 quam

318 879 402 918 aliis
422 879 579 927 Graecis,
599 894 684 919 esse
703 882 835 920 video:
866 883 968 932 quod
998 883 1104 920 multi
1136 883 1286 920 illorum
1316 883 1407 920 mihi
1431 883 1605 920 videntur
1630 882 1764 934 privati

320 940 480 991 alicujus
500 941 745 979 emolumenti
765 954 895 987 causa,
914 955 1028 992 posse
1049 943 1242 993 negligere
1262 943 1356 981 alios
1373 942 1552 986 Graecos;
1572 944 1680 981 vobis
1696 956 1763 980 au-

317 1007 394 1039 tem
413 1015 483 1039 nec
503 1001 648 1039 affectis
668 1002 803 1052 injuria
821 1002 1025 1040 honestum
1040 1003 1168 1049 fuerit,
1188 1016 1252 1040 eas
1273 1003 1321 1040 de
1337 1003 1509 1041 sontibus
1523 1016 1671 1042 sumere
1684 1016 1763 1054 poe-

318 1076 401 1109 nas,
422 1070 464 1100 ut
482 1076 612 1100 eorum
628 1063 775 1113 aliquos
796 1076 819 1100 a
839 1063 1007 1101 Barbaro
1023 1063 1148 1114 subigi
1166 1063 1375 1115 patiamini.

372 1126 407 1161 3.
439 1125 554 1165 Quod
575 1137 661 1161 curn
681 1125 734 1162 ita
753 1125 814 1170 sit,
834 1124 1108 1174 providendum
1127 1132 1197 1172 est,
1217 1138 1266 1162 ne
1285 1132 1325 1163 et
1343 1138 1412 1163 nos
1431 1126 1533 1164 bello
1558 1127 1676 1164 simus
1694 1126 1763 1163 irn-

317 1198 443 1236 pares,
463 1191 503 1222 et
528 1185 573 1231 is,
606 1199 719 1236 quem
739 1185 889 1224 Graecis
909 1185 1077 1224 insidiari
1095 1188 1340 1237 putabamus,
1368 1187 1421 1224 ita
1445 1200 1485 1225 se
1514 1187 1693 1232 insinuet,
1722 1194 1766 1225 ut

318 1247 417 1285 fidus
438 1248 511 1285 illis
531 1261 611 1285 esse
635 1248 821 1286 videatur.
864 1248 1068 1291 Quomodo
1096 1248 1210 1299 igitur
1236 1248 1323 1286 haec
1354 1249 1527 1286 curanda
1555 1249 1703 1290 erunt?
1723 1248 1763 1286 Si

315 1309 437 1360 copiae
464 1308 680 1359 reipublicae
702 1309 862 1346 delectae
881 1315 919 1346 et
937 1309 1137 1346 instructae
1166 1310 1340 1347 omnibus
1367 1310 1586 1361 conspicuae
1611 1310 1763 1357 fuerint,

319 1376 433 1420 atque
455 1370 683 1420 apparuerit,
702 1382 772 1407 nos
791 1369 836 1407 iis
855 1369 907 1407 ita
926 1383 1013 1407 esse
1031 1370 1162 1416 fretos,
1181 1377 1223 1407 ut
1249 1370 1341 1408 nihil
1366 1370 1483 1422 iniqui
1502 1378 1629 1409 tamen
1648 1384 1763 1409 cone-

316 1444 413 1468 mur.
459 1430 664 1469 Ferocibus
684 1438 810 1469 autem
838 1437 878 1468 et
895 1431 1006 1468 nimis
1026 1431 1204 1482 expedite
1223 1431 1273 1469 ad
1299 1432 1441 1470 bellum
1467 1432 1764 1483 impellentihuS‚

315 1491 411 1530 illud
433 1492 534 1539 dico,
553 1505 629 1530 non
649 1506 734 1531 esse
750 1492 919 1538 difficile,
938 1505 1077 1543 neque,
1109 1506 1227 1544 quum
1246 1492 1535 1531 deliberandum
1559 1501 1632 1540 est,
1657 1494 1763 1532 forti-

317 1553 461 1592 tudinis
482 1553 701 1604 opinionem
719 1554 915 1604 consequi,
936 1566 1075 1605 neque,
1096 1567 1213 1605 quum
1231 1555 1443 1605 periculum
1463 1554 1619 1604 aliquod
1639 1554 1765 1593 immi-

316 1622 395 1663 net,
415 1615 681 1654 vehementem
709 1622 898 1654 oratorem
915 1615 1060 1654 videri:
1091 1615 1161 1654 sed
1180 1615 1275 1653 illud
1295 1623 1334 1654 et
1354 1616 1510 1654 difficile
1535 1622 1595 1654 est
1612 1623 1651 1654 et
1670 1614 1763 1655 conss

316 1676 486 1723 veniens,
507 1677 544 1714 in
562 1677 754 1727 periculis,
781 1676 1044 1715 fortitudinem
1075 1677 1292 1721 declarare;
1327 1678 1364 1714 in
1394 1677 1656 1724 deliberando,
1675 1691 1765 1729 pru·

317 1739 469 1776 dentius
484 1738 568 1776 aliis
588 1739 681 1776 dare
700 1751 815 1788 posse
836 1738 1055 1776 consilium.

369 1804 408 1838 4.
439 1800 524 1850 Ego
547 1811 649 1845 vero,
679 1799 946 1844 Athenienses,
966 1799 1156 1846 existimo,
1186 1800 1327 1837 bellum
1354 1813 1441 1837 cum
1469 1800 1579 1850 Rege
1610 1800 1766 1838 difficile

318 1873 404 1899 esse
437 1859 680 1910 reipublicae:
719 1859 890 1910 praelium
921 1858 1093 1897 futurum
1129 1872 1214 1897 esse
1236 1859 1362 1898 facile.
1411 1860 1518 1898 Cur?
1557 1861 1658 1902 Quia
1689 1873 1765 1898 non

319 1923 442 1967 aliter,
462 1927 506 1958 ut
524 1920 670 1971 opinor,
690 1919 771 1957 fieri
790 1926 932 1971 potest,
951 1920 1046 1970 quin
1071 1920 1175 1958 bella
1195 1921 1323 1959 omnia
1340 1928 1379 1959 et
1397 1921 1571 1960 triremes
1590 1928 1629 1959 et
1649 1935 1765 1972 pecu-

319 1983 420 2021 niam
440 1988 477 2020 et
504 1981 589 2019 loca
622 1980 836 2032 requirant:
866 1993 952 2031 quae
976 1981 1104 2018 omnia
1134 1994 1252 2032 penes
1277 1981 1383 2019 illum
1411 1983 1623 2033 copiosiora
1651 1995 1766 2033 quam

319 2043 423 2096 apud
440 2056 508 2081 vos
529 2043 688 2093 reperio.
718 2042 856 2080 Praelia
865 2054 956 2080 vero
973 2042 1080 2080 nulla
1095 2055 1134 2080 re
1151 2043 1225 2081 alia
1242 2050 1441 2094 tantopere
1455 2043 1566 2081 video
1584 2043 1767 2094 indigere,

318 2113 362 2143 ut
379 2105 538 2143 fortibus
557 2104 668 2142 viris:
699 2117 795 2155 quos
813 2104 944 2155 plures
969 2103 1077 2141 vobis
1103 2110 1143 2141 et
1161 2104 1204 2141 iis
1223 2105 1286 2154 qui
1313 2104 1507 2142 vobiscum
1524 2104 1599 2143 hoc
1617 2105 1765 2156 pericu-

318 2167 397 2204 lum
414 2166 573 2204 adibunt
591 2179 677 2204 esse
695 2166 882 2204 existimo.
913 2165 1062 2204 Bellum
1082 2165 1194 2216 igitur
1212 2166 1319 2205 hisce
1339 2165 1386 2204 de
1404 2166 1528 2205 causis
1545 2179 1695 2213 moneo,
1715 2179 1764 2206 ne

318 2228 398 2267 ulla
416 2229 561 2266 ratione
579 2227 722 2278 priores
743 2226 957 2278 suscipiatis
976 2240 984 2264 :
1015 2227 1064 2264 ad
1090 2227 1262 2278 praelium
1281 2239 1372 2265 vero
1401 2239 1467 2264 vos
1488 2233 1592 2265 recte
1623 2227 1765 2266 instru-

319 2296 402 2327 ctos
421 2301 504 2326 esse
523 2294 696 2339 oportere
716 2288 814 2326 dico.
850 2286 966 2332 Quod
995 2288 1026 2326 si
1051 2288 1124 2326 alia
1142 2289 1238 2327 ratio
1263 2288 1458 2340 copiarum
1486 2294 1603 2335 esset,
1625 2288 1765 2338 quibus

321 2349 480 2388 Barbari
504 2350 828 2401 propulsarentur,
858 2349 931 2387 alia
957 2350 1096 2400 quibus
1125 2349 1275 2394 Graeci;
1305 2349 1587 2400 deprehensum
1613 2349 1658 2387 iri
1689 2350 1764 2388 for·

320 2419 422 2449 tasse
436 2417 736 2448 consentaneum
756 2417 872 2458 esset,
888 2423 958 2449 nos
978 2417 1113 2449 contra
1128 2411 1235 2449 illum
1251 2411 1383 2449 instrui
1399 2424 1408 2448 :
1439 2423 1527 2448 cum
1542 2418 1670 2448 autem
1683 2423 1765 2449 om-

319 2473 377 2510 nis
405 2471 665 2509 instructionis
684 2471 778 2508 ratio
800 2472 848 2509 sit
865 2472 1012 2518 eadem,
1035 2478 1074 2509 et
1092 2471 1226 2509 eadem
1247 2478 1420 2523 oporteat
1447 2485 1533 2510 esse
1552 2471 1680 2522 capita
1697 2483 1763 2509 co-

321 2535 479 2585 piarum,
500 2538 541 2569 ut
560 2531 691 2570 hostes
712 2531 843 2582 repelli
861 2534 1024 2583 possint,
1045 2539 1087 2570 ut
1106 2532 1199 2570 socii
1219 2532 1487 2579 defendantur,
1516 2539 1560 2570 ut
1579 2545 1672 2583 opes
1693 2545 1763 2588 no—

318 2602 407 2633 strae
426 2593 872 2644 conserventur,—quid‚
891 2606 1008 2644 quum
1027 2594 1233 2632 habeamus
1253 2594 1319 2645 qui
1338 2607 1378 2631 se
1393 2593 1522 2632 hostes
1543 2605 1628 2631 esse
1642 2592 1765 2631 faten-

320 2665 395 2703 tur,
415 2655 508 2694 alios
537 2655 808 2705 quaeritamus?
837 2669 881 2694 ac
911 2669 988 2694 non
1017 2656 1142 2706 potius
1168 2663 1207 2693 et
1228 2655 1412 2694 adversus
1433 2656 1503 2692 hos
1529 2654 1764 2702 instruimur,

321 2724 360 2756 et
387 2718 493 2755 illum
519 2730 669 2767 quoque
698 2716 931 2763 ulciscimur,
956 2719 988 2755 si
1007 2717 1146 2755 violare
1167 2730 1237 2755 nos
1266 2715 1496 2755 instituerit?
1524 2715 1640 2766 Agite
1660 2728 1764 2762 vero,

324 2779 481 2817 Graecos
509 2791 612 2816 nunc
632 2779 682 2816 ad
699 2791 767 2816 vos
794 2779 999 2816 accersite:
1031 2785 1081 2823 at,
1103 2778 1134 2815 si
1155 2791 1240 2829 quoe
1270 2778 1321 2815 illi
1343 2778 1496 2828 jubent,
1526 2789 1602 2814 non
1622 2776 1761 2821 facitis,

321 2854 407 2877 cum
425 2840 578 2890 quidam
594 2852 671 2878 non
686 2840 826 2891 optime
847 2840 952 2878 vobis
972 2840 1139 2889 cupiant,
1156 2847 1263 2877 estne
1279 2838 1510 2889 sperandum
1529 2849 1762 2888 quemquam

325 2914 409 2939 csse
433 2902 807 2953 obtemperaturum?
838 2901 936 2946 Quia
954 2900 1214 2939 mediusfidius
1237 2900 1393 2939 audient
1419 2913 1438 2938 e
1458 2898 1580 2946 nobis,
1612 2899 1761 2949 Regem
