1923 3149
644 168 963 209 PHILIPPICA
993 168 1063 207 IV.
1506 171 1575 207 101

127 282 218 314 nota
238 282 330 314 sunt
345 275 522 314 fortasse.
579 273 640 313 Ea
657 280 801 320 tamen,
820 280 902 311 tum
915 272 1098 323 neglecta
1116 277 1155 309 et
1173 271 1369 323 despecta,
1382 272 1583 324 perdidere

126 336 326 374 Thraciam
343 343 382 376 et
396 336 683 386 Cersobleptem
702 335 848 373 socium
863 340 1049 371 vestrum.
1109 333 1259 370 Rursus
1275 347 1319 370 ea
1335 334 1476 385 negligi
1494 347 1583 372 curn

125 399 288 445 videret,
321 405 360 437 et
393 398 508 436 nullis
541 397 699 435 defendi
726 397 862 434 vestris
896 396 1063 440 auxiliis,
1095 396 1246 433 subruit
1274 395 1513 439 Porthmum,
1544 403 1583 434 et

125 461 367 510 tyrannidem
389 473 410 498 e
431 460 584 510 regione
601 459 752 503 Atticae,
773 465 958 508 tanquam
978 456 1135 502 vallum,
1154 457 1262 494 vobis
1282 457 1425 507 objecit
1446 458 1481 493 in
1505 459 1581 494 Eu·-

126 522 228 559 boea.
304 522 392 560 Hac
419 521 609 572 neglecta,
641 520 847 569 Megaram
867 519 968 569 cepit
992 518 1281 569 propemodum.
1341 518 1443 555 Nihil
1471 532 1581 556 cura-

127 583 207 628 stis,
229 596 352 634 neque
378 582 557 621 commoti
578 581 668 619 estis
688 581 823 618 harum
838 593 966 618 rerum
986 580 1078 625 ulla,
1102 593 1226 630 neque
1248 579 1474 617 ostendistis
1496 579 1582 625 hoc,

125 656 194 681 vos
214 644 247 681 ei
266 644 348 682 haec
369 647 483 694 'agere
511 655 588 680 non
616 642 883 693 permissuros.
939 642 1135 679 Antronas
1156 642 1269 678 emit:
1301 648 1340 678 et
1359 654 1432 677 non
1462 642 1582 678 multo

126 712 228 757 post,
249 705 338 743 Orei
358 705 502 756 potitus
523 711 594 742 est.
633 704 761 741 Multa
772 710 974 754 praetereo,
993 703 1153 748 Pheras,
1170 704 1240 740 iter
1260 702 1295 739 in
1318 703 1582 748 Ambraciam,

125 768 252 805 caedes
268 768 304 804 in
327 767 453 812 Elide,
475 766 549 803 alia
569 765 740 803 infinita:
771 778 850 802 non
870 766 969 802 enim
990 770 1032 802 ut
1060 777 1125 802 eos
1145 777 1423 808 enumerarem,
1444 764 1582 814 quibus

125 830 199 867 vim
217 836 255 867 et
269 828 443 879 injuriam
462 827 555 865 fecit
574 827 790 878 Philippus,
811 826 896 864 haec
916 826 1090 864 recensui
1108 840 1117 869 3
1149 826 1218 862 sed
1239 833 1282 862 ut
1300 826 1373 882 hoe
1393 826 1495 862 vohis
1521 839 1584 863 os-

127 890 338 937 tenderem,
361 903 435 927 non
457 888 672 926 desiturum
689 900 822 925 omnes
842 888 1022 925 mortales
1043 899 1196 933 vexare,
1217 887 1346 924 omnia
1372 900 1452 923 suae
1474 886 1585 924 ditio-

127 952 186 990 nis
206 952 335 990 facere
356 951 588 1002 Philippum,
603 951 675 988 nisi
696 951 782 1000 quis
799 963 885 987 eum
906 949 1154 1001 prohibuerit.

180 1016 218 1051 4.
249 1014 349 1050 Sunt
369 1020 496 1050 autem
517 1012 671 1062 quidam
691 1013 770 1062 qui,
789 1012 1011 1062 priusquam
1033 1011 1080 1048 de
1105 1012 1219 1048 rebus
1240 1011 1431 1048 orationes
1453 1011 1585 1048 audie-

127 1074 216 1120 rint,
236 1075 364 1112 statim
390 1075 624 1123 interrogare
646 1073 808 1118 soleant,
838 1072 931 1123 quid
959 1073 1073 1123 igitur
1105 1080 1164 1110 est
1190 1072 1406 1122 agendum:
1439 1086 1511 1108 non
1543 1079 1586 1110 ut

127 1148 215 1173 cum
234 1135 423 1172 audierint
449 1135 608 1179 saciant,
635 1142 764 1172 essent
791 1135 892 1172 enim
913 1140 987 1170 tum
1015 1134 1186 1171 omnium
1207 1134 1421 1177 utilissimi;
1454 1136 1523 1172 sed
1544 1142 1588 1172 ut

126 1203 278 1233 oratore
297 1196 516 1234 liberentur.
574 1195 793 1233 Dicendum
814 1203 943 1233 tamen
966 1203 1037 1240 est,
1059 1195 1150 1245 quid
1172 1195 1221 1232 sit
1241 1196 1447 1246 agendum.
1506 1196 1586 1233 Pri-

123 1270 245 1303 mum,
267 1257 543 1302 Athenienses,
561 1256 635 1294 hoc
664 1264 769 1294 certo
786 1257 889 1308 apud
910 1270 976 1294 vos
998 1257 1246 1294 statuendum
1272 1263 1343 1303 est,
1365 1257 1586 1308 Philippum

123 1319 264 1358 bellum
285 1331 417 1370 gerere
436 1332 524 1357 cum
551 1326 684 1357 nostra
703 1318 912 1370 republica,
933 1327 971 1356 et
994 1319 1155 1356 solvisse
1174 1331 1329 1370 pacem3
1360 1329 1399 1357 et
1418 1320 1586 1357 malevo-

124 1380 203 1418 lum
223 1386 336 1431 atque
354 1380 505 1419 hostem
526 1393 613 1418 esse
633 1380 703 1418 toti
723 1381 808 1418 urbi
829 1386 868 1418 et
889 1380 971 1418 solo
990 1380 1107 1426 urbis,
1128 1380 1270 1418 addam
1293 1381 1408 1418 etiam
1429 1381 1501 1418 diis
1521 1395 1586 1419 ur-

127 1443 251 1488 banis,
275 1442 340 1493 qui
356 1455 443 1480 eum
468 1443 657 1494 perdant:
688 1455 776 1480 cum
802 1442 911 1479 nulla
930 1456 969 1480 re
990 1448 1119 1480 tamen
1145 1454 1255 1492 aeque
1276 1441 1421 1479 bellum
1443 1456 1587 1493 gerere,

125 1511 169 1542 ut
199 1516 285 1541 cum
316 1504 439 1541 forma
457 1504 703 1555 reipublicae3
731 1517 859 1554 neque
879 1504 1086 1554 quiequam
1107 1503 1211 1541 aliud
1232 1503 1386 1541 molitur
1405 1518 1473 1555 per
1494 1505 1586 1543 insi-

125 1565 210 1603 dias
231 1577 278 1603 ac
297 1565 504 1603 meditatur
525 1566 661 1615 magis,
686 1579 802 1616 quam
824 1573 866 1603 ut
885 1578 969 1603 eam
990 1565 1177 1603 destruat.
1223 1562 1343 1615 quue
1364 1566 1585 1604 necessario

125 1626 413 1677 quodammodo
443 1639 545 1664 nunc
571 1627 729 1677 quidem
756 1627 854 1677 agit:
884 1633 1062 1677 reputate
1095 1627 1211 1664 enim.
1271 1628 1464 1678 Imperare
1489 1628 1585 1666 vult.

128 1691 221 1742 Ejus
242 1690 291 1728 rei
319 1690 558 1728 adversarios
587 1690 688 1728 solos
715 1704 800 1728 esse
822 1703 889 1728 vos
914 1690 1122 1728 existimat.
1182 1690 1349 1740 Injurius
1377 1698 1437 1728 est
1466 1691 1584 1742 longo

118 1753 203 1803 jam
227 1759 418 1803 tempore3
450 1752 610 1803 ejusque
631 1751 781 1802 reiipse
802 1752 872 1789 sibi
899 1759 957 1789 est
983 1752 1124 1802 optime
1144 1752 1342 1790 conscius:
1375 1766 1461 1803 quae
1482 1755 1585 1791 enim

124 1814 232 1851 vobis
252 1821 384 1864 erepta
402 1826 471 1864 pro
499 1815 578 1851 suis
599 1819 777 1864 occupat,
798 1813 857 1851 his
887 1814 1007 1852 utitur
1030 1814 1080 1851 ad
1110 1815 1238 1851 omnia
1263 1820 1405 1851 caetera
1426 1821 1510 1853 tuto
1529 1822 1585 1852 te-

124 1875 271 1918 nenda;
302 1887 391 1912 nam
412 1875 443 1912 si
464 1873 725 1925 Amphipolim
744 1880 784 1912 et
802 1874 1018 1912 Potidaeam
1048 1875 1251 1920 amitteret,
1272 1887 1321 1912 ne
1341 1875 1379 1912 in
1402 1875 1588 1913 Macedo-

123 1937 190 1974 nia
207 1936 363 1987 quidem
382 1942 465 1975 tuto
485 1949 525 1974 se
546 1948 699 1974 manere
714 1949 828 1988 posse
845 1936 1093 1974 existimaret.
1153 1937 1368 1987 Utrumque
1382 1937 1498 1987 igitur
1518 1950 1586 1975 no-

123 1998 191 2044 vit,
213 2004 253 2036 et
271 2012 312 2036 se
330 1998 439 2036 vobis
462 1998 648 2045 insidiari,
671 2005 710 2036 et
728 2011 797 2036 vos
823 1998 862 2036 id
893 1998 1209 2037 animadvertere.
1269 1999 1447 2050 Cumque
1481 1999 1586 2037 idem

122 2073 191 2099 vos
211 2072 341 2110 sapere
357 2060 571 2104 arbitretur,
590 2063 677 2110 jure
698 2073 739 2098 se
755 2061 862 2098 vobis
878 2060 1043 2098 invisum
1059 2074 1143 2099 esse
1160 2068 1306 2099 censet.
1337 2061 1484 2099 Praeter
1498 2063 1583 2100 haee

126 2130 204 2161 tam
224 2121 357 2166 multa,
374 2128 612 2173 compertum
627 2123 758 2169 habet,
776 2123 848 2161 etsi
869 2130 1095 2161 caeterorum
1116 2123 1285 2161 omnium
1306 2124 1483 2162 dominus
1503 2126 1582 2170 fiat,

125 2199 179 2229 se,
197 2185 288 2222 dum
307 2185 504 2236 popularis
521 2192 645 2223 status
668 2186 772 2237 apud
792 2200 861 2224 vos
875 2186 1005 2233 fuerit,
1022 2187 1113 2224 nihil
1133 2188 1230 2224 firmi
1245 2187 1472 2226 habiturum.
1505 2190 1583 2227 Sed

123 2247 284 2297 siquam
305 2246 453 2284 cladem
474 2246 684 2297 aliquando
702 2247 1081 2298 acceperit—multae
1103 2255 1230 2285 autem
1247 2249 1389 2286 homini
1409 2250 1584 2288 accidere

122 2314 352 2359 possunt—,
372 2308 452 2346 fore
471 2314 515 2345 ut
540 2309 605 2359 qui
631 2322 734 2347 nunc
750 2309 787 2346 vi
805 2315 988 2347 tenentur
1007 2310 1160 2354 abeant,
1182 2316 1220 2347 et
1240 2310 1289 2347 ad
1317 2323 1384 2348 ves
1406 2312 1582 2362 confugi—

124 2375 211 2407 ant:
242 2369 333 2407 estis
353 2369 455 2407 enim
475 2382 543 2408 vos
563 2383 640 2408 non
660 2370 731 2422 ipsi
751 2370 801 2408 ad
820 2370 944 2408 aliena
964 2371 1180 2421 arripienda
1199 2372 1581 2424 dominationemque

124 2429 371 2467 obtinendam
391 2437 529 2468 natura
547 2432 771 2482 comparati,
792 2432 861 2469 sed
885 2431 1002 2469 alium
1033 2445 1082 2469 ne
1102 2433 1257 2484 arripiat
1280 2434 1497 2484 prohibere,
1517 2443 1584 2474 aut

127 2489 286 2540 arreptis
326 2492 543 2538 exturbare,
581 2492 747 2543 denique
785 2492 959 2530 homines
999 2494 1188 2543 regnandi
1227 2495 1389 2546 cupidos
1427 2510 1581 2543 vexare,

122 2556 361 2601 cunctosque
380 2552 564 2591 mortales
594 2554 632 2591 in
663 2555 881 2592 libertatem
903 2567 1073 2593 asserere
1094 2557 1212 2605 probe
1241 2556 1432 2596 instructi.
1491 2559 1581 2596 Non

122 2611 240 2663 igitur
259 2612 341 2650 vult
370 2613 448 2651 suis
478 2615 744 2653 occasionibus
765 2623 934 2653 vestram
962 2616 1176 2654 libertatern
1205 2618 1414 2664 imminere,
1441 2620 1478 2656 in
1504 2633 1580 2669 quo

122 2687 249 2725 neque
268 2675 396 2725 inepte
415 2688 540 2725 neque
561 2677 772 2715 oscitanter
790 2690 922 2715 secum
942 2684 1107 2728 reputat.
1166 2679 1335 2717 Primum
1357 2681 1485 2730 igitur,
1506 2681 1578 2719 hae

121 2736 170 2774 de
189 2749 310 2774 causa
323 2735 448 2773 hostis
467 2743 527 2773 est
546 2737 609 2773 ille
630 2738 833 2776 habendus
853 2739 1074 2790 reipublicae
1093 2747 1132 2778 et
1151 2741 1347 2792 popularis
1369 2748 1490 2778 status
1510 2743 1580 2780 im-

120 2797 340 2848 placabilis;
371 2797 510 2834 deinde
531 2804 636 2836 certo
651 2800 874 2847 tenendum,
896 2813 985 2838 eum
1016 2801 1157 2847 omnia,
1177 2815 1263 2852 quae
1285 2801 1440 2839 molitur
1459 2810 1578 2854 atque

122 2865 280 2909 apparat
306 2871 425 2904 nunc,
447 2864 584 2896 contra
610 2867 781 2898 nostram
810 2863 945 2899 urbem
966 2875 1174 2913 apparare:
1204 2875 1328 2912 neque
1349 2863 1450 2901 enim
1471 2867 1578 2915 quis-

123 2933 239 2970 quam
257 2927 430 2959 vestrum
445 2919 501 2958 ita
519 2920 675 2972 ineptus
696 2929 768 2969 est,
788 2929 829 2960 ut
850 2923 1071 2975 Philippum
1085 2923 1278 2962 existimet
1297 2924 1436 2963 misera
1455 2925 1521 2965 illa
1539 2928 1576 2965 in
