1923 3149
260 149 330 185 178
807 143 878 181 DE
909 141 1143 180 CORONA.

256 249 451 285 decretum
469 247 611 285 fecerat
625 246 660 283 in
669 245 857 297 judicium
877 246 1037 284 vocavit.
1097 245 1159 280 Ac
1186 240 1273 279 mihi
1294 241 1368 279 hoc
1385 244 1535 292 quoque
1555 239 1687 277 decre-

257 315 338 346 tum
358 321 453 360 cape
472 315 510 346 et
525 308 654 346 recita.
712 307 859 344 Recita.

820 442 1132 482 DECRETUM.

299 540 455 570 Arelionte
475 538 642 568 chaeronda
667 537 854 576 Hegemonis
878 538 910 572 s.‚
924 547 998 566 xxv.
1014 537 1063 566 die
1080 535 1281 570 Garnefionis,
1298 534 1378 563 tribu
1394 534 1579 573 praesidente
1595 534 1692 563 Leon-

257 591 332 625 tide,
359 590 549 619 Aristonicus
577 588 779 618 l‘hrearrhius
793 587 890 617 dixit:
916 587 1064 624 Quoniam
1084 587 1301 616 Demosthenes
1318 585 1534 614 Demosthenis
1565 584 1586 614 f.
1609 584 1693 613 Paea-

258 640 370 670 niensis
387 639 495 668 multas
512 644 542 668 et
557 648 679 676 magnas
704 637 818 676 populo
841 637 1019 666 Atheniensi
1045 637 1189 665 utilitates
1202 635 1316 669 attulit,
1330 634 1492 673 multisque
1508 635 1633 673 ejusdem
1644 644 1694 672 po-

258 691 323 730 puli
339 689 431 719 sociis
445 695 476 718 et
497 693 586 718 antea
607 692 638 716 et
659 688 715 717 hoe
730 688 801 716 item
817 693 952 726 tempore
969 687 1032 715 suis
1049 687 1181 715 decretis
1196 685 1319 724 profuit,
1333 690 1422 724 atque
1438 685 1552 724 aliquas
1569 684 1695 714 Euboeae

258 741 400 770 civitates
414 738 568 773 liberavit,
589 738 731 776 quoniam
748 738 880 777 denique
899 742 1075 776 perpetuam
1099 747 1171 776 erga
1187 747 1258 776 pop.
1278 737 1490 765 Atheniensem
1515 734 1697 765 benevolen-

260 791 331 820 tiam
347 794 481 829 praestat,
493 794 524 818 et
538 794 600 818 tum
617 789 748 818 dicendo
764 793 825 818 tum
842 788 959 827 agendo
975 793 1118 826 quantum
1134 792 1236 826 potest
1247 787 1320 826 ipsis
1335 786 1570 816 Atheniensibus
1583 791 1614 815 et
1629 785 1697 815 aliis

262 840 380 871 Graecis
395 839 538 874 consulit,
555 839 678 878 placere
692 838 805 868 senatui
820 837 993 877 populoque
1010 837 1187 867 Atheniensi
1202 842 1234 866 ut
1250 837 1466 866 Demosthenes
1482 836 1698 865 Demosthenis

261 893 281 921 s.
296 890 480 921 Paeauiensis
495 889 636 918 laudibus
653 894 777 917 ornetur
788 892 878 924 atque
895 897 984 916 aurea
999 898 1109 916 corona
1124 892 1296 921 coronetur,
1313 888 1438 925 ejusque
1455 896 1573 915 coronae
1587 886 1700 924 praedi-

262 942 341 973 catio
365 941 416 970 fiat
440 940 470 969 in
490 939 607 968 theatro
635 937 792 975 Dionysiis
811 935 956 974 tragoedis
983 937 1088 965 novis:
1113 937 1340 976 praedicationis
1355 942 1454 966 autem
1470 946 1572 966 curam
1591 936 1700 966 habeat

262 991 429 1032 praesidens
445 990 542 1019 tribus
557 991 588 1018 et
603 987 801 1016 certaminum
818 986 992 1024 praefectus.
1037 986 1123 1015 Dixit
1135 986 1328 1017 Aristonicus
1345 986 1554 1017 Phrearrhius.

265 1083 385 1121 Estne
403 1082 515 1132 igitur
533 1079 736 1131 quisquam
754 1084 922 1115 vestrum
941 1077 1006 1128 qui
1024 1077 1215 1115 civitatem
1241 1079 1341 1116 hanc
1365 1078 1555 1117 dedecore
1574 1078 1702 1130 aliquo

263 1143 452 1188 affectam,
472 1147 539 1180 aut
554 1140 718 1178 ludibrio
736 1139 902 1176 habitam
927 1147 993 1176 aut
1017 1138 1191 1184 derisam,
1217 1146 1369 1189 propter
1397 1140 1470 1177 hoc
1505 1140 1703 1178 decretum

266 1219 350 1244 esse
370 1204 478 1249 sciat,
497 1215 584 1253 quae
602 1202 673 1239 iste
693 1200 806 1237 modo
826 1200 953 1236 futura
969 1212 1053 1236 esse
1072 1199 1234 1245 dicebat,
1265 1201 1296 1238 si
1319 1212 1392 1250 ego
1419 1213 1560 1238 corona
1580 1202 1702 1239 dona-

265 1274 327 1304 tus
342 1264 478 1304 fuero?
508 1263 630 1314 Atqui
644 1275 729 1300 cum
749 1260 917 1299 recentia
935 1260 1062 1298 adhuc
1074 1260 1326 1310 omnibusque
1338 1268 1429 1299 nota
1440 1262 1514 1299 sint
1523 1262 1702 1309 facinora,

268 1328 301 1366 si
330 1333 431 1365 recte
457 1324 599 1363 fuerint
631 1329 754 1374 gesta,
783 1321 940 1372 gratiam
969 1328 1266 1372 consequuntur,
1299 1322 1356 1359 siu
1387 1323 1507 1368 aliter,
1537 1331 1703 1374 poenamss

268 1387 369 1425 Mihi
387 1399 475 1425 vero
488 1385 646 1436 gratiam
665 1390 746 1422 tum
765 1382 922 1421 relatam
942 1382 1056 1420 fuisse
1077 1388 1240 1428 constat,
1260 1395 1336 1419 non
1354 1383 1507 1433 culpam
1527 1392 1593 1421 aut
1613 1397 1703 1436 sup-

266 1449 435 1501 plicium.

323 1513 388 1548 27.
418 1510 546 1553 Quare
561 1521 682 1560 usque
697 1507 746 1546 ad
770 1507 835 1545 illa
853 1514 1037 1558 tempora,
1053 1506 1189 1556 quibus
1210 1506 1293 1542 haec
1313 1511 1424 1555 gesta
1442 1512 1544 1552 sunt,
1562 1507 1601 1544 in
1614 1519 1707 1544 con-

268 1574 373 1612 fesso
392 1578 451 1609 est
470 1583 529 1608 me
549 1569 651 1607 omni
679 1576 848 1619 tempore
878 1567 1019 1605 civitati
1046 1567 1186 1617 optime
1216 1565 1468 1612 consuluisse,
1489 1567 1593 1617 quod
1620 1580 1708 1605 cum

270 1632 538 1672 deliberabatis
556 1643 636 1677 vos,
655 1630 733 1668 sive
752 1629 918 1667 dicerem
946 1628 1034 1679 quid
1062 1627 1139 1665 sive
1169 1627 1411 1665 decernerem
1436 1628 1590 1678 pervici,
1609 1627 1710 1678 quod

273 1696 429 1733 decreta
447 1705 533 1730 mea
545 1697 704 1743 peracta
721 1699 823 1735 sunt,
843 1702 1070 1739 coronaeque
1087 1689 1190 1726 exiis
1211 1687 1352 1726 civitati
1371 1694 1410 1725 et
1437 1688 1526 1725 mihi
1545 1696 1582 1727 et
1601 1690 1709 1727 vobis

274 1755 449 1794 omnibus
468 1758 709 1803 comparatae,
729 1751 832 1801 quod
858 1763 925 1789 vos
956 1749 1142 1787 sacrificia
1167 1749 1238 1786 diis
1269 1755 1308 1786 et
1329 1749 1625 1799 supplicationes
1640 1763 1709 1801 pro

273 1817 386 1854 rebus
414 1813 494 1851 istis
526 1820 709 1862 tanquam
738 1812 874 1849 faustis
904 1818 943 1848 et
974 1809 1128 1847 utilibus
1155 1809 1311 1847 fecistis.
1368 1809 1578 1860 Postquam
1596 1810 1711 1861 igitur

275 1876 455 1928 depulsus
482 1880 541 1911 est
571 1886 618 1911 ex
648 1873 795 1910 Euboea
821 1871 1032 1922 Philippus,
1053 1871 1165 1909 armis
1184 1870 1336 1920 quidem
1356 1883 1379 1907 a
1399 1872 1524 1917 vobis,
1544 1871 1711 1910 consiliis

274 1945 402 1976 autem
421 1936 459 1973 in
477 1948 557 1986 rep.
577 1933 747 1984 gerenda
766 1939 805 1970 et
824 1932 1000 1978 decretis,
1021 1931 1302 1982 disrumpantur
1329 1931 1419 1969 licet
1448 1932 1609 1970 istorum
1630 1932 1711 1983 qui-

277 1999 381 2045 dam,
401 2010 424 2035 a
443 2009 518 2042 me,
550 1995 708 2033 alteram
732 1993 894 2032 civitatis
921 2000 1060 2031 nostrae
1094 1992 1365 2044 oppugnandae
1385 1993 1486 2030 viam
1504 1995 1713 2043 quaerebat.

277 2060 377 2097 Cum
392 2057 505 2108 igitur
522 2056 669 2094 videret
681 2068 751 2093 nos
764 2055 906 2105 majore
925 2067 1039 2104 quam
1053 2054 1187 2104 reliqui
1199 2066 1332 2091 omnes
1345 2054 1521 2092 mortales
1536 2054 1717 2092 frumenti

277 2120 389 2171 copia
406 2119 460 2157 uti
478 2118 632 2156 aliunde
653 2117 857 2168 importati,
882 2116 936 2154 rei
957 2116 1210 2154 frumentariae
1230 2117 1474 2167 exportandae
1487 2123 1716 2167 potestatem

277 2179 511 2229 concupivit,
545 2191 842 2229 progressusque
874 2178 911 2214 in
949 2177 1151 2215 Thraciam
1187 2190 1210 2215 a
1238 2177 1442 2228 Byzantiis,
1473 2177 1584 2214 sociis
1622 2177 1715 2223 suis,

279 2242 401 2292 primo
419 2240 574 2291 quidem
599 2239 730 2289 petivit
751 2245 796 2276 ut
828 2238 1040 2290 conjunctis
1065 2238 1183 2289 copiis
1209 2250 1286 2274 una
1306 2251 1435 2275 secum
1450 2238 1592 2275 bellum
1610 2239 1716 2276 vobis

279 2301 477 2339 inferrent:
499 2299 603 2351 quod
618 2312 704 2336 cum
718 2299 771 2335 illi
784 2306 1020 2343 recusarent,
1033 2304 1286 2348 negarentque
1305 2311 1346 2337 se
1360 2298 1417 2336 his
1436 2299 1717 2337 conditionibus

281 2375 368 2400 cum
397 2374 442 2399 eo
467 2360 688 2398 societatem
708 2358 872 2405 inivisse,
891 2372 980 2396 vera
999 2359 1265 2409 praedicantes,
1285 2360 1416 2396 urbem
1435 2359 1506 2397 iste
1526 2360 1626 2398 vallo
1645 2360 1718 2398 cir-

282 2424 469 2475 cumjecto
503 2421 765 2470 machinisque
797 2420 958 2458 admotis
995 2421 1251 2470 oppugnabat.
1326 2420 1424 2458 Haec
1455 2434 1542 2459 cum
1570 2421 1720 2464 fierent.

283 2485 377 2536 quid
394 2496 462 2521 nos
483 2482 605 2520 facere
624 2481 854 2525 conveniret,
875 2493 951 2518 non
978 2480 1058 2531 jam
1087 2493 1314 2530 quemquam
1335 2482 1604 2533 interrogab03
1635 2496 1719 2534 per-

284 2547 454 2598 spicuum
475 2544 575 2582 enim
598 2549 656 2580 est
683 2542 879 2580 omnibus:
909 2548 949 2579 at
976 2542 1057 2592 quis
1083 2541 1156 2578 fuit
1181 2543 1243 2591 qui
1273 2542 1465 2593 Byzantiis
1494 2556 1604 2594 opem
1634 2544 1720 2582 tulit

287 2607 428 2659 quique
448 2618 513 2642 eos
528 2602 714 2642 servavit?
743 2603 826 2653 quis
846 2602 1032 2653 prohibuit
1051 2614 1097 2638 ne
1111 2602 1388 2653 Hellespontus
1403 2605 1631 2655 temporibus
1647 2604 1721 2643 illis

287 2682 311 2707 a
337 2667 444 2705 nobis
477 2663 724 2703 alienaretur?
780 2664 874 2709 Vos,
901 2663 1169 2700 Athenienses.
1225 2664 1326 2701 Vos
1356 2671 1484 2702 autem
1515 2677 1601 2702 cum
1621 2665 1720 2711 dico,

286 2727 557 2778 rempublicam
577 2725 676 2762 dico.
733 2724 828 2767 Quis
852 2737 941 2761 vero
973 2736 1040 2773 pro
1071 2723 1262 2774 republica
1294 2725 1457 2770 dicebat,
1479 2724 1722 2772 decernebat,

287 2790 437 2839 agebat,
459 2799 500 2823 se
519 2785 683 2835 denique
703 2790 823 2821 totum
852 2786 962 2822 rebus
992 2785 1164 2834 gerendis
1195 2786 1347 2823 minime
1365 2785 1435 2823 sibi
1455 2798 1612 2836 parcens
1632 2785 1723 2825 offe-

287 2848 415 2886 rebat?
447 2847 543 2897 Ego.
585 2845 734 2884 Atenim
748 2852 930 2895 quantum
944 2845 1024 2883 haec
1040 2847 1212 2884 omnibus
1233 2846 1453 2897 profuerint,
1468 2859 1542 2883 non
1556 2845 1635 2896 jam
1653 2860 1720 2885 vos
