1923 3149
293 195 368 234 342
773 197 998 237 CONTRA
1028 196 1249 238 MIDIAM.

296 297 369 335 fiee
388 297 567 345 aedificat,
597 306 665 336 aut
690 301 847 339 ancillas
875 303 1012 340 multas
1033 303 1217 354 possidet,
1247 309 1312 341 aut
1330 303 1473 340 lautam
1499 299 1743 354 suppellecti-

297 357 385 403 lem,
407 358 475 396 sed
494 358 526 396 is
546 360 876 410 magnifaciendus
897 372 968 408 est,
988 363 1051 412 qui
1080 363 1220 400 talibus
1247 364 1284 400 in
1305 364 1420 400 rebus
1443 362 1664 413 splendidus
1683 368 1743 399 est

294 428 333 455 et
360 420 602 469 magnificus,
627 433 788 471 quarum
817 423 958 461 utilitas
989 424 1037 460 ad
1063 424 1260 462 universos
1291 423 1407 461 redit:
1438 423 1551 474 quale
1580 422 1673 461 nihil
1703 422 1741 459 in

297 478 420 516 Midia
435 481 645 530 reperietis.

349 542 413 577 45.
446 540 652 579 Enimvero
679 543 868 580 triremem
898 544 1037 582 civitati
1072 546 1252 588 donavit;
1284 545 1383 582 hanc
1416 544 1516 582 enim
1542 544 1634 581 satis
1662 543 1741 580 scio

286 602 462 649 Jactabit,
477 609 516 639 et
535 603 776 652 gloriabitur:
808 617 827 640 c
843 617 898 653 go
929 607 1020 642 vob
1037 606 1078 643 is
1115 607 1210 643 trir
1224 619 1243 643 c
1257 619 1292 642 m
1309 620 1328 643 c
1344 619 1380 642 m
1419 605 1443 642 d
1460 618 1518 642 on
1535 605 1626 642 avi.
1677 604 1741 640 Sic

293 669 421 700 autem
442 663 611 701 facitote.
654 665 708 708 Si,
729 663 996 712 Athenienses,
1026 667 1249 717 reipublicae
1282 666 1410 703 studio
1443 667 1546 703 illam
1572 662 1742 708 donavit,

294 736 380 772 quae
399 736 466 772 pro
486 724 552 760 tali
572 723 833 760 munificentia
853 726 974 773 gratia
993 727 1172 764 habenda
1191 735 1264 773 est,
1284 739 1365 764 eam
1385 727 1439 764 illi
1459 727 1597 763 habete
1617 731 1657 763 et
1680 735 1741 762 re-

290 782 411 820 ferte:
443 784 512 820 sed
530 784 729 834 grassandi
750 797 798 821 ex
819 784 974 823 libidine
995 787 1186 824 licentiam
1207 801 1254 825 ne
1274 788 1385 825 detis,
1418 788 1536 824 Nulla
1555 787 1653 824 enim
1681 798 1741 822 res

291 850 359 881 aut
390 844 564 881 meritum
583 851 733 882 tantum
755 853 824 892 est,
850 853 894 884 ut
921 860 966 884 ea
990 847 1144 885 licentia
1170 856 1372 899 propterea
1397 848 1557 886 concedi
1587 847 1738 884 debeat.

292 903 358 941 Sin
380 912 506 942 autem
528 906 576 943 ob
605 906 848 944 timiditatem
880 915 995 957 atque
1014 908 1275 945 effeminatum
1299 908 1468 945 animum
1500 908 1573 945 hoc
1603 907 1741 944 fecisse

291 965 550 1010 convincetur,
568 980 615 1004 ne
634 962 764 1004 fucum
784 968 890 1006 vobis
910 969 988 1006 fieri
1004 969 1213 1019 patiamini.
1245 969 1289 1005 Id
1308 969 1422 1018 igitur
1442 968 1635 1019 quomodo
1648 980 1741 1017 cog-

289 1027 486 1064 noscetis?
527 1028 612 1077 Ego
646 1036 684 1066 et
714 1029 787 1067 hoc
823 1030 986 1076 docebo,
1017 1042 1175 1068 exorsus
1209 1043 1232 1067 a
1268 1030 1467 1081 principio.
1525 1030 1604 1067 Res
1638 1029 1740 1066 enim

249 1124 253 1128 .
288 1089 422 1139 paucis
444 1090 680 1139 expedietur,
695 1093 849 1129 tametsi
865 1092 978 1129 altius
994 1092 1156 1143 repetita
1168 1092 1355 1130 videatur.
1385 1091 1622 1142 Largitiones
1636 1091 1739 1141 apud
1778 1116 1781 1117 γ

288 1162 355 1187 vos
376 1151 507 1200 primae
527 1150 641 1188 factae
663 1161 752 1189 sunt
770 1153 808 1190 in
833 1153 1033 1190 Euboeam.
1065 1153 1109 1189 In
1134 1153 1269 1189 horum
1291 1165 1449 1190 numero
1469 1165 1545 1189 non
1572 1151 1642 1189 fuit
1663 1151 1739 1188 Mi-

288 1210 385 1256 dias,
405 1212 472 1249 sed
492 1224 578 1262 egO.
624 1212 676 1249 Et
695 1213 928 1251 trierarchiae
950 1214 1075 1251 socius
1095 1213 1186 1250 mihi
1216 1213 1286 1250 fuit
1307 1213 1497 1262 Philinus,
1532 1211 1740 1258 Nicostrati

287 1271 331 1308 F.
367 1272 465 1309 Aliae
486 1273 624 1310 deinde
643 1274 824 1311 secundae
844 1275 882 1311 in
901 1275 1127 1325 Olynthum.
1161 1275 1244 1313 Nec
1264 1275 1302 1311 in
1332 1274 1466 1312 horum
1489 1278 1646 1311 numero
1665 1272 1738 1311 fuit

285 1332 441 1371 Midias.
473 1334 677 1372 Hominem
706 1343 834 1373 autem
853 1336 1075 1373 munificum
1097 1336 1238 1385 ubique
1251 1347 1367 1372 suam
1386 1335 1580 1372 declarare
1601 1334 1737 1371 libera-

282 1393 429 1431 litatem
444 1394 648 1431 decuisset.
679 1395 795 1432 Nunc
809 1395 870 1432 hae
886 1396 1006 1433 tertiae
1019 1396 1238 1445 largitiones
1255 1395 1365 1433 factae
1379 1403 1479 1431 sunt.
1512 1395 1567 1432 Ibi
1582 1395 1736 1431 demum

283 1454 427 1504 aliquid
461 1455 634 1492 contulit.
683 1455 916 1498 Quomodo?
955 1458 1054 1494 Cum
1086 1457 1123 1493 in
1154 1463 1289 1494 senatu
1323 1456 1545 1506 largitiones
1585 1456 1735 1505 fierent,

283 1515 456 1565 quamvis
469 1522 550 1552 tum
564 1516 732 1562 adesset,
747 1517 842 1554 nihil
857 1525 916 1554 est
929 1517 1104 1567 largitus.
1136 1517 1347 1567 Postquam
1363 1529 1453 1554 vero
1468 1517 1735 1563 nunciabatur,-

281 1576 447 1614 obsideri
479 1576 617 1613 milites
646 1577 842 1627 Tamynis,
870 1585 909 1615 et
936 1577 1070 1628 reliqui
1108 1578 1254 1628 equites
1296 1590 1441 1622 omnes,
1472 1591 1633 1628 quorum
1661 1577 1734 1615 iste

280 1650 380 1674 unus
402 1643 495 1682 erat,
529 1636 634 1674 exire
666 1638 1004 1675 senatusconsulto
1030 1639 1291 1687 jubebantur:
1321 1646 1403 1675 turn
1435 1639 1589 1676 demum
1618 1638 1734 1690 hujus

281 1698 536 1748 expeditionis
556 1704 674 1743 metu,
698 1698 736 1734 in
755 1699 928 1748 proxima
946 1699 1145 1745 concione,
1169 1700 1283 1736 etiam
1302 1690 1521 1749 priusquam
1542 1700 1733 1750 principes

279 1758 558 1803 consedissent,
584 1758 746 1808 largitus
779 1766 851 1796 est.
899 1761 989 1801 Qua
1017 1767 1142 1797 autem
1174 1772 1215 1797 re
1248 1767 1326 1797 tam
1355 1761 1550 1798 evidenter
1580 1761 1732 1799 ostendi

278 1826 420 1870 potest,
441 1827 482 1856 ut
501 1833 572 1856 nec
592 1820 674 1870 ipse
694 1833 835 1870 negare
856 1820 970 1865 ausit,
991 1820 1245 1871 expeditionis
1264 1821 1368 1871 fuga,
1388 1834 1465 1858 non
1491 1822 1619 1859 studio
1639 1822 1731 1860 libe·

278 1880 453 1926 ralitatis,
472 1881 511 1918 id
536 1893 620 1918 esse
650 1881 823 1918 factum?
856 1881 906 1918 Iis
937 1881 1020 1932 ejus
1049 1882 1161 1919 factis
1191 1895 1278 1932 quae
1304 1889 1441 1932 postea
1469 1890 1601 1919 secuta
1627 1890 1729 1920 sunt.

280 1941 381 1978 Nam
400 1941 575 1992 primum,
611 1954 699 1979 cum
729 1955 932 1992 progressa
956 1942 1157 1987 concione,
1183 1949 1223 1980 et
1251 1956 1291 1979 re
1322 1943 1530 1993 disputata,
1550 1956 1627 1981 non
1649 1947 1729 1992 jam

278 2015 373 2053 opus
393 2014 475 2039 esse
492 2002 684 2040 videretur
704 2002 856 2041 auxiliis
877 2003 1063 2053 equitum,
1083 2011 1122 2041 et
1144 2003 1339 2054 expeditio
1358 2004 1528 2053 frigeret,
1544 2017 1621 2042 non
1636 2018 1728 2043 con-

278 2063 429 2101 scendit
460 2076 608 2108 navem,
641 2076 754 2113 quam
784 2064 961 2109 donarat,
992 2065 1061 2102 sed
1090 2065 1314 2115 inquilinum
1341 2065 1446 2101 illurn
1477 2065 1580 2103 misit
1606 2066 1727 2118 AEgy-

276 2125 411 2176 ptium‚
433 2124 688 2175 Pamphilum,
720 2125 800 2176 ipse
819 2125 881 2163 hie
912 2126 1078 2172 haerens,
1097 2126 1402 2164 Bacchanalibus
1422 2139 1468 2164 ea
1485 2129 1728 2178 perpetravit,

276 2193 431 2237 propter
467 2200 554 2237 quae
586 2200 689 2224 nunc
727 2194 944 2225 accusatur.
992 2188 1202 2238 Postquam
1230 2200 1319 2225 vero
1349 2187 1492 2225 Phocio
1525 2189 1728 2239 imperator

276 2247 423 2298 equites
453 2248 658 2297 Arguraeos
687 2248 736 2285 ad
764 2249 1050 2287 successionem
1081 2250 1315 2295 accersebat,
1342 2256 1381 2286 et
1405 2249 1578 2286 timidum
1611 2258 1727 2300 atque

276 2308 555 2345 exsecrandum
588 2308 703 2346 istum
728 2309 863 2346 fraude
883 2323 998 2359 agere
1017 2312 1229 2355 constabat,
1250 2318 1332 2348 tum
1351 2322 1397 2347 eo
1417 2309 1550 2347 ordine
1575 2310 1724 2357 relicto,

276 2369 313 2406 in
334 2378 470 2407 navem
489 2382 531 2406 se
547 2369 724 2420 conjecit.
761 2370 813 2407 Et
833 2384 995 2420 quorum
1015 2372 1186 2421 equitum
1206 2371 1308 2421 apud
1328 2383 1396 2407 vos
1415 2371 1619 2420 praefectus
1640 2385 1726 2411 esse

275 2429 409 2475 voluit,
428 2442 515 2467 cum
545 2430 589 2467 iis
609 2444 686 2468 non
714 2437 773 2468 est
800 2443 995 2481 egressus.
1040 2432 1158 2473 Quod
1191 2432 1223 2469 si
1252 2431 1344 2481 quid
1375 2430 1413 2467 in
1446 2431 1540 2468 mari
1568 2433 1726 2483 periculi

275 2491 423 2536 fuisset,
443 2491 479 2527 in
501 2498 636 2528 terram
656 2492 830 2529 nimirum
852 2506 892 2530 se
912 2494 1150 2531 contulisset.

326 2553 391 2589 46.
429 2552 481 2589 At
498 2564 573 2589 non
592 2552 791 2590 Niceratus
806 2553 975 2603 quidem,
991 2555 1150 2598 nonita,
1169 2553 1290 2591 Niciae
1310 2554 1424 2601 filius,
1442 2555 1629 2606 gratiosus
1646 2556 1723 2602 ille,

275 2613 391 2652 orbus
413 2612 554 2657 liberis,
578 2625 736 2663 corpore
756 2627 912 2663 prorsus
937 2615 1072 2657 debili;
1104 2628 1226 2664 neque
1248 2616 1301 2653 ita
1322 2616 1509 2654 Euctemo
1531 2617 1721 2661 AEsionis;

276 2686 402 2724 neque
427 2672 692 2724 Euthydemus
726 2674 926 2712 Stratoclis
956 2675 1023 2713 F.:
1053 2689 1140 2712 nam
1160 2676 1295 2713 horum
1316 2690 1441 2723 nemo,
1461 2678 1562 2715 ultro
1581 2678 1724 2717 collata

275 2734 440 2779 trireme,
468 2734 747 2784 expeditionem
776 2735 877 2773 illam
902 2735 1082 2781 deseruit,
1104 2737 1171 2773 sed
1194 2750 1328 2774 navem
1356 2738 1460 2775 illam
1490 2739 1656 2776 muneris
1684 2747 1723 2777 et

274 2796 448 2833 beneficii
477 2796 562 2834 loco
583 2796 807 2834 instructam
826 2796 933 2834 dedit
953 2798 998 2834 ad
1015 2798 1178 2836 classem
1197 2800 1428 2849 augendam.
1461 2800 1535 2836 Ubi
1552 2813 1641 2837 vero
1661 2801 1722 2838 lex

268 2858 442 2908 jubebat,
458 2857 507 2893 ibi
527 2857 606 2894 suis
620 2857 688 2908 ipsi
712 2858 934 2907 corporibus
954 2858 1238 2897 decernendum
1259 2868 1505 2898 censuerunt.
1537 2861 1622 2898 Alia
1642 2861 1719 2900 Mi-

276 2919 348 2955 ἀίω
369 2919 462 2956 ratio
483 2918 567 2965 fuit,
587 2919 758 2970 equitum
777 2919 964 2970 praefecti;
999 2933 1083 2957 nam
1119 2921 1251 2959 ordine
1278 2921 1445 2972 legitimo
1469 2921 1635 2966 deserto,
1665 2922 1717 2968 id,
