1923 3149
294 205 372 241 406
664 201 890 240 CONTRA
922 198 1379 239 ARISTOCRATEM.

307 303 480 347 stiterim,
502 315 578 340 non
598 315 686 340 cum
705 303 938 349 laudaretur,
960 316 1035 341 non
1048 303 1213 353 denique
1228 305 1451 354 priusquam
1466 304 1539 342 hoc
1554 304 1749 342 decretum

304 364 423 409 fieret,
439 364 595 401 verbum
616 364 736 401 ullum
756 364 923 403 fecerim.
967 365 1050 414 Ego
1070 377 1172 410 vero,
1195 365 1462 410 Athenienses,
1480 365 1629 403 fatebor
1648 365 1749 416 apud

305 437 370 462 vos
391 437 544 462 omnem
572 424 781 463 veritatem.
814 425 913 462 Nam
944 432 983 462 et
1008 425 1215 463 honoribus
1235 425 1437 475 indignum
1460 438 1547 463 esse
1571 426 1751 470 sciebam,

303 492 343 524 et
368 499 456 523 cum
475 485 558 522 haec
579 486 632 523 illi
653 493 878 524 ornamenta
897 487 1165 532 tribuerentur,
1185 486 1352 531 aderam,
1374 493 1412 524 et
1431 498 1507 523 non
1529 499 1613 523 sum
1633 486 1749 523 refra-

303 552 429 596 gatus.
459 546 610 584 Fateor.
642 547 929 590 Quamobrem?
959 547 1087 592 Quod,
1110 547 1376 593 Athenienses,
1396 547 1558 597 primum
1578 546 1749 584 imbecil-

303 606 433 644 liorem
458 607 538 645 fore
557 608 739 657 putabam
760 608 889 645 multis
910 609 1011 659 apud
1036 621 1100 646 vos
1120 608 1361 646 confidenter
1385 608 1669 651 mentientibus,
1689 620 1750 645 me

303 681 422 705 unum
436 681 524 706 vera
543 668 735 706 dicentem
751 681 760 704 ε
791 668 930 707 deinde
946 669 1034 706 nihil
1057 682 1187 707 eorum
1209 683 1295 720 quae
1314 669 1377 706 ille
1390 682 1455 719 per
1469 668 1639 706 fraudem
1659 681 1750 706 con-

303 731 551 779 sequebatur,
565 729 699 766 Jovem
722 729 893 779 deosque
915 743 1047 768 omnes
1067 739 1200 775 testor,
1223 742 1392 781 unquam
1412 731 1449 767 in
1471 737 1636 767 mentem
1657 729 1750 766 mihi

302 790 406 827 venit
425 789 477 826 illi
497 789 679 835 invidere,
708 803 832 840 neque
860 803 927 828 vos
949 791 1134 842 insignem
1155 792 1320 842 aliquam
1342 792 1492 829 cladem
1523 797 1748 841 accepturos

300 850 492 895 videbam,
512 850 544 888 si
564 864 677 900 quem
698 851 746 889 de
767 852 873 889 vobis
894 851 991 889 male
1011 853 1199 899 meritum,
1220 854 1375 903 impune
1393 853 1590 890 dimissum
1610 865 1749 902 provo·
1782 902 1785 903 ⁷

301 913 453 959 caretis,
485 920 528 950 ut
551 913 611 950 vel
631 913 812 965 deinceps
839 915 944 952 vobis
975 915 1072 952 bene
1100 914 1225 952 facere
1251 915 1388 957 vellet3
1421 928 1509 951 nam
1535 915 1574 951 in
1605 913 1749 951 donato

294 975 382 1025 jure
401 974 576 1019 civitatis,
599 981 637 1012 et
655 975 805 1013 coronis
822 976 999 1022 decretis,
1014 976 1149 1013 horum
1164 983 1369 1026 utrumque
1382 976 1504 1012 inerat
1519 987 1528 1011 t
1559 975 1626 1012 sed
1642 981 1749 1024 post-

303 1048 418 1086 quam
439 1049 526 1073 eum
547 1036 662 1073 etiam
680 1037 756 1074 tale
778 1037 977 1088 quippiam
996 1037 1203 1075 machinari
1223 1037 1348 1084 video,
1377 1050 1451 1086 quo
1471 1037 1550 1082 fiat,
1579 1036 1611 1073 si
1632 1035 1748 1073 modo

302 1109 366 1134 eos
386 1097 450 1146 qui
469 1110 537 1134 sua
556 1098 680 1147 gratia
698 1111 766 1135 vos
783 1098 979 1149 decepturi
1000 1099 1089 1145 sint,
1108 1099 1170 1136 hic
1185 1098 1416 1144 instruxerit,
1438 1104 1480 1135 ut
1506 1110 1635 1135 eorum
1658 1097 1750 1135 ami-

302 1171 445 1204 corum,
459 1171 554 1208 quos
572 1171 734 1209 peregre
755 1159 918 1206 habetis,
933 1160 997 1210 qui
1013 1161 1060 1198 de
1081 1161 1188 1197 vobis
1207 1161 1304 1197 bene
1333 1160 1468 1197 mereri
1489 1158 1657 1205 student,
1684 1159 1749 1209 qui

300 1217 400 1255 illius
421 1225 582 1256 conatus
605 1227 740 1256 contra
759 1233 826 1256 vos
848 1219 1005 1257 hostiles
1025 1220 1248 1270 prohibituri
1267 1228 1394 1258 essent
1411 1220 1642 1271 (cujusmodi
1661 1227 1750 1258 sunt

301 1279 588 1325 Athenodorus,
610 1279 727 1326 Simo,
750 1280 904 1326 Bianor,
925 1281 1139 1319 Archebius
1159 1281 1381 1332 Byzantius,
1408 1282 1484 1319 duo
1504 1281 1557 1318 illi
1577 1281 1748 1320 Thraciae

300 1343 428 1390 reges)
447 1347 502 1387 ut,
523 1341 690 1391 inquam,
709 1341 846 1379 horum
864 1341 991 1379 nullus
1013 1341 1045 1379 ei
1077 1342 1136 1379 vel
1156 1342 1362 1388 adversari,
1382 1342 1441 1379 vel
1471 1342 1746 1392 impedimento

300 1414 384 1438 esse
417 1400 571 1447 audeat,
599 1407 679 1438 tum
705 1402 859 1439 demum
887 1402 997 1440 venio
1027 1409 1265 1440 accusatum.
1311 1403 1410 1439 Cum
1446 1402 1512 1440 illa
1548 1403 1745 1453 impedire,

300 1463 439 1512 quibus
459 1462 627 1513 acceptis
646 1462 863 1514 reipublicae
895 1476 1030 1514 parum
1050 1464 1249 1501 nociturus
1271 1470 1386 1509 esset,
1411 1463 1472 1500 vel
1498 1463 1671 1514 privatim
1691 1464 1746 1500 ,ab

300 1537 345 1562 eo
366 1523 462 1570 laesi,
482 1524 542 1561 vel
564 1524 850 1562 calumniatoris
868 1538 953 1562 esse
971 1538 979 1562 z
1009 1525 1067 1562 his
1088 1531 1215 1563 autem
1237 1524 1446 1570 adversari,
1465 1537 1535 1575 per
1553 1536 1640 1574 quae
1666 1537 1763 1570 maz

299 1600 417 1638 gnum
438 1593 580 1625 nostrae
595 1586 741 1624 civitati
760 1586 903 1624 malum
926 1593 1107 1633 struatur,
1122 1587 1214 1624 boni
1235 1592 1274 1623 et
1293 1586 1362 1623 viri
1381 1591 1419 1622 et
1445 1585 1538 1623 civis
1559 1598 1645 1622 esse
1663 1585 1748 1623 offi-

298 1649 399 1688 cium
419 1649 644 1697 existimem.
677 1649 771 1685 Haec
793 1655 897 1693 sunt,
918 1654 1075 1699 propter
1093 1661 1178 1698 quae
1199 1654 1279 1685 tum
1301 1646 1395 1684 nihil
1415 1646 1505 1689 dixi,
1526 1659 1628 1683 nunc
1648 1645 1748 1684 dico.

351 1713 417 1750 48.
445 1711 583 1749 Restat
609 1711 662 1748 eis
681 1711 768 1748 talis
796 1711 923 1748 adhuc
951 1711 1088 1756 oratio,
1117 1723 1194 1761 qua
1222 1723 1262 1748 se
1292 1710 1400 1747 vobis
1419 1709 1550 1747 fucum
1578 1709 1746 1746 facturos

298 1778 457 1824 putant:
489 1772 777 1822 Cersobleptem
793 1779 831 1809 et
852 1771 1125 1809 Charidemum
1145 1771 1367 1809 adversatos
1387 1783 1474 1808 esse
1492 1769 1656 1808 fortasse
1675 1770 1747 1807 rei-

298 1833 464 1885 publicae
487 1839 582 1880 tum,
602 1846 688 1870 cum
709 1832 841 1871 hostes
861 1839 1015 1876 essent;
1045 1845 1149 1870 nunc
1167 1845 1271 1878 vero,
1299 1845 1387 1870 cum
1414 1831 1490 1868 sint
1509 1831 1634 1876 amici,
1653 1827 1691 1868 et
1708 1831 1747 1868 in

298 1893 489 1931 civitatem
509 1899 678 1930 nostram
693 1893 869 1940 officiosi,
891 1899 1037 1930 veteres
1053 1892 1222 1930 offensas
1233 1905 1326 1930 esse
1341 1891 1529 1929 oblivione
1546 1890 1744 1928 delendas.

301 1955 384 1992 Nec
413 1954 525 2000 enim,
558 1967 645 1991 cum
671 1953 984 1991 Lacedaemonios
1009 1961 1215 1997 tueremur,
1243 1965 1313 1990 nos
1343 1951 1577 2002 injuriarum,
1607 1951 1743 2001 quibus

299 2013 389 2052 belli
409 2015 643 2064 temporibus
665 2015 712 2052 ab
731 2015 786 2051 eis
802 2014 928 2051 affecti
947 2027 1136 2062 essemus,
1157 2014 1275 2051 fuisse
1294 2012 1530 2058 recordatos,
1549 2025 1635 2058 nec,
1655 2024 1744 2050 cum

299 2075 516 2120 Thebanos,
542 2081 581 2112 et
607 2081 799 2124 postremo
819 2087 921 2112 nunc
947 2087 1036 2111 cum
1067 2075 1307 2111 Euboeenses
1327 2072 1629 2111 defenderemus.
1662 2072 1745 2123 Ego

299 2150 389 2175 vero
419 2148 573 2181 censeO,
595 2135 625 2173 si
646 2147 692 2173 eo
711 2143 898 2186 tempore,
925 2148 1002 2185 quo
1023 2135 1282 2185 Cersobleptae
1298 2143 1338 2172 et
1357 2134 1589 2173 Charidemo
1605 2132 1746 2171 auxilia

300 2197 454 2236 decreta
469 2202 612 2240 essent,
628 2208 698 2234 nos
715 2196 996 2242 obsisteremus,
1012 2203 1093 2233 tum
1108 2196 1263 2232 demum
1278 2195 1376 2232 hanc
1392 2194 1602 2232 orationem
1617 2194 1744 2232 locum

300 2259 540 2297 habituram:
570 2257 644 2294 sed‘
661 2270 748 2294 cum
774 2256 851 2294 tale
879 2256 973 2293 nihil
995 2262 1144 2306 agatur,
1165 2262 1231 2293 aut
1260 2256 1442 2306 scriptum
1470 2255 1535 2300 sit,-
1562 2261 1678 2304 atque
1697 2266 1743 2292 eo

299 2319 461 2357 tendant
479 2318 618 2362 omnia,
636 2325 678 2354 ut
700 2316 963 2368 Cersobleptae
984 2317 1102 2354 duces
1122 2316 1357 2366 potentiores
1376 2316 1484 2363 fiant,
1505 2316 1641 2353 vestris
1659 2327 1743 2352 rnu-

301 2379 368 2418 niti
388 2378 587 2424 custodiis,
614 2391 728 2428 quam
747 2384 934 2428 oporteat,
961 2377 1126 2427 graviter
1145 2390 1304 2427 peccare
1332 2378 1426 2414 istos
1445 2377 1617 2414 arbitror.
1660 2375 1742 2414 Nec

301 2441 401 2479 enim
429 2452 582 2489 aequum
602 2447 672 2484 est,
693 2451 781 2477 cum
800 2438 865 2476 tali
885 2439 1055 2476 oratione
1085 2444 1254 2484 utantur,
1275 2438 1396 2488 qualis
1423 2450 1489 2475 eos
1515 2437 1653 2475 deceat
1677 2438 1745 2488 qui

303 2501 416 2540 saluti
444 2513 524 2537 sum
553 2500 770 2537 consultum
790 2499 920 2545 velint,
939 2499 1089 2537 interim
1118 2499 1156 2536 id
1176 2498 1311 2544 moliri,
1334 2506 1376 2535 ut
1401 2498 1556 2550 impune
1581 2498 1618 2536 in
1646 2498 1742 2536 alios

299 2561 464 2614 grassari
483 2559 537 2597 eis
556 2559 682 2597 liceat.
716 2560 922 2606 Praeterea,
938 2559 969 2598 si
989 2559 1240 2597 Charidemus
1255 2559 1377 2597 hostis
1393 2559 1519 2597 adhuc
1535 2560 1742 2607 nocuisset,

301 2630 502 2675 postquam
531 2634 618 2658 vero
645 2621 788 2659 amicus
815 2620 930 2659 videri
956 2620 1051 2666 vult,
1078 2626 1246 2658 mutatus
1275 2627 1391 2666 esset,
1417 2620 1537 2658 audiri
1569 2621 1741 2658 fortassis

300 2685 383 2722 haec
402 2682 637 2734 potuissent:
669 2682 736 2719 sed
755 2683 842 2732 quia
859 2696 898 2720 se
919 2695 978 2719 res
999 2693 1074 2718 non
1091 2682 1143 2718 ita
1155 2681 1285 2726 habet,
1302 2694 1389 2718 nam
1410 2694 1456 2719 ex
1476 2694 1553 2732 quo
1574 2695 1614 2720 se
1636 2682 1741 2719 vobis

301 2745 464 2782 amicum
485 2755 573 2780 esse
599 2743 766 2788 simulat,
795 2756 842 2780 ex
862 2756 907 2780 eo
926 2754 994 2779 vos
1015 2742 1223 2792 saepissime
1243 2742 1410 2793 decepit,
1436 2742 1468 2779 si
1493 2755 1569 2780 non
1588 2748 1742 2792 propter

300 2806 368 2843 illa
392 2811 452 2842 est
475 2803 562 2841 odio
587 2803 890 2854 prosequendus,
915 2809 1071 2852 propter
1095 2802 1179 2840 haec
1209 2809 1335 2841 tamen
1365 2803 1472 2840 nulla
1496 2803 1529 2840 ei
1557 2802 1652 2839 fides
1681 2809 1741 2840 est

300 2866 490 2904 habenda.
519 2866 544 2903 J
548 2878 607 2903 am
623 2864 727 2915 quod
744 2864 791 2903 ad
808 2864 1024 2915 injuriarum
1036 2863 1261 2901 oblivionem
1279 2865 1428 2910 attinet,
1440 2864 1494 2902 sic
1510 2862 1740 2913 respondeo.

303 2927 377 2969 Qui
398 2925 561 2965 nocendi
575 2938 692 2964 causa
710 2925 801 2963 talia
819 2924 1022 2968 examinat,
1042 2924 1292 2975 implacabilis
1310 2931 1386 2969 est;
1414 2924 1478 2974 qui
1500 2936 1600 2970 vero,
1620 2930 1665 2961 ut
1691 2937 1740 2962 ne
