1923 3149
656 359 1094 418 AUGERI

705 503 797 550 AN
801 503 1028 552 ALYSIS

490 632 890 676 PHILIPPICAE
933 636 1229 688 QUARTAE.

737 754 978 800 Propositum.

182 841 299 884 QUUM
322 841 360 875 in
377 840 530 875 Thracia
545 840 732 886 Philippus
749 842 894 878 vincere
911 849 1087 890 pergeret,
1103 859 1218 893 quum
1227 849 1306 893 jam
1319 853 1594 896 oppugnaturus

134 901 228 932 esset
240 897 447 931 Perinthum
466 901 502 930 et
519 897 750 941 Byzantium,
764 898 1022 946 Euboeamque
1040 912 1106 936 suo
1124 903 1324 938 addixisset
1339 905 1501 950 imperio,
1519 906 1593 940 De-

134 952 339 987 mosthenes
356 952 599 993 concionatur,
616 962 659 985 eo
681 953 903 988 adducturus
920 955 1164 992 Athenienses
1183 962 1222 992 ut
1247 959 1421 995 fervidam
1439 964 1476 996 et
1492 962 1593 999 inde·

133 1007 262 1041 fessam
280 1007 377 1041 illius
393 1007 626 1051 cupiditatem
647 1008 857 1042 retundant.

778 1104 986 1142 Exordium.

178 1185 349 1225 Queritnr
371 1188 491 1218 orator
508 1185 553 1218 de
570 1184 710 1217 incuria
726 1185 1003 1219 Atheniensium
1029 1186 1065 1220 in
1082 1187 1237 1231 publicis
1253 1189 1372 1230 rebus,
1389 1190 1487 1234 quod
1504 1191 1592 1224 satis

129 1240 285 1274 habeant
302 1241 338 1272 in
365 1238 598 1272 concionibus
616 1239 740 1273 audire
765 1241 793 1273 si
819 1240 905 1284 quid
932 1241 1016 1274 novi
1035 1241 1176 1284 dicitur,
1199 1246 1236 1276 et
1262 1254 1370 1288 aequa
1387 1245 1590 1289 disceptare

127 1295 295 1329 sedentes
324 1296 361 1326 et
385 1293 502 1334 otiosi,
528 1293 614 1326 dum
631 1293 669 1326 in
686 1294 792 1328 armis
810 1294 999 1339 Philippus
1024 1307 1068 1330 ea
1093 1307 1175 1340 quae
1203 1297 1271 1331 sibi
1288 1299 1493 1343 expediunt
1517 1301 1592 1344 agit

129 1350 306 1384 alacriter.
338 1348 509 1382 Ostendit
534 1359 643 1392 quam
669 1349 715 1382 ob
733 1360 881 1383 eausam
898 1353 935 1383 et
951 1351 1086 1395 quibus
1111 1351 1227 1385 modis
1244 1353 1268 1386 ii
1296 1353 1528 1389 dominentur
1551 1357 1589 1389 in

128 1405 336 1439 civitatibus
352 1403 412 1447 qui
429 1403 596 1446 Philippo
615 1403 746 1445 favent,
765 1407 801 1438 et
820 1405 917 1438 unde
934 1416 989 1438 res
1013 1405 1171 1439 civitatis
1196 1417 1272 1440 suae
1290 1408 1328 1442 in
1359 1408 1462 1452 pejus
1479 1413 1564 1444 eant
1581 1424 1589 1451 ;

126 1471 169 1494 ac
196 1462 384 1503 postquam
403 1457 602 1501 explicavit
622 1468 695 1502 quo
712 1461 819 1503 pacto
846 1458 1080 1494 Macedoniae
1106 1471 1173 1494 rex
1190 1463 1366 1505 paulatim
1391 1466 1428 1497 et
1456 1465 1588 1505 sensim

126 1513 313 1549 maximus
327 1512 492 1555 evaserit,
510 1516 712 1556 praemonet
728 1524 766 1546 se
787 1514 966 1548 dicturum
981 1514 1056 1558 jam
1071 1516 1159 1560 quid
1176 1515 1224 1551 sit
1241 1518 1433 1561 agendum.

727 1608 966 1655 Confirmatio.

171 1693 220 1724 1⁰.
247 1689 482 1723 Demonstrat
498 1688 604 1731 paulo
623 1688 738 1722 fusius
756 1690 963 1733 Philippum
984 1700 1108 1733 pacem
1125 1690 1291 1734 violasse,
1307 1692 1582 1729 Atheniensium

122 1744 263 1779 civitati
282 1744 413 1776 bellum
432 1743 572 1784 inferre,
588 1743 726 1788 ipsique
742 1743 882 1777 hostem
900 1748 937 1777 et
954 1746 1170 1779 malevolum
1189 1757 1266 1780 esse
1283 1751 1320 1780 et
1345 1759 1423 1782 esse
1441 1749 1583 1785 debere.

167 1802 218 1832 2⁰.
251 1798 335 1831 Hac
352 1808 391 1830 re
406 1797 662 1837 demonstrata,
681 1797 767 1831 dicit
782 1798 1066 1832 Atheniensibus
1083 1810 1156 1832 non
1172 1811 1250 1834 esse
1266 1803 1519 1845 postulandum
1538 1805 1583 1838 ab

120 1858 260 1889 oratore
282 1860 323 1887 ut
347 1853 491 1886 decreto
509 1853 643 1886 bellum
661 1854 827 1896 suadeat,
845 1854 909 1887 sed
936 1854 1021 1898 ipsis
1049 1854 1182 1900 bellum
1210 1856 1478 1900 suscipiendum
1506 1871 1584 1893 esse

119 1910 304 1954 gnaviter:
330 1907 453 1952 itaque
469 1907 724 1941 conserendam
742 1909 946 1951 pecuniam,
962 1910 1223 1952 comparandos
1234 1911 1427 1954 exercitus,
1447 1917 1483 1947 et
1495 1915 1583 1957 ipsis

119 1965 240 1999 omnia
255 1962 517 2007 suppeditanda
528 1973 610 2007 quae
627 1964 832 1997 necessaria
846 1966 941 1998 sunt.
969 1964 1067 1997 Hinc
1079 1965 1199 1998 vivide
1214 1967 1365 2010 exponit
1382 1970 1580 2003 socordiam

119 2029 256 2064 quares
269 2028 365 2051 nunc
383 2027 448 2050 sua
462 2016 590 2050 civitas
608 2017 843 2060 administrat,
860 2020 897 2051 et
914 2029 995 2062 quae
1011 2020 1202 2053 commoda
1219 2031 1267 2053 ex
1292 2021 1362 2054 alia
1379 2023 1510 2065 agendi
1528 2035 1582 2058 ra-

118 2076 216 2109 tione
232 2074 508 2116 consequentur.

165 2132 216 2163 3⁰.
243 2128 365 2170 Pergit
378 2125 600 2159 ostendendo
617 2125 751 2160 bellum
771 2138 914 2171 prorsus
931 2128 1204 2172 suscipiendum
1221 2141 1312 2171 esse,
1328 2141 1400 2164 non
1416 2133 1582 2167 conside-

116 2184 203 2217 ratis
220 2184 378 2224 sumptu,
395 2179 569 2213 molestiis
587 2182 623 2212 et
639 2180 781 2221 labore3
805 2184 912 2225 atque
932 2182 1042 2216 instat
1057 2183 1307 2217 vehementius
1325 2190 1365 2218 ut
1382 2196 1465 2219 suos
1483 2188 1578 2222 cives

117 2249 137 2271 e
155 2237 248 2280 turpi
267 2239 413 2268 veterno
432 2234 578 2275 excitet,
596 2245 708 2278 quum
728 2246 788 2268 eos
805 2240 945 2279 premat
970 2237 1166 2270 necessitas
1183 2249 1266 2282 quae
1283 2239 1375 2272 viros
1397 2241 1494 2283 cogit
1515 2242 1578 2276 ho-

113 2297 234 2326 nestos
249 2294 284 2324 et
296 2291 484 2333 ingenuos,
510 2289 603 2333 ipsis
619 2290 816 2333 exprobrat
832 2291 927 2334 quod
943 2301 988 2325 ne
1004 2293 1116 2326 velint
1130 2294 1278 2337 quidem
1293 2305 1337 2328 ea
1350 2295 1475 2330 audire
1493 2309 1575 2342 quae

114 2347 153 2380 in
170 2344 461 2380 deliberationem
479 2344 628 2385 cadunt,
653 2347 690 2377 et
706 2348 787 2388 post
804 2346 929 2379 decisa
941 2346 1087 2380 tandem
1115 2349 1260 2390 negotia
1284 2353 1493 2393 praeposteri
1515 2353 1577 2386 de-

113 2401 279 2435 liberent.

161 2459 209 2490 4⁰.
235 2454 366 2489 Monet
379 2454 565 2488 audientes
583 2453 745 2498 pecuniis
764 2455 962 2499 praesertim
980 2456 1187 2501 reipublicae
1209 2468 1299 2501 opus
1317 2469 1406 2501 esse,
1423 2470 1466 2493 ae-
1484 2463 1574 2495 tem-

112 2521 181 2556 pus
199 2520 275 2543 esse
297 2509 626 2542 commodissimum
644 2511 686 2542 ut
703 2519 787 2542 cum
814 2510 1005 2544 Persarum
1032 2522 1114 2554 rege
1133 2511 1397 2556 colloquantur,
1416 2525 1573 2559 eumque

113 2565 299 2599 adducant
315 2565 354 2595 ut
371 2573 408 2595 se
425 2564 581 2606 pecunia
605 2566 640 2597 et
658 2564 763 2596 armis
782 2563 941 2607 adjuvet.
989 2565 1186 2598 Contendit
1202 2576 1276 2600 non
1299 2567 1488 2602 Persarum
1510 2571 1573 2604 sed

112 2616 342 2653 Macedoniae
361 2627 479 2658 regem
495 2627 574 2651 vere
589 2627 685 2650 nunc
699 2627 777 2650 esse
795 2618 1042 2653 metuendum.

155 2676 208 2706 5⁰.
235 2671 413 2714 Loquitur
427 2671 470 2703 de
487 2672 642 2714 pecunia
659 2671 834 2713 theatrali,
854 2683 935 2716 quae
954 2673 1074 2707 obstat
1090 2684 1135 2707 ne
1153 2673 1299 2719 publica
1316 2685 1380 2714 ,res
1396 2680 1493 2710 recte
1511 2677 1574 2711 ad-

109 2728 342 2763 ministretur.
371 2725 427 2758 De
444 2725 509 2758 hac
525 2726 681 2770 pecunia
693 2727 826 2760 oratori
842 2727 1073 2762 immutatam
1088 2740 1166 2762 esse
1179 2730 1402 2764 voluntatem
1419 2736 1573 2774 constat,

108 2788 146 2818 et
162 2792 275 2827 quum
292 2780 388 2813 cives
404 2791 487 2813 suos
502 2780 636 2814 videret
651 2781 874 2824 inflexibiles,
892 2782 1012 2826 ipsum
1032 2783 1076 2816 de
1094 2784 1161 2825 via,
1181 2784 1335 2828 publicae
1354 2795 1462 2818 causa
1480 2788 1575 2821 utili-

106 2838 204 2878 tatis,
220 2835 370 2880 paulum
387 2835 591 2869 deflexisse.
634 2835 708 2869 Hic
733 2835 855 2880 itaque
880 2837 1010 2871 saudet
1027 2838 1209 2879 divitibus,
1225 2849 1270 2872 ne
1287 2839 1438 2873 moleste
1455 2841 1572 2877 ferant

107 2893 202 2927 hanc
218 2890 407 2936 pecuniam
422 2890 588 2935 accipere
600 2899 776 2935 pauperes
790 2903 799 2932 ς
826 2902 1022 2937 rursusque
1037 2893 1272 2937 pauperibuS,
1289 2896 1330 2927 ut
1346 2894 1500 2937 publicis
1509 2907 1570 2941 pe-

856 2959 880 2982 o
