1923 3149
278 50 352 86 30⁴3
701 53 726 88 Α
740 52 809 88 DV
820 52 879 89 Eu
893 51 987 91 Sus
1024 52 1213 90 LEP'l'lN
1227 52 1314 90 EM.

277 153 443 190 Chnbria
466 153 700 204 iniquissime
722 164 914 206 agentur,
936 157 964 193 >si
987 156 1048 193 isti
1067 157 1130 206 qui
1153 156 1327 206 rempub.
1349 155 1420 192 hoc
1441 154 1555 192 modo
1575 162 1727 204 gerunt,

274 215 347 252 hoc
373 227 449 252 uno
483 227 560 253 non
589 217 774 263 contenti,
805 231 955 255 servum
992 217 1088 269 ejus,
1117 217 1314 268 Lycidam,
1341 223 1511 254 vestrum
1541 215 1732 266 hospitem

273 275 432 314 fecisse:
465 277 580 315 etiam
597 285 750 329 propter
767 279 872 316 illum
894 279 1034 328 aliquid
1068 278 1139 330 ipsi
1169 291 1399 316 concessum
1429 291 1559 315 rursus
1582 279 1732 328 eripue-

273 336 362 383 rint,
380 337 518 376 falsam
547 340 757 390 praesertim
792 354 949 379 causam
982 339 1259 391 proetexendo!
1319 339 1404 376 Nec
1431 339 1530 376 enim
1556 339 1616 375 vel
1649 339 1734 382 iste,

274 398 335 436 vel
355 399 556 451 quisquam
578 400 690 445 alius,
717 402 866 440 etiamsi
903 402 1042 453 hospes
1064 402 1126 447 sit,
1146 409 1350 452 propterea
1369 400 1550 438 immunis
1571 407 1642 442 est,
1662 401 1735 438 nisi

274 459 461 498 cuiclaris
484 461 606 498 verbis
628 462 800 512 Populus
823 464 1100 501 immunitatem
1131 463 1304 500 dederit:
1336 463 1419 500 istis
1438 475 1528 500 vero
1561 475 1638 500 non
1667 462 1734 499 de-

275 521 345 567 dit,
365 535 436 560 nec
456 522 494 559 id
513 522 776 561 demonstrare
793 531 972 573 poterunt
989 538 997 568 ;
1030 525 1087 562 sin
1110 523 1350 576 impudenter
1369 516 1624 568 affirmabunt,
1641 523 1734 561 nihil

275 583 447 633 praeclari
468 583 613 620 facient
633 592 700 620 aut
717 584 830 622 laude
851 585 1025 635 dignum.

329 647 393 683 29.
422 646 511 683 Jam
527 645 630 695 quod
651 647 822 683 omnium
842 649 1004 685 maxime
1020 649 1236 686 cavendum
1252 648 1359 686 vobis
1375 654 1448 693 est,
1465 647 1736 692 Athenienses,

275 706 313 743 id
335 706 526 756 adjiciam.
584 705 684 744 Nam
707 707 737 744 si
757 708 841 758 quis
877 709 1005 746 onmia
1026 723 1112 760 quae
1149 710 1330 760 Leptines
1357 709 1405 747 de
1438 709 1522 760 lege
1557 709 1672 754 dicet,
1700 716 1737 747 et

274 769 412 818 quibus
433 768 628 814 ostendet,
650 782 734 806 eam
765 777 867 807 recte
902 770 1017 808 latam
1049 784 1150 816 esse,
1178 771 1382 816 concedat,
1403 784 1490 808 vere
1512 772 1559 808 ab
1579 783 1624 808 eo
1646 771 1735 815 dici,

274 843 353 867 una
371 836 536 877 tantum,
557 831 706 869 etiamsi
730 833 962 881 promoverit
982 832 1140 882 aliquid,
1155 831 1352 882 turpitudo
1373 845 1451 869 non
1473 826 1630 878 tollitur,
1650 844 1738 881 quoe

274 891 360 942 lege
382 891 457 929 ista
477 893 701 943 approbata,
723 893 943 943 reipublicae
964 893 1121 931 omnino
1142 893 1356 930 usuveniet.
1415 894 1514 934 Quae
1534 892 1650 943 igitur
1673 892 1740 930 illa

273 953 362 991 est?
419 953 535 996 Quod
555 946 812 992 benemeritos
834 954 1037 1006 decepisse
1057 954 1260 992 videbitur.
1293 954 1418 992 Nemo
1434 960 1576 996 autem,
1593 947 1740 1004 opinor,

273 1015 357 1061 erit,
370 1016 462 1066 quin
480 1015 644 1053 fateatur
658 1015 696 1052 id
711 1029 795 1053 esse
811 1023 934 1067 turpe:
956 1024 1101 1066 quanto
1119 1029 1207 1053 vero
1223 1016 1330 1054 vobis
1345 1016 1630 1066 turpius,quam
1645 1016 1740 1062 aliis,

274 1089 335 1115 me
361 1077 504 1115 audite.
543 1077 615 1115 Est
634 1077 742 1115 vobis
763 1077 923 1128 antiqua
942 1078 1004 1115 lex
1032 1092 1051 1115 e
1073 1080 1319 1129 probatarum
1339 1090 1525 1115 nurnero:
1549 1079 1589 1115 si
1615 1090 1640 1128 q
1656 1078 1739 1115 uis

274 1138 486 1189 aliquid
517 1139 858 1190 pollicendo,
888 1140 1049 1177 verba
1077 1139 1290 1190 Populo
1319 1138 1547 1185 dederit,
1577 1145 1633 1176 ut
1662 1137 1740 1176 ad-

274 1201 505 1239 ducatur
535 1201 902 1250 in·j11diciuin;
925 1201 1299 1239 convictusut
1327 1207 1492 1238 morte
1521 1199 1740 1239 mulcte-

276 1269 291 1299 t
305 1275 327 1299 u
342 1276 370 1300 r.
406 1263 486 1301 Vos
507 1263 618 1314 igitur
639 1277 714 1301 non
736 1263 907 1314 pudebit,
928 1263 1202 1308 Athenienses,
1226 1263 1331 1313 ipsos
1351 1276 1398 1300 ea
1416 1263 1540 1313 palam
1563 1261 1739 1313 commit-

275 1331 369 1371 tere,
387 1338 473 1376 quae
491 1325 530 1362 in
544 1325 626 1362 aliis
645 1325 800 1376 capitali
822 1324 1050 1363 vindicanda
1067 1325 1255 1375 supplicio
1270 1318 1474 1363 censuistis
1490 1325 1504 1361 ?
1536 1325 1634 1362 Nam
1652 1322 1740 1362 cum

276 1386 593 1424 omnia-cavenda
614 1393 653 1425 et
671 1387 861 1436 fugienda
886 1393 989 1432 sunt,
1014 1393 1089 1424 tam
1112 1399 1197 1436 quae
1218 1387 1343 1436 turpia
1359 1380 1492 1423 revera
1507 1393 1610 1431 sunt,
1625 1398 1739 1436 quam

276 1449 562 1499 quaevidentur
582 1449 814 1487 inhonesta:
844 1456 923 1487 tum
946 1462 1035 1487 vero
1056 1462 1102 1486 ea
1122 1441 1376 1499 potissimum,
1397 1461 1485 1498 quae
1502 1449 1540 1485 in
1556 1448 1639 1486 aliis
1660 1444 1741 1486 mo-

275 1510 372 1549 leste
391 1510 506 1549 seras.
566 1510 651 1549 Nec
686 1510 788 1548 enim
816 1510 895 1548 ulla
915 1510 1179 1548 controversia
1197 1510 1436 1561 relinquitur,
1452 1510 1544 1560 quin
1570 1523 1617 1548 ea
1647 1506 1749 1554 saciss

278 1573 380 1611 enda
395 1586 473 1610 non
490 1573 578 1618 sint,
595 1585 681 1623 quae
702 1573 784 1623 ipse
804 1579 919 1610 antea
937 1572 1064 1623 turpia
1078 1571 1276 1623 judicaris.
1334 1571 1397 1608 Ad
1418 1571 1617 1615 haecjllud
1645 1584 1748 1623 quo-¹

276 1649 352 1685 que
373 1635 605 1679 cavendum,
629 1647 678 1672 ne
699 1634 793 1684 quid
812 1634 967 1685 publice
988 1634 1215 1677 admittatis,
1236 1633 1341 1684 quod
1362 1627 1740 1684 priuatimrituretis.

278 1697 458 1735 Vestrum
476 1703 739 1734 autemrnemo
757 1703 829 1739 est,
860 1696 924 1746 qui
945 1695 1049 1746 quod
1071 1694 1245 1732 dedisset
1263 1695 1390 1739 alicui,
1412 1708 1543 1732 rursus
1559 1696 1741 1742 auferret,

277 1759 423 1797 imone
437 1766 641 1797 conaretur
655 1758 827 1807 quidem.
884 1759 1014 1799 Quare
1041 1770 1166 1807 neque
1188 1757 1340 1808 publice
1369 1757 1442 1794 hoc
1462 1752 1651 1796 feceritis!
1676 1758 1742 1809 ju*-

277 1821 366 1857 bete
388 1820 516 1871 potius
538 1825 719 1870 patronos
741 1819 849 1856 istius
871 1818 983 1869 legiS,
1015 1818 1046 1856 si
1073 1831 1188 1867 quem
1218 1819 1282 1868 qui
1314 1825 1547 1856 consecutus
1578 1815 1638 1857 est
1664 1819 1741 1857 hoc

279 1881 423 1918 donum
444 1881 645 1931 indignum
666 1880 889 1925 esseaiunt,
910 1879 989 1917 sive
1004 1880 1107 1930 quod
1127 1879 1165 1917 id
1182 1886 1321 1925 teneat,
1344 1893 1430 1918 cum
1448 1893 1525 1918 uon
1545 1893 1591 1919 ea
1610 1881 1743 1919 fecerit

277 1955 433 1994 propter
459 1956 547 1993 quae
578 1942 627 1979 sit
655 1942 803 1986 datum,
824 1942 903 1979 sive
934 1942 982 1978 ob
1005 1941 1106 1978 aliud
1129 1942 1272 1978 crimen
1294 1942 1464 1992 aliquod,
1492 1955 1675 1981 accusare
1694 1941 1769 1984 ex'.⁴

277 2004 387 2054 lege,
402 2017 516 2056 quam
539 2016 608 2041 nos
624 2003 742 2041 modo
763 2002 1046 2048 substituimus,
1067 2003 1145 2040 sive
1161 2016 1231 2040 nos
1252 2016 1335 2041 eam
1349 2004 1563 2050 tulerimus,
1577 2002 1620 2043 ⁷id
1637 2004 1741 2056 quod

277 2078 348 2104 nos
371 2066 542 2104 facturos
571 2078 656 2103 esse
677 2064 915 2115 spondemus
945 2071 982 2101 et
1016 2064 1254 2115 pollicemur,
1276 2066 1356 2103 sive
1372 2066 1635 2116 ipsitulerint,
1651 2064 1749 2104 curn⁴

279 2128 582 2178 primum.creati
616 2126 760 2163 fuerint
793 2125 1082 2175 legumlatores.
1141 2128 1258 2164 Sunt·
1278 2133 1406 2164 autem
1431 2129 1569 2177 cuique
1604 2127 1750 2165 eorum'

279 2189 397 2239 aliqui
419 2188 575 2232 inimici,
597 2187 679 2225 aliis
702 2187 967 2237 Diophantus,
989 2187 1070 2224 aliis
1093 2187 1283 2237 Eubulus,
1304 2187 1403 2231 aliis-
1419 2188 1516 2226 alius
1534 2186 1738 2240 quispiam.

280 2250 396 2294 Quod
418 2249 446 2286 si
468 2250 541 2287 hoc
565 2250 852 2294 detrectabunt,
874 2255 913 2286 et
945 2248 1070 2286 facere
1103 2248 1264 2294 nolent,
1281 2243 1539 2295 considerate,
1559 2248 1739 2291 ssAtheni-

279 2325 542 2362 enses‚·quam
558 2312 670 2350 vobis
693 2311 943 2349 honorificum
966 2311 1139 2348 futurum
1161 2312 1221 2355 sit,
1239 2325 1304 2348 vos
1325 2304 1423 2349 bene
1443 2308 1586 2351 meritis
1603 2326 1650 2351 ea
1669 2315 1752 2352 eri--

280 2374 428 2426 puisse,
445 2387 531 2424 quae
561 2373 721 2411 istorum
754 2384 869 2410 nemo
903 2372 1069 2410 inimicis
1102 2366 1257 2423 eripere
1279 2366 1354 2410 uon
1389 2369 1588 2420 vereatur'3
1617 2374 1662 2414 etv
1673 2389 1750 2416 eos·

279 2437 474 2488 qui.vobis
496 2435 938 2485 benefecerunt,quibus
952 2447 1066 2472 nemo
1088 2430 1295 2484 quicquam
1314 2436 1477 2483 objicere
1497 2432 1637 2488 potest,
1650 2435 1741 2489 quai

280 2499 372 2537 data
395 2500 546 2537 fuerant
570 2510 638 2547 per
656 2501 735 2534 'vos
769 2496 944 2534 amisisse
977 2496 1200 2533 universos:
1232 2508 1321 2533 curn
1361 2497 1441 2535 fieri
1468 2492 1682 2549 potuisset,
1709 2500 1748 2538 si.

281 2561 368 2611 quis
409 2572 503 2597 sane
532 2558 721 2608 indignus
740 2564 812 2602 est,
834 2557 913 2595 sive
942 2569 1056 2602 unus,
1077 2556 1156 2594 sive
1175 2556 1266 2604 duo,
1283 2564 1350 2596 aut
1368 2554 1511 2610 plures,
1527 2567 1571 2598 ut
1588 2561 1636 2599 ab
1656 2558 1752 2599 istis'

281 2621 466 2664 accusati,
487 2627 537 2658 et‘
551 2619 688 2657 viritim
721 2618 878 2656 adducti
912 2618 949 2655 in
975 2616 1178 2667 judicium,
1199 2632 1330 2670 poenas
1356 2617 1567 2659 dedissent.
1625 2619 1741 2672 Equi7

282 2684 370 2721 dein
403 2683 475 2720 ista
502 2680 743 2725 nec-laudo,·
756 2692 827 2718 nec
848 2679 966 2731 digna
986 2679 1093 2718 vobis
1113 2692 1199 2718 esse
1220 2694 1378 2720 censeo.
1406 2708 1408 2711 .
1434 2676 1576 2732 [cujus
1593 2695 1668 2736 ego
1688 2685 1741 2722 rei

282 2746 396 2783 etiam
411 2745 595 2782 rationem
616 2740 778 2793 habeo]
1386 2740 1391 2742 ’
1425 2748 1427 2751 “
1602 2744 1605 2745 ’

338 2808 401 2844 30.
428 2807 519 2844 ,Iam
542 2804 692 2862 necilla
712 2804 807 2842 ratio
827 2804 1100 2854 praetereunda
1122 2814 1194 2845 est.
1216 2805 1264 2843 de
1285 2805 1470 2856 dignitate
1491 2819 1636 2849 eorum,
1659 2808 1740 2857 qui-
