1923 3149
787 316 838 369 A
859 316 913 370 U
938 317 993 370 G
1024 317 1073 371 Ε
1107 317 1162 371 R
1187 316 1214 370 I

838 466 1160 516 ANALYSIS

559 607 1064 651 PHILIPPICAE
1119 606 1442 649 TERTIAE.

888 746 1126 792 Propositum.

320 842 366 876 ΙΝ
382 852 425 875 eo
442 844 538 876 statu
550 852 607 876 res
622 844 724 876 erant
740 842 867 887 positae
885 844 938 884 ut,
957 852 1045 886 pace
1055 851 1140 875 cum
1153 841 1319 885 Philippo
1338 840 1498 874 nondum
1511 842 1628 884 rupta,
1639 839 1730 873 Dio-

274 896 392 941 pithes
408 897 556 941 quidem
575 897 653 931 dux
670 897 900 932 Atheniensis
916 898 953 930 in
968 897 1193 930 Chersoneso
1210 896 1384 929 exercitui
1402 897 1587 938 praeesset,
1599 895 1733 938 Philip-

273 961 341 994 pus
358 954 476 984 autem
497 950 604 984 armis
617 951 798 994 subigeret
813 950 1021 991 Thraciam,
1033 951 1154 994 copias
1173 950 1337 984 mitteret
1354 950 1390 982 iu
1406 949 1601 990 Euboeam,
1629 948 1734 991 cujus

272 1005 382 1039 urbes
400 1006 578 1039 maximas
595 1006 727 1040 civium
746 1005 1075 1050 potentissimorum
1091 1015 1161 1048 ope
1179 1016 1268 1048 quos
1280 1005 1346 1038 sibi
1364 1005 1500 1038 fecerat
1509 1005 1654 1046 amicos,
1666 1015 1736 1038 suo

272 1059 427 1104 imperio
445 1060 650 1101 addicebat,
663 1072 701 1094 se
715 1064 941 1104 compararet
957 1061 1003 1094 ad
1015 1061 1300 1104 oppugnandum
1319 1059 1548 1102 Byzantium,
1560 1059 1657 1093 omni
1675 1059 1736 1092 de-

273 1114 384 1158 nique
395 1125 504 1159 opera
522 1115 676 1148 Graeciae
694 1114 909 1148 invadendae
928 1115 1117 1148 consilium
1136 1115 1342 1157 perficeret:
1370 1114 1635 1148 Demosthenes
1649 1124 1735 1148 con-

275 1169 438 1202 cionatur
453 1169 687 1203 vehementer
704 1172 744 1202 ut
762 1179 909 1202 suorum
925 1168 1204 1203 Atheniensium
1223 1169 1360 1202 animos
1377 1168 1547 1202 incendat
1565 1169 1736 1202 adversus

275 1223 414 1256 hostem
440 1222 509 1256 sibi
537 1222 667 1267 reipsa,
684 1223 778 1257 bello
802 1222 888 1257 licet
913 1222 1076 1257 nondum
1103 1222 1254 1265 indicto,
1274 1222 1415 1267 totique
1445 1223 1601 1257 Graeciae
1619 1222 1736 1255 immi-

274 1279 435 1312 nentem.
1701 1283 1703 1286 ⁴

901 1357 1108 1391 Exordium.

323 1428 496 1470 Queritur
512 1430 630 1471 orator
640 1429 685 1463 de
703 1430 833 1463 ceteris
842 1428 1053 1471 oratoribus,
1067 1428 1139 1472 qui,
1158 1428 1291 1462 omissa
1306 1427 1464 1462 utilitate
1486 1427 1644 1472 publica,
1660 1439 1736 1462 suaa

276 1484 400 1527 gloriae
419 1486 455 1517 et
472 1484 623 1518 aliorum
645 1484 887 1518 criminationi
911 1485 1016 1518 unice
1043 1484 1132 1518 dant
1156 1495 1316 1528 operam,
1336 1495 1378 1517 ac
1395 1484 1440 1517 de
1456 1484 1738 1518 Atheniensibus

276 1537 364 1581 ipsis
381 1538 634 1582 quijucundas
651 1539 842 1572 conciones
858 1538 1007 1572 utilibus
1026 1540 1265 1582 anteponunt,
1280 1542 1317 1571 et
1334 1538 1635 1572 assentationibus
1651 1549 1740 1581 gau-

278 1593 368 1626 dent
388 1593 542 1627 deliniri.
591 1593 708 1627 Addit
733 1604 770 1627 se
799 1596 965 1638 paratum
983 1604 1061 1626 esse
1084 1593 1217 1635 dicere,
1234 1592 1263 1625 si
1287 1593 1341 1626 sui
1359 1592 1456 1626 cives
1472 1593 1588 1637 parati
1605 1593 1677 1626 sint
1697 1604 1742 1626 ca

279 1648 405 1681 audire
418 1658 502 1692 quae
520 1647 588 1681 sibi
603 1650 791 1692 expetant,
802 1650 840 1682 et
852 1658 896 1682 eo
910 1648 1080 1682 libentius
1095 1648 1276 1683 dicturum
1287 1647 1384 1692 quod
1402 1658 1459 1681 res
1474 1647 1592 1682 adhuc
1602 1647 1740 1693 possint

279 1703 413 1737 adduci
425 1703 463 1737 in
481 1704 617 1737 statum
633 1703 829 1737 meliorem.

896 1789 1136 1834 Confirmatio.

330 1871 379 1902 1⁰.
402 1868 622 1913 Impugnata
638 1869 896 1903 nonnullorum
917 1868 1070 1910 inscitia,
1099 1869 1163 1913 qui
1183 1868 1364 1912 negabant
1381 1869 1587 1913 Philippum
1605 1869 1740 1903 bellum

279 1922 397 1957 facere
417 1922 709 1960 Atheniensibus,
725 1926 762 1956 et
778 1922 996 1957 dictitabant
1012 1923 1187 1967 quosdam
1206 1934 1283 1956 esse
1301 1924 1362 1967 qui
1379 1924 1515 1957 bellum
1528 1923 1742 1963 excitarent,

282 1979 469 2013 contendit
494 1979 760 2013 Demosthenes
777 1978 1010 2012 Macedoniae
1035 1989 1153 2021 regem
1181 1979 1316 2012 bellum
1338 1978 1456 2022 reipsa
1472 1979 1589 2012 facere
1609 1979 1743 2023 populo

281 2033 509 2074 Atheniensi,
526 2034 634 2078 idque
656 2033 784 2078 probat
801 2034 958 2078 plurium
976 2033 1189 2077 populorum
1213 2033 1402 2077 exemplis,
1423 2044 1513 2077 quos
1536 2034 1594 2068 ille
1611 2034 1744 2068 inscios

282 2089 473 2134 oppressit,
489 2089 575 2122 dum
591 2089 641 2122 eis
659 2099 695 2122 se
713 2089 871 2122 amicum
884 2098 961 2121 esse
975 2092 1011 2121 ct
1028 2088 1162 2121 socium
1181 2088 1408 2132 praediearet.

330 2146 379 2178 2⁰.
406 2143 507 2176 Dicit
523 2153 606 2176 eum
626 2142 780 2176 insanire
799 2142 860 2186 qui
878 2144 1081 2175 servantem
1107 2153 1191 2185 erga
1213 2154 1250 2176 se
1268 2153 1407 2187 pacem,
1432 2143 1490 2176 vel
1507 2143 1600 2176 bella
1617 2153 1740 2176 seeum

282 2200 480 2241 gerentem,
498 2208 517 2230 e
535 2198 650 2231 verbis
664 2198 777 2241 magis
794 2207 904 2242 quam
922 2207 941 2230 e
957 2198 1062 2230 factis
1076 2198 1285 2238 aestiinarit;
1309 2198 1418 2231 docet
1435 2208 1538 2241 porro
1564 2198 1672 2241 paulo
1690 2197 1744 2231 fu-

284 2254 356 2286 sius
370 2255 446 2297 ipsa
464 2253 558 2286 facta
573 2253 779 2296 Philippum
800 2251 1077 2286 Atheniensium
1097 2252 1236 2285 hostem
1255 2263 1415 2295 arguere.

332 2310 383 2341 30.
412 2307 574 2350 Longius
603 2307 742 2350 prodire
768 2307 906 2350 incipit,
923 2309 960 2340 et
984 2307 1205 2340 demonstrat
1221 2318 1324 2351 aeque
1341 2307 1523 2340 evidenter
1549 2318 1591 2340 ae
1608 2307 1747 2341 sortiter

286 2362 387 2395 illum
402 2362 467 2394 toti
486 2362 639 2394 Graeciae
656 2361 856 2401 imminere,
869 2361 971 2394 illum
996 2371 1079 2394 vere
1100 2361 1311 2399 Barbarum,
1325 2371 1395 2394 non
1410 2361 1595 2402 Graecum,
1609 2372 1653 2395 ea
1665 2372 1746 2406 spe-

286 2420 397 2456 ctare,
413 2426 457 2448 ea
474 2416 673 2458 designare,
693 2425 774 2458 quae
793 2425 977 2459 nunquam
1003 2418 1211 2459 spectarunt
1239 2420 1275 2449 et
1292 2416 1525 2459 designarunt
1541 2427 1608 2450 nec
1631 2417 1746 2451 Lace-

287 2471 457 2506 daemonii
485 2481 550 2503 nec
571 2471 824 2512 Athenienses,
841 2481 954 2514 quum
977 2470 1136 2503 maxima
1159 2471 1242 2504 elati
1270 2474 1355 2504 sunt
1385 2471 1565 2514 potentia;
1590 2471 1745 2515 denique

288 2526 456 2560 eumdem
476 2525 633 2567 singulos
652 2525 680 2557 G
689 2525 807 2558 raeciae
826 2525 975 2569 populos
992 2525 1160 2558 invadere
1177 2531 1213 2558 et
1230 2525 1396 2568 subigere
1413 2525 1498 2558 dum
1511 2526 1669 2560 universi
1684 2527 1748 2560 de-

288 2580 383 2614 sides
411 2581 576 2623 spectant
594 2582 630 2612 et
646 2579 760 2613 otiosi.
812 2579 926 2612 Totus
950 2579 1006 2612 hic
1029 2579 1129 2613 locus
1150 2580 1313 2613 maxima
1337 2583 1510 2614 tractatur
1534 2590 1619 2615 eum
1636 2580 1744 2616 vehe-

290 2636 439 2669 mentia.

334 2693 384 2723 4⁰.
412 2689 482 2723 Sed
501 2699 566 2722 cur
582 2698 679 2721 nune
697 2699 822 2721 omnes
841 2688 959 2722 Graeci
980 2689 1070 2722 adeo
1097 2689 1214 2732 parati
1231 2691 1314 2722 sunt
1331 2690 1376 2723 ad
1402 2689 1623 2724 tolerandam
1640 2690 1749 2724 servi-

290 2746 420 2784 tutem,
439 2748 476 2777 et
499 2744 583 2777 olim
613 2742 703 2775 adeo
732 2743 867 2775 alacres
893 2745 993 2775 crant
1020 2743 1065 2775 ad
1089 2743 1353 2777 defendendam
1374 2744 1598 2778 libertatem?
1623 2744 1749 2789 Hujus

287 2797 478 2841 utriusque
495 2797 546 2831 rei
560 2806 706 2830 eausam
720 2797 874 2839 graviter
886 2797 1039 2840 exponit
1054 2800 1194 2831 orator:
1222 2809 1354 2843 nempe
1368 2809 1464 2833 nune
1476 2799 1570 2833 dona
1582 2799 1749 2834 facillime

291 2852 518 2897 accipiuntur
535 2851 580 2886 ad
594 2850 819 2895 prodendam
837 2851 1031 2895 Graeciam,
1055 2851 1142 2887 dum
1165 2852 1262 2897 olim,
1285 2854 1384 2899 quod
1411 2853 1641 2890 celeberrimo
1664 2865 1749 2889 con-
