1923 3149
433 190 507 228 DE
535 189 686 229 MALE
716 189 896 229 GESTA
924 189 1265 229 LEGATIONE.
1507 191 1581 228 257

122 292 225 344 apud
246 301 436 337 senatum,
466 301 505 332 et
523 300 807 337 accusaturum,
831 300 871 331 et
893 291 985 336 heu,
1017 292 1106 329 heu.
1157 292 1273 343 Atqui
1304 291 1369 329 illa
1388 299 1480 330 sunt
1499 291 1584 330 lon-

120 366 254 404 gorum
292 363 331 392 et
366 355 575 392 multorum
610 355 863 393 certaminum
897 360 1015 403 atque
1046 353 1264 390 orationum
1297 353 1468 398 exordia,
1499 353 1583 391 haec

119 422 248 452 autem
271 416 472 466 simplicia,
492 423 532 454 et
545 416 622 454 duo
638 424 706 454 aut
724 415 798 453 tria
810 414 961 453 circiter
977 414 1108 458 verba,
1128 426 1217 463 quae
1230 413 1291 450 1-61
1311 413 1391 450 heri
1411 423 1583 464 emptum

118 475 353 527 mancipium
386 477 555 528 proferre
587 484 744 528 posset:
785 474 1057 520 Athenienses,
1083 474 1283 527 negotium
1311 474 1387 512 hoc
1414 475 1582 525 perindi-

118 549 239 587 gnum
259 544 332 576 est.
363 538 443 576 Iste
460 551 522 576 me
536 550 668 576 earum
686 549 812 575 rerum
831 544 1004 580 accusat,
1019 549 1181 586 quarum
1201 535 1284 586 ipse
1299 536 1425 574 socius
1442 537 1527 585 fuit,
1543 544 1584 574 et

118 599 325 647 pecuniam
342 599 538 650 acoep'sse
556 611 617 636 me
636 598 744 644 dicit,
763 598 956 649 cumipse
975 597 1184 648 acceperit,
1203 597 1329 634 autin
1348 604 1495 648 partem
1516 611 1582 635 ve-

116 660 229 698 nerit.
273 661 423 698 Horum
450 659 608 710 quidem
634 659 729 697 nihil
752 659 865 704 dixit,
884 672 959 697 nec
978 659 1135 697 locutus
1154 668 1227 703 est,
1248 671 1321 696 nec
1338 671 1388 696 ex
1408 671 1455 696 eo
1474 659 1581 708 quis-

115 733 230 771 quam
245 729 415 759 vestrum
427 720 587 766 audivit,
597 721 670 759 sed
683 721 758 759 alia
769 721 1031 759 minitabatur.
1062 721 1325 763 Quamobrem
1338 719 1351 756 Ξ
1366 719 1485 763 Quod
1497 732 1543 757 ea
1557 732 1582 757 a

115 794 159 819 se
177 794 266 820 esse
283 781 388 821 sacta
406 783 480 820 sibi
493 783 673 821 conscius
693 790 789 828 erat,
802 791 843 820 et
859 782 946 820 haec
959 775 1079 820 verba
1089 782 1277 820 serviliter
1291 780 1581 819 reformidabat.

114 841 207 880 Non
225 843 344 893 igitur
360 856 408 882 eo
428 843 643 883 accedebat
658 844 825 890 animus,
840 844 911 882 sed
934 843 1142 882 resiliebat.
1172 842 1461 881 Retrahebatur
1477 843 1579 880 6111111

114 915 139 941 a
156 906 419 949 conscientia3
449 906 526 944 alia
545 918 638 944 vero
656 906 838 957 qnaedam
859 905 1081 950 conviciari,
1096 917 1210 942 nemo
1230 916 1318 942 eum
1337 903 1581 955 prohibebat,

114 972 156 1002 et
173 966 420 1005 maledicere.

167 1027 235 1064 62.
265 1028 384 1072 Quod
401 1036 531 1067 autem
557 1036 619 1067 est
634 1029 845 1067 maximum
877 1029 1063 1074 omnium,
1082 1036 1121 1065 et
1148 1039 1229 1065 11011
1252 1027 1480 1075 verbajam,
1510 1025 1581 1065 sed

114 1100 175 1125 res
193 1089 304 1139 ipsax
323 1089 424 1127 Cum
442 1103 517 1141 ego
533 1090 688 1134 vellem,
717 1090 821 1141 quod
840 1102 995 1140 aequum
1013 1097 1110 1133 erat,
1129 1098 1173 1126 111
1193 1089 1253 1126 bis
1273 1088 1428 1139 legatus
1446 1088 1581 1134 ieram,

112 1149 170 1188 sic
187 1150 248 1188 bis
274 1151 437 1190 reddere
459 1152 569 1190 vobis
587 1152 787 1197 rationem,
808 1151 1027 1196 AEscffines,
1054 1149 1185 1188 multis
1203 1151 1367 1187 testibus
1386 1149 1581 1195 adductis,

112 1211 165 1248 ad
182 1211 375 1250 rationum
394 1213 601 1263 magistros
627 1214 806 1257 accessit,
832 1226 972 1263 meque
992 1213 1121 1251 vocari
1139 1212 1179 1249 in
1201 1212 1426 1263 praetorium
1445 1212 1581 1258 vetuit,

111 1279 157 1310 ut
172 1272 239 1323 qni
251 1274 443 1312 rationem
460 1274 734 1320 reddidissem,
752 1287 824 1312 nec
844 1274 1033 1325 postulari
1050 1287 1217 1324 possem.
1231 1273 1304 1310 'Et
1322 1286 1384 1311 res
1401 1273 1476 1311 fuit
1493 1286 1582 1324 per-

111 1346 229 1384 quam
247 1333 423 1372 ridicula.
454 1335 555 1378 Quae
574 1337 692 1385 igitur
709 1336 780 1372 illa
796 1335 895 1372 fuit?
923 1335 1025 1373 Cum
1045 1335 1095 1372 de
1114 1335 1237 1385 priore
1255 1334 1449 1384 legatione
1463 1335 1581 1373 ratio-

110 1408 199 1433 nem
218 1395 453 1434 reddidisset
466 1409 585 1447 quarn
600 1408 717 1434 nemo
736 1397 961 1442 accusabat,
978 1396 1141 1434 nolebat
1156 1396 1289 1434 denuo
1306 1397 1347 1434 'm
1364 1397 1433 1447 jus
1450 1397 1582 1434 venire

111 1455 161 1494 de
178 1456 267 1502 hac,
282 1470 363 1508 qua
380 1470 485 1495 nunc
502 1469 591 1495 reus
611 1458 751 1508 agitur,
769 1458 810 1494 in
827 1470 905 1508 qua
923 1470 1059 1495 omnes
1077 1457 1229 1508 injuriae
1245 1457 1446 1495 inessent:
1475 1457 1581 1507 quod

111 1524 245 1556 autem
255 1531 332 1569 ego
344 1531 409 1557 me
421 1519 481 1556 bis
496 1518 695 1562 3131611310,
715 1531 767 1556 ex
778 1531 903 1569 eoque
921 1526 964 1556 et
974 1518 1048 1569 ipsi
1064 1519 1280 1556 necessitas
1295 1519 1579 1569 imponebatur,

111 1591 156 1617 se
169 1579 301 1617 denuo
314 1579 487 1618 sistendi.
515 1579 731 1630 Propterea
740 1580 848 1618 citari
861 1594 923 1618 me
934 1593 1012 1618 non
1026 1580 1192 1619 sinebat.
1223 1580 1270 1618 Id
1278 1588 1408 1618 autem
1417 1580 1581 1625 factum,

108 1640 381 1686 Athenienses,
400 1648 608 1691 utrumque
628 1641 737 1680 vobis
747 1641 923 1679 ostendit
936 1649 1083 1692 aperte,
1098 1649 1181 1678 tum
1195 1641 1313 1679 istum
1328 1641 1584 1693 semetipsum

108 1701 331 1747 damnasse,
346 1710 389 1741 ut
402 1703 484 1754 jam
498 1714 614 1740 nemo
623 1710 795 1741 vestrum
810 1716 899 1741 eum
914 1703 999 1740 sine
1015 1702 1213 1753 impietate
1222 1703 1351 1754 possit
1362 1702 1581 1746 absolvet&

109 1770 193 1801 tum
212 1763 308 1802 nihil
325 1764 377 1802 de
395 1778 457 1802 me
475 1763 556 1803 veri
569 1763 777 1817 dicturum.
806 1765 847 1802 Si
861 1765 965 1803 enim
981 1765 1199 1810 habuisset,
1217 1765 1270 1802 ibi
1288 1773 1331 1803 et
1354 1763 1521 1803 dicendo
1540 1772 1580 1803 et

108 1825 334 1863 accusando
344 1826 570 1877 protulisset
582 1841 595 1874 ;
622 1839 703 1864 non
721 1826 873 1865 medius
886 1826 1003 1864 fidius
1020 1826 1131 1863 citari
1143 1826 1345 1865 vetuisset.
1376 1825 1464 1864 Hoc
1479 1839 1504 1864 a
1517 1839 1581 1864 me

108 1898 199 1925 vere
215 1885 295 1925 dici
311 1894 357 1926 ut
367 1896 537 1935 constet,
552 1901 653 1926 voca
669 1887 763 1925 mihi
780 1887 896 1939 hujus
914 1888 969 1925 rei
988 1894 1122 1925 testes.

736 2018 951 2056 TESTES.

163 2103 228 2141 63.
258 2104 349 2141 Jam
369 2105 400 2142 si
418 2117 505 2154 quae
525 2105 564 2141 in
587 2117 649 2142 me
669 2104 844 2142 convicia
872 2112 981 2141 extra
1010 2103 1243 2154 legationem
1269 2102 1419 2149 dixerit,
1448 2103 1579 2141 multis

108 2165 328 2203 nominibus
358 2179 447 2203 eum
472 2165 605 2204 audire
632 2178 713 2203 non
742 2165 958 2209 debebitis;
988 2178 1067 2202 non
1097 2164 1199 2202 enim
1236 2177 1311 2215 ego
1345 2177 1432 2202 sum
1461 2164 1581 2202 hodie

108 2240 212 2272 16113,
241 2240 369 2278 neque
399 2227 583 2279 deinceps
612 2226 705 2264 mihi
724 2226 930 2278 quisquam
947 2226 1131 2264 infundet
1149 2239 1305 2277 aquam.
1335 2225 1441 2268 Quid
1460 2226 1581 2277 igitur

108 2289 216 2328 aliud
228 2289 296 2327 illa
309 2297 414 2334 sunt,
430 2302 546 2342 quam
559 2292 756 2338 justarum
773 2289 968 2327 rationum
979 2286 1133 2339 inopia?
1162 2286 1258 2330 Quis
1273 2287 1377 2324 enim
1393 2299 1581 2325 accusare

106 2351 216 2398 velit,
233 2350 328 2389 dum
355 2363 446 2389 reus
465 2351 604 2402 agitur,
629 2351 675 2397 si,
694 2363 772 2402 quo
792 2363 833 2388 se
853 2349 1096 2398 defenderet,
1114 2347 1306 2386 haberet?
1334 2347 1439 2386 Illud
1462 2348 1580 2386 etiam

108 2412 368 2459 considerate,
380 2412 550 2464 judices,
566 2412 599 2450 si
617 2424 693 2463 ego
710 2412 793 2463 ipse
812 2425 900 2450 reus
918 2423 1059 2456 essem,
1079 2417 1119 2448 et
1138 2409 1344 2448 AEschines
1363 2418 1579 2456 accusaret,

108 2473 312 2524 Philippus
330 2480 460 2512 autem
478 2481 584 2512 esset
596 2473 734 2522 judeX,
752 2480 870 2524 atque
890 2485 964 2523 ego
983 2484 1063 2509 non
1080 2483 1227 2522 negare
1240 2483 1398 2522 possem
1418 2483 1479 2508 me
1510 2470 1580 2509 de-

107 2536 285 2587 liquisse,
306 2535 378 2574 sed
395 2536 458 2574 isti
476 2535 749 2574 maledicerem
768 2543 808 2573 et
827 2547 917 2573 eum
936 2533 1135 2585 exagitare
1154 2532 1394 2571 instituerem
1411 2545 1420 2570 :
1449 2545 1579 2570 nonne

107 2597 254 2650 putatis
280 2597 381 2636 illud
398 2598 527 2649 ipsum
543 2611 647 2650 aegre
665 2597 835 2636 laturum
853 2596 1090 2648 Philippum,
1112 2595 1144 2634 si
1167 2594 1255 2646 quis
1274 2594 1380 2646 apud
1399 2607 1488 2632 eum
1511 2593 1582 2630 ho·

106 2659 279 2697 minibus
299 2657 350 2696 de
374 2657 458 2709 ipso
483 2659 730 2698 benemeritis
755 2656 1028 2696 malediceret?
1061 2656 1124 2695 Ne
1148 2655 1264 2707 igitur
1280 2668 1350 2693 vos
1370 2654 1581 2692 deteriores

108 2719 191 2758 sitis
217 2719 416 2771 Philippo,
435 2719 505 2758 sed
523 2719 575 2758 ad
593 2733 640 2759 ea
658 2719 891 2773 respondere
910 2732 1001 2758 eum
1020 2718 1165 2770 cogite,
1184 2729 1347 2769 quorum
1367 2722 1582 2754 accusatur.

107 2781 251 2831 Recita
264 2789 323 2819 tes
331 2780 545 2821 timonium.
