1923 3149
680 149 1095 189 ARGUMENTUM.
1571 149 1615 185 71

202 258 252 290 40.
279 254 322 289 In
341 265 403 290 eos
419 256 537 289 orator
552 254 732 288 invehitur
750 255 825 299 qui,
843 255 933 288 dum
950 251 1235 287 criminabantur
1265 250 1486 294 Diopithem,
1506 250 1621 294 prohi-

162 308 297 343 bebant
309 320 356 344 ne
377 310 492 344 victus
508 310 683 344 exercitui
697 308 1000 353 suppeditaretur,
1020 307 1210 352 ipsumque
1231 305 1413 349 jubebant
1431 317 1493 350 per
1510 306 1622 349 impc-

159 366 311 397 ratorem
330 367 367 397 ct
383 365 505 408 copias
524 374 704 398 revocare.

208 421 259 452 5⁰.
287 418 391 461 Ipsos
408 418 573 462 increpat
600 417 853 458 Athenienses,
872 417 935 460 qui
962 416 1071 449 alium
1102 415 1317 449 existimant
1343 414 1519 448 malorum
1547 424 1623 447 om-

160 471 262 505 nium
281 477 466 507 auctorem
484 484 526 506 ac
543 472 664 516 ipsum
680 471 899 515 Philippum,
913 473 950 505 et
965 470 1113 504 moleste
1126 470 1245 503 serunt
1261 468 1291 502 si
1306 469 1386 513 quis
1397 469 1499 502 illum
1516 468 1623 502 armis

159 529 402 563 coercendum
421 528 630 562 contendat.
682 528 752 560 Per
769 527 916 568 liguram
936 526 1022 559 alios
1040 526 1191 558 Graecos
1214 525 1405 568 loquentes
1422 523 1562 556 inducit.
1586 525 1623 555 et

165 583 452 618 Atheniensibus
468 583 634 616 inertiam
653 582 758 615 simul
774 585 811 615 et
827 582 1025 626 inquictcm
1040 581 1199 614 animum
1218 580 1490 624 exprobrantes.

206 641 258 671 6⁰.
288 639 496 682 Respondet
513 638 556 672 iis
574 638 635 682 qui
660 638 882 680 interrogant
904 635 1079 681 quidnam
1100 635 1282 679 agendum
1312 635 1368 675 sit,
1385 633 1626 668 Athenienses

163 693 296 727 debere
312 705 390 727 esse
409 704 598 737 persuasos
619 692 824 736 Philippum
843 701 968 735 pacem
986 691 1150 730 violasse,
1169 688 1399 724 civitati'suae
1417 688 1549 721 bellum
1572 688 1624 720 in-

162 747 266 787 ferre,
286 747 376 781 hanc
395 748 549 781 deletam
570 747 672 788 velle,
688 751 726 780 et
745 746 862 780 omnia
883 757 964 790 quae
981 745 1126 779 molitur
1141 748 1177 779 et
1192 749 1340 789 apparat
1357 755 1455 778 nunc
1469 744 1514 776 ad
1532 743 1624 776 hanc

161 803 442 846 oppuguandam
462 803 652 846 pertinere,
670 813 712 835 ac
733 802 886 846 proinde
904 801 980 833 istis
998 800 1251 844 deponendam
1273 811 1351 833 esse
1384 797 1623 844 perniciosam

163 857 361 891 socordiam
380 860 416 890 et
433 857 620 890 habendas
640 867 717 889 esse
735 858 877 900 paratas
895 866 1034 898 semper
1050 854 1223 898 legiones.

207 914 258 944 7⁰.
287 911 463 945 Hortatur
491 922 574 944 suos
594 910 693 944 cives
727 921 858 954 magna
888 920 971 943 cum
1001 909 1229 943 vehementia
1245 910 1287 942 ut
1304 909 1440 943 fortiter
1456 908 1626 942 resistant

162 965 342 1010 Philippo,
359 966 500 1000 etiamsi
518 977 581 1009 pro
599 968 699 999 certo
715 968 880 1000 tenerent
897 965 998 998 illum
1019 964 1056 998 in
1073 975 1110 998 se
1125 974 1198 1000 non
1218 965 1398 1009 impetum
1412 975 1490 998 esse
1509 963 1626 997 faetu-

162 1031 256 1062 rum,
274 1020 320 1053 ob
337 1021 498 1055 dedecus
517 1020 613 1064 quod
631 1030 678 1053 ex
695 1020 841 1063 ignavia
857 1019 1004 1052 orietur.

211 1078 260 1109 8⁰.
287 1075 461 1108 Nonnulli
484 1075 706 1119 jactitabant
724 1075 825 1119 pacis
851 1073 1054 1114 commoda,
1072 1073 1253 1107 exereitus
1282 1072 1402 1106 alendi
1430 1073 1626 1113 molestias,

162 1133 200 1163 ct
228 1129 463 1173 pecuniarum
494 1130 722 1172 publicarum
751 1129 972 1172 direptiones
987 1139 995 1163 :
1032 1128 1086 1161 his
1114 1129 1281 1162 omnihus
1310 1129 1465 1161 occurrit
1496 1130 1627 1168 orator,

163 1194 325 1227 moxque
341 1183 520 1227 expendit
539 1194 604 1217 cur
629 1183 818 1227 Philippus
843 1193 913 1216 non
937 1184 1078 1216 dicatur
1106 1183 1241 1216 bellum
1268 1183 1430 1216 excitare
1460 1183 1521 1226 qui
1550 1185 1626 1215 tam

163 1237 350 1271 manifeste
373 1238 506 1272 bellum
524 1237 628 1282 gerit,
645 1241 682 1271 et
699 1237 723 1270 ii
741 1238 910 1271 dicantur
927 1237 1092 1271 excitare
1105 1237 1169 1282 qui
1187 1239 1345 1271 clamant
1363 1237 1532 1281 Philippo
1549 1248 1628 1271 esse

162 1293 421 1332 resistendum
447 1293 554 1336 cujus
567 1294 622 1327 vis
639 1304 681 1326 eo
698 1292 855 1326 validius
874 1293 1117 1337 propulsanda
1134 1295 1190 1326 est
1202 1303 1276 1336 quo
1293 1293 1423 1325 certior
1439 1295 1476 1326 et
1485 1293 1628 1336 gravior

162 1346 202 1380 in
221 1347 404 1380 civitatem
423 1346 686 1381 Atheniensem
704 1347 905 1386 incumbet,
923 1358 1030 1391 quam
1048 1347 1108 1380 illc
1122 1347 1224 1391 cupit
1240 1348 1385 1391 penitus
1397 1348 1627 1381 exscindere.

209 1404 261 1434 9⁰.
288 1401 428 1434 Verum
453 1412 518 1434 cur
548 1401 736 1445 Philippus
768 1401 863 1434 idem
896 1402 1184 1436 Atheniensibus
1212 1401 1374 1441 insultat,
1401 1413 1513 1445 quum
1539 1403 1628 1436 alios

165 1456 291 1489 saltem
310 1455 572 1489 benefaciendo
588 1456 773 1500 deceperit
789 1457 801 1488 Τ
850 1455 948 1496 Quia
957 1467 1096 1499 ‚nempe
1113 1456 1150 1489 in
1162 1456 1238 1489 sola
1250 1456 1396 1490 civitate
1410 1456 1627 1490 Atheniensi

164 1520 310 1543 causam
329 1509 482 1542 hostium
497 1520 602 1553 agere
620 1510 767 1553 impunc
782 1510 889 1544 licet:
916 1510 1012 1554 quod
1033 1510 1203 1554 probatur
1220 1521 1285 1555 per
1301 1512 1483 1554 exempla.
1527 1511 1628 1545 Hinc

166 1564 192 1597 ii
211 1564 272 1608 qui
286 1575 349 1608 pro
367 1564 536 1608 Philippo
553 1565 752 1608 loquuntur
772 1564 902 1598 divites
926 1568 1010 1598 sunt
1027 1564 1113 1598 tacti
1128 1567 1165 1598 ct
1181 1564 1338 1599 illustres
1359 1566 1447 1599 dum
1464 1576 1484 1599 e
1500 1570 1628 1600 contra

165 1619 293 1652 civitas
306 1619 408 1663 inops
424 1623 478 1652 est
494 1624 530 1652 et
544 1620 707 1653 obscura.

213 1676 284 1707 10⁰.
310 1673 484 1707 Nonnulli
501 1673 671 1707 dicebant
682 1673 727 1707 de
745 1673 1005 1715 Demosthene,
1025 1674 1084 1708 alii
1099 1685 1182 1708 eum
1201 1686 1280 1708 0550
1296 1676 1438 1709 mollem
1467 1687 1508 1710 ac
1532 1677 1628 1709 timi-

166 1726 265 1767 dum,
282 1727 341 1760 alii
366 1728 474 1760 verba
501 1731 643 1761 tantum
674 1728 719 1760 ab
745 1728 824 1771 ipso
842 1730 1029 1771 proficisci.
1077 1730 1143 1762 1110
1161 1729 1324 1773 utrisque
1345 1731 1536 1774 respondet
1554 1742 1628 1764 ma-

166 1791 237 1824 gno
251 1780 388 1824 spiritu,
405 1784 442 1814 et
459 1793 520 1825 per
537 1783 747 1825 exemplum
765 1783 949 1816 Timothei
974 1784 1102 1827 probat
1133 1795 1189 1817 res
1219 1785 1347 1818 confici
1369 1786 1517 1818 tandem
1536 1787 1623 1820 dum

169 1837 371 1881 loquuntur
387 1840 544 1870 oratores
562 1839 598 1870 et
613 1837 800 1871 audientes
816 1841 940 1880 agunt.

213 1894 287 1926 110.
315 1890 513 1926 Concludit
541 1893 761 1936 exponendo
784 1892 872 1936 quid
909 1893 1091 1935 agendum
1124 1894 1170 1927 sit
1196 1893 1479 1929 Atheniensibus
1506 1898 1545 1928 ut
1573 1907 1630 1929 res

166 1957 335 1991 prospere
350 1947 548 1980 succedant
563 1961 572 1988 ;
599 1946 678 1981 sine
695 1959 766 1992 quo
785 1948 916 1981 frustra
929 1951 966 1982 et
982 1951 1102 1981 orator
1116 1949 1259 1982 locutus
1274 1948 1379 1982 fuerit
1395 1953 1433 1983 et
1449 1951 1631 1984 auditores

167 1999 298 2034 oratori
317 2001 571 2045 applausor-int.

215 2055 325 2089 Dicta
341 2060 396 2090 est
412 2056 490 2089 haec
504 2056 616 2091 oratio
631 2056 734 2090 tertio
745 2067 841 2090 anno
857 2056 1070 2101 olympiadis
1081 2067 1157 2099 elx,
1174 2058 1242 2092 sub
1257 2058 1428 2093 archonte
1440 2059 1625 2104 Sosigene.

660 2332 1130 2377 ARGUMENTUM

324 2455 394 2502 IN
433 2454 845 2505 ORATIONEM
882 2456 974 2506 DE
1010 2458 1458 2508 CHERSONESO

875 2590 920 2611 Ex

669 2673 1127 2718 TOURELLIQ

218 2788 432 2824 HABITA
441 2789 522 2835 fuit
538 2791 608 2826 haee
616 2794 743 2835 oratio,
757 2793 939 2831 Arc-home
950 2794 1133 2841 Sos-igme,
1151 2795 1283 2829 biennio
1298 2801 1375 2838 post
1393 2793 1629 2840 Philippicam

170 2846 366 2879 secundam.
393 2844 459 2879 Est
476 2857 598 2880 revera
619 2846 672 2880 nil
681 2847 789 2890 aliud,
805 2850 874 2883 nisi
886 2849 1040 2896 defensio
1053 2850 1245 2894 Diopitliis,
1262 2850 1321 2895 qui
1336 2848 1502 2883 coloniam
1518 2849 1631 2884 Athe-

173 2900 318 2935 niensem
340 2901 529 2936 deduxerat
546 2901 583 2936 in
597 2901 854 2947 Chersonesum,
869 2905 1086 2949 peninsulam
1107 2904 1282 2947 Thraciae,
1301 2912 1382 2939 tunc
1395 2904 1558 2949 temporis
1569 2904 1630 2939 sub
