1923 3149
539 169 593 205 [N
624 167 930 205 ONETOREM
967 166 1117 204 UNDE
1148 167 1203 203 VI
1235 167 1263 203 Ι.
1551 170 1628 206 505

170 270 445 309 calliditatibus
465 284 506 308 se
532 271 705 309 homines
731 270 923 321 simplices
952 270 1139 320 perhiberi
1171 270 1383 321 postulant,
1404 282 1524 320 eaque
1545 271 1626 321 opi—

171 332 283 369 nione
304 332 415 370 facile
435 345 502 370 vos
524 346 547 370 a
567 346 608 370 se
625 345 736 384 posse
752 332 878 382 decipi
895 338 1066 381 sperant,
1088 344 1173 368 cum
1196 345 1267 369 nec
1286 331 1451 368 minimis
1473 332 1509 367 in
1530 344 1625 369 con-

166 394 351 431 tractibus
371 407 456 432 esse
485 394 742 446 negligentes,
765 393 833 430 sed
851 399 995 443 quanta
1025 393 1191 430 maxima
1211 393 1290 430 fieri
1327 399 1454 443 potest
1484 393 1538 429 uti
1567 393 1625 430 di-

170 455 327 504 ligentia
347 456 511 494 soleant.
570 455 678 505 Cape
700 454 933 498 testimonia,
962 466 1091 492 coram
1120 453 1259 502 quibus
1286 453 1565 505 responderint,
1587 461 1625 491 et

169 516 287 554 recita
307 516 379 554 his.

717 625 1076 664 TESTIMONIA.

220 713 257 749 7.
288 713 404 764 Agite
419 725 521 758 vero,
542 712 714 758 Judices,
734 712 933 751 mulierem
950 712 1058 750 vobis
1073 712 1189 750 etiarn
1209 712 1427 757 ostendam,
1447 711 1624 749 simulare

166 772 384 819 divortium,
405 786 495 810 cum
514 785 649 811 revera
674 773 724 810 sit
750 773 904 824 Aphobi
931 772 1234 810 materfamilias.
1294 772 1479 809 Existimo
1508 772 1623 818 enim,

165 833 228 870 ubi
248 834 323 871 hoc
341 840 446 872 certo
465 834 736 886 cognoveritis,
753 847 821 872 vos
850 833 931 872 istis
951 840 990 871 et
1020 833 1058 870 in
1078 833 1228 871 caeteris
1248 833 1374 870 minus
1394 832 1622 877 credituros,

165 901 206 931 et
230 895 322 932 mihi
353 895 492 934 affecto
522 896 658 948 injuria
690 896 738 933 ad
764 896 829 947 jus
857 909 985 933 meum
1009 895 1263 933 obtinendum
1299 895 1379 932 fore
1413 894 1622 944 adjutores.

167 955 311 993 Partim
342 963 468 995 autern
497 964 618 996 testes
649 957 855 1004 adducam,
878 956 1016 1008 partim
1043 969 1186 1008 magna
1206 956 1318 1007 signa
1337 963 1377 994 et
1397 962 1623 1006 argumenta

165 1017 256 1055 satis
274 1017 383 1055 firma
402 1019 621 1058 ostendam.

220 1080 257 1116 8.
288 1079 389 1130 Ego,
424 1080 600 1127 Judiees,
633 1087 839 1132 postquam
870 1081 906 1118 in
940 1081 1067 1119 albuin
1099 1080 1274 1132 praetoris
1307 1080 1469 1118 relatum
1499 1079 1626 1116 suerat

164 1139 363 1178 mulierem
383 1141 519 1179 fecisse
545 1141 749 1180 divortium
770 1150 809 1180 et
829 1143 977 1181 Onetor
993 1143 1144 1181 dixerat
1163 1142 1232 1180 sibi
1253 1142 1442 1194 praedium
1464 1140 1558 1177 illud
1574 1140 1623 1177 ob

163 1199 295 1238 dotem
333 1202 630 1253 oppigneratum
668 1216 765 1248 esse,
799 1218 888 1241 curn
925 1204 1095 1241 viderem
1131 1205 1340 1254 Aphobum
1378 1202 1624 1241 nihilominus

161 1268 296 1300 tenere
315 1269 355 1300 et
374 1262 504 1301 colere
539 1276 674 1314 agrum
705 1270 744 1301 et
761 1264 1083 1302 consuetudinem
1113 1265 1343 1302 matrimonii
1373 1265 1516 1302 habere
1535 1276 1623 1301 cum

161 1322 332 1369 muliere,
353 1323 445 1361 satis
467 1324 648 1370 sciebam,
666 1326 781 1361 verba
800 1338 885 1362 esse
901 1323 967 1362 illa
979 1325 1028 1363 ad
1043 1338 1122 1363 rem
1142 1325 1376 1363 eludendam
1392 1325 1623 1374 excogitata.

163 1382 261 1425 Quae
290 1389 335 1421 ut
364 1384 472 1422 vobis
490 1384 670 1422 omnibus
702 1384 898 1423 evidenter
927 1386 1190 1432 ostenderem,
1227 1387 1423 1437 professus
1454 1400 1535 1424 sum
1563 1398 1625 1423 rne

163 1443 427 1482 convicturum
446 1458 531 1482 esse
551 1458 639 1483 eum
659 1459 789 1484 coram
808 1447 984 1492 testibus,
1007 1447 1037 1484 si
1063 1461 1109 1485 ea
1138 1448 1192 1485 ita
1219 1461 1259 1485 se
1287 1448 1430 1485 habere
1451 1455 1624 1498 negaret,
1646 1478 1648 1480 -

160 1510 200 1543 et
219 1518 372 1543 servum
391 1507 441 1544 ad
457 1507 692 1557 quaestiones
707 1508 830 1545 obtuli
848 1508 914 1558 qui
929 1507 1045 1558 plane
1065 1509 1212 1547 sciebat
1232 1510 1376 1554 omnia,
1390 1522 1505 1559 quem
1518 1509 1623 1559 quod

160 1567 327 1618 pecunia
345 1568 394 1605 ad
414 1568 516 1606 diem
538 1568 664 1607 solu-ta
685 1582 762 1607 non
782 1576 863 1607 erat
882 1582 929 1607 ex
951 1569 1110 1620 Aphobi
1129 1570 1274 1608 familia
1290 1583 1484 1621 ceperam.
1523 1570 1623 1614 Quae

161 1641 249 1665 cum
270 1642 346 1680 ego
364 1630 637 1681 postulassem,
659 1630 729 1669 iste
759 1630 991 1681 quaestiones
1006 1630 1054 1668 de
1076 1631 1214 1668 sororis
1234 1644 1322 1670 curn
1343 1631 1509 1682 Aphobo
1528 1644 1622 1669 con-

162 1690 368 1728 suetudine
383 1691 644 1730 detrectabat:
674 1691 782 1729 illum
802 1705 892 1730 vero
911 1692 1038 1730 colere
1060 1705 1210 1743 agrum,
1225 1693 1317 1744 quia
1337 1692 1543 1732 manifesta
1560 1706 1622 1730 res

161 1757 258 1795 erat,
271 1764 415 1803 negare
432 1765 509 1790 non
524 1759 692 1803 poterat,
713 1753 782 1790 sed
804 1753 1011 1792 fatebatur.

211 1812 251 1848 9.
282 1812 421 1862 Neque
444 1827 535 1851 vero
558 1827 607 1852 ex
634 1813 694 1851 his
718 1814 843 1852 solum
869 1816 1030 1866 cognitu
1052 1815 1276 1854 facillimum
1297 1821 1390 1861 erat,
1411 1828 1498 1853 eum
1524 1822 1564 1853 et
1583 1815 1621 1853 in

159 1872 401 1911 matrimonio
420 1873 565 1913 habere
595 1875 792 1913 mulierem
819 1884 859 1914 et
883 1876 1073 1928 praedium
1093 1877 1315 1929 possedisse
1336 1877 1464 1915 adhuc
1495 1877 1621 1928 prius-

158 1934 473 1985 quamjudicium
487 1936 634 1974 factum
647 1943 764 1983 esset,
780 1938 848 1975 sed
862 1951 909 1975 ex
925 1939 969 1975 iis
985 1939 1117 1987 etiam,
1132 1938 1401 1989 quaejudicum
1421 1938 1623 1976 sententiis

159 1996 367 2034 damnatus
385 1997 488 2034 fecit.
544 1999 745 2050 Tanquam
766 1999 868 2038 enim
888 2013 966 2038 non
994 2000 1044 2038 ob
1073 2000 1204 2038 dotem
1226 2000 1533 2051 oppignerasset,
1552 2000 1621 2038 sed

154 2063 344 2107 tanquam
371 2070 418 2094 ex
440 2057 617 2107 judicato
646 2072 732 2096 mea
766 2060 896 2097 futura
923 2068 1066 2104 essent,
1098 2060 1143 2097 iis
1176 2060 1301 2098 efferri
1315 2069 1413 2111 *quae
1442 2067 1622 2112 poterant

157 2118 337 2169 abreptis,
362 2118 474 2169 abiit,
492 2124 536 2156 ut
568 2119 758 2170 frugibus,
779 2126 823 2157 ut
853 2120 1106 2159 instrumento
1134 2121 1239 2158 omni
1270 2122 1429 2166 rustico,
1450 2123 1620 2173 exceptis

159 2180 333 2218 doliolis:
366 2180 470 2233 quod
489 2193 580 2218 vero
609 2180 749 2219 auferri
775 2193 852 2219 non
873 2181 1012 2233 potuit,
1034 2188 1188 2226 terram,
1208 2182 1428 2221 necessario
1449 2182 1619 2235 reliquit,

157 2249 200 2279 ut
232 2241 293 2280 isti
324 2255 426 2280 nunc
455 2242 503 2280 de
535 2243 620 2295 ipso
655 2242 778 2281 fundo
808 2242 1112 2281 controversiam
1140 2243 1268 2281 facere
1288 2243 1416 2281 liceat.
1475 2246 1533 2282 At
1551 2244 1619 2295 qui

157 2304 339 2342 convenit
358 2304 472 2341 istum
499 2304 639 2349 dicere,
668 2304 856 2355 praedium
884 2304 955 2342 sibi
987 2304 1295 2356 oppigneratum,
1324 2317 1412 2343 cum
1443 2318 1531 2343 eum
1551 2306 1617 2356 qui

157 2365 434 2416 oppignerasse
449 2365 589 2403 dicitur
605 2365 709 2403 idem
725 2365 851 2403 colere
864 2364 1078 2410 videamus,
1093 2372 1209 2416 atque
1229 2378 1395 2404 asserere
1411 2366 1616 2403 divortium

157 2438 324 2464 sororem
337 2426 492 2472 fecisse,
506 2439 595 2465 cum
611 2440 657 2466 ea
671 2428 756 2478 ipsa
771 2427 820 2464 de
835 2440 875 2465 re
894 2427 1131 2478 quaestiones
1146 2427 1274 2478 palam
1290 2427 1463 2478 fugitarit
1477 2440 1485 2464 :
1499 2434 1615 2478 atque

157 2500 245 2525 eum
264 2487 332 2538 qui
353 2500 525 2534 uxorem,
538 2495 581 2526 ut
596 2488 666 2527 iste
687 2488 835 2534 asserit,
857 2488 1014 2535 dimisit,
1035 2495 1074 2527 et
1091 2488 1224 2539 fruges
1244 2496 1282 2526 et
1302 2481 1486 2527 rusticum
1502 2501 1612 2525 omne

154 2549 454 2588 instrumentum
486 2550 681 2595 extulisse,
707 2563 796 2589 cum
826 2551 897 2589 iste
927 2551 1011 2602 ejus
1037 2563 1126 2601 quae
1158 2563 1181 2588 a
1207 2549 1343 2589 marito
1376 2549 1612 2594 discessisse,

156 2613 263 2659 cujus
292 2610 446 2650 nomine
465 2611 654 2662 praedium
674 2612 970 2663 oppigneratum
995 2623 1080 2649 esse
1099 2610 1248 2657 dicitur,
1269 2617 1457 2662 patronus
1475 2615 1515 2647 et
1543 2609 1613 2647 de-

155 2673 299 2718 fensor,
325 2671 419 2710 nihil
445 2672 584 2710 horum
612 2673 781 2711 omnium
814 2673 946 2724 iniquo
966 2671 1094 2711 animo
1120 2672 1250 2710 tulerit
1276 2672 1345 2709 sed
1364 2670 1611 2721 acquieverit.

158 2733 299 2772 Nonne
318 2734 403 2772 haec
423 2733 711 2772 evidentissima
730 2734 850 2773 sunt?
879 2747 956 2773 non
967 2734 1053 2772 haec
1067 2733 1270 2772 manifesta
1287 2731 1448 2770 collusio
1464 2731 1478 2768 ?
1513 2731 1611 2774 Quis

158 2802 288 2846 neget,
310 2795 380 2834 nisi
398 2796 464 2847 qui
484 2810 562 2835 non
582 2795 786 2847 diligenter
804 2797 934 2835 omnia
953 2796 1149 2848 reputarit.
1209 2795 1264 2832 Ac
1283 2807 1370 2832 eum
1390 2793 1611 2832 confessum

158 2869 243 2895 esse
263 2857 427 2897 coluisse
448 2858 653 2910 Aphobum
670 2858 856 2911 praedium
876 2859 972 2897 illud
991 2858 1214 2911 priusquam
1233 2856 1272 2895 in
1286 2858 1349 2908 jus
1370 2869 1392 2894 a
1418 2870 1477 2894 me
1497 2869 1609 2894 voca-2

852 2923 873 2957 3
899 2933 921 2956 Τ
