<?xml version="1.0" encoding="UTF-8"?>
<!DOCTYPE html PUBLIC "-//W3C//DTD XHTML 1.0 Transitional//EN"
    "http://www.w3.org/TR/xhtml1/DTD/xhtml1-transitional.dtd">
<html xmlns="http://www.w3.org/1999/xhtml" xml:lang="en" lang="en">
 <head>
  <title>
</title>
<meta http-equiv="Content-Type" content="text/html;charset=utf-8" />
  <meta name='ocr-system' content='tesseract 3.04.00' />
  <meta name='ocr-capabilities' content='ocr_page ocr_carea ocr_par ocr_line ocrx_word'/>
</head>
<body>
  <div class='ocr_page' id='page_1' title='image "./oratoresatticie15dobs_0087.png"; bbox 0 0 1923 3149; ppageno 0'>
   <div class='ocr_carea' id='block_1_1' title="bbox 449 334 1331 522">
    <p class='ocr_par' dir='ltr' id='par_1_1' title="bbox 449 334 1331 522">
     <span class='ocr_line' id='line_1_1' title="bbox 602 334 1184 394; baseline -0.014 1"><span class='ocrx_word' id='word_1_1' title='bbox 602 334 1184 394; x_wconf 85' lang='lat' dir='ltr'>DEMOSTHENIS</span> 
     </span>
     <span class='ocr_line' id='line_1_2' title="bbox 449 466 1331 522; baseline -0.01 0"><span class='ocrx_word' id='word_1_2' title='bbox 449 472 705 522; x_wconf 89' lang='lat' dir='ltr'><strong>ORATIO</strong></span> <span class='ocrx_word' id='word_1_3' title='bbox 742 471 832 519; x_wconf 90' lang='lat' dir='ltr'>DE</span> <span class='ocrx_word' id='word_1_4' title='bbox 868 466 1331 518; x_wconf 79' lang='lat' dir='ltr'><strong>CHERSONESO.</strong></span> 
     </span>
    </p>
   </div>
   <div class='ocr_carea' id='block_1_2' title="bbox 143 597 1624 2925">
    <p class='ocr_par' dir='ltr' id='par_1_2' title="bbox 148 597 1624 1875">
     <span class='ocr_line' id='line_1_3' title="bbox 218 597 1621 651; baseline -0.005 -8"><span class='ocrx_word' id='word_1_5' title='bbox 218 606 251 642; x_wconf 91' lang='lat'>1.</span> <span class='ocrx_word' id='word_1_6' title='bbox 283 605 455 647; x_wconf 81' lang='lat' dir='ltr'><strong><em>JEQUUM</em></strong></span> <span class='ocrx_word' id='word_1_7' title='bbox 469 612 583 651; x_wconf 84' lang='lat' dir='ltr'>esset,</span> <span class='ocrx_word' id='word_1_8' title='bbox 597 604 869 649; x_wconf 85' lang='lat' dir='ltr'>Athenienses,</span> <span class='ocrx_word' id='word_1_9' title='bbox 883 608 1053 641; x_wconf 82' lang='lat' dir='ltr'>oratores</span> <span class='ocrx_word' id='word_1_10' title='bbox 1069 607 1216 639; x_wconf 87' lang='lat' dir='ltr'>vestros</span> <span class='ocrx_word' id='word_1_11' title='bbox 1229 611 1511 650; x_wconf 88' lang='lat' dir='ltr'>omnes,neque</span> <span class='ocrx_word' id='word_1_12' title='bbox 1530 597 1621 637; x_wconf 89' lang='lat' dir='ltr'>odio</span> 
     </span>
     <span class='ocr_line' id='line_1_4' title="bbox 159 660 1624 718; baseline -0.004 -14"><span class='ocrx_word' id='word_1_13' title='bbox 159 667 359 718; x_wconf 88' lang='lat' dir='ltr'>impulsos,</span> <span class='ocrx_word' id='word_1_14' title='bbox 375 681 498 718; x_wconf 87' lang='lat' dir='ltr'>neque</span> <span class='ocrx_word' id='word_1_15' title='bbox 513 667 561 705; x_wconf 84' lang='lat' dir='ltr'>ad</span> <span class='ocrx_word' id='word_1_16' title='bbox 575 666 736 717; x_wconf 81' lang='lat' dir='ltr'>gratiam</span> <span class='ocrx_word' id='word_1_17' title='bbox 757 668 968 716; x_wconf 52' lang='lat' dir='ltr'>cujusquam</span> <span class='ocrx_word' id='word_1_18' title='bbox 983 665 1140 702; x_wconf 89' lang='lat' dir='ltr'>verbum</span> <span class='ocrx_word' id='word_1_19' title='bbox 1156 663 1278 700; x_wconf 89' lang='lat' dir='ltr'>ullum</span> <span class='ocrx_word' id='word_1_20' title='bbox 1293 662 1411 714; x_wconf 89' lang='lat' dir='ltr'>loqui,</span> <span class='ocrx_word' id='word_1_21' title='bbox 1431 661 1497 699; x_wconf 88' lang='lat' dir='ltr'>sed</span> <span class='ocrx_word' id='word_1_22' title='bbox 1517 660 1624 712; x_wconf 90' lang='lat' dir='ltr'>quod</span> 
     </span>
     <span class='ocr_line' id='line_1_5' title="bbox 157 722 1622 780; baseline -0.005 -14"><span class='ocrx_word' id='word_1_23' title='bbox 157 729 322 780; x_wconf 90' lang='lat' dir='ltr'>quisque</span> <span class='ocrx_word' id='word_1_24' title='bbox 342 729 527 780; x_wconf 88' lang='lat' dir='ltr'>optimum</span> <span class='ocrx_word' id='word_1_25' title='bbox 556 728 727 773; x_wconf 86' lang='lat' dir='ltr'>duceret,</span> <span class='ocrx_word' id='word_1_26' title='bbox 756 727 794 765; x_wconf 84' lang='lat' dir='ltr'>id</span> <span class='ocrx_word' id='word_1_27' title='bbox 813 727 997 779; x_wconf 85' lang='lat' dir='ltr'>proferre,</span> <span class='ocrx_word' id='word_1_28' title='bbox 1018 726 1126 764; x_wconf 91' lang='lat' dir='ltr'>vobis</span> <span class='ocrx_word' id='word_1_29' title='bbox 1149 724 1359 777; x_wconf 81' lang='lat' dir='ltr'>praesertim</span> <span class='ocrx_word' id='word_1_30' title='bbox 1390 724 1438 762; x_wconf 88' lang='lat' dir='ltr'>de</span> <span class='ocrx_word' id='word_1_31' title='bbox 1458 722 1622 774; x_wconf 84' lang='lat' dir='ltr'>publicis</span> 
     </span>
     <span class='ocr_line' id='line_1_6' title="bbox 156 785 1621 842; baseline -0.003 -15"><span class='ocrx_word' id='word_1_32' title='bbox 156 791 385 842; x_wconf 84' lang='lat' dir='ltr'>magnisque</span> <span class='ocrx_word' id='word_1_33' title='bbox 400 791 565 842; x_wconf 83' lang='lat' dir='ltr'>negotiis</span> <span class='ocrx_word' id='word_1_34' title='bbox 586 789 888 828; x_wconf 80' lang='lat' dir='ltr'>deliberantibus</span> <span class='ocrx_word' id='word_1_35' title='bbox 905 803 914 826; x_wconf 74' lang='grc' dir='ltr'>ε</span> <span class='ocrx_word' id='word_1_36' title='bbox 945 789 1015 827; x_wconf 92' lang='lat' dir='ltr'>sed</span> <span class='ocrx_word' id='word_1_37' title='bbox 1034 789 1124 839; x_wconf 90' lang='lat' dir='ltr'>quia</span> <span class='ocrx_word' id='word_1_38' title='bbox 1144 786 1333 833; x_wconf 85' lang='lat' dir='ltr'>nonnulli,</span> <span class='ocrx_word' id='word_1_39' title='bbox 1354 786 1447 824; x_wconf 90' lang='lat' dir='ltr'>alias</span> <span class='ocrx_word' id='word_1_40' title='bbox 1461 785 1621 823; x_wconf 86' lang='lat' dir='ltr'>aemula-</span> 
     </span>
     <span class='ocr_line' id='line_1_7' title="bbox 156 847 1621 904; baseline -0.004 -14"><span class='ocrx_word' id='word_1_41' title='bbox 156 852 276 898; x_wconf 85' lang='lat' dir='ltr'>tione,</span> <span class='ocrx_word' id='word_1_42' title='bbox 296 853 390 890; x_wconf 85' lang='lat' dir='ltr'>alias</span> <span class='ocrx_word' id='word_1_43' title='bbox 419 865 652 904; x_wconf 87' lang='lat' dir='ltr'>quacunque</span> <span class='ocrx_word' id='word_1_44' title='bbox 672 852 721 889; x_wconf 90' lang='lat' dir='ltr'>de</span> <span class='ocrx_word' id='word_1_45' title='bbox 752 864 872 889; x_wconf 86' lang='lat' dir='ltr'>causa</span> <span class='ocrx_word' id='word_1_46' title='bbox 897 851 947 889; x_wconf 87' lang='lat' dir='ltr'>ad</span> <span class='ocrx_word' id='word_1_47' title='bbox 978 850 1187 889; x_wconf 86' lang='lat' dir='ltr'>dicendum</span> <span class='ocrx_word' id='word_1_48' title='bbox 1207 848 1469 900; x_wconf 87' lang='lat' dir='ltr'>impelluntur,</span> <span class='ocrx_word' id='word_1_49' title='bbox 1489 847 1621 893; x_wconf 88' lang='lat' dir='ltr'>vestri,</span> 
     </span>
     <span class='ocr_line' id='line_1_8' title="bbox 157 909 1623 960; baseline -0.003 -10"><span class='ocrx_word' id='word_1_50' title='bbox 157 912 430 960; x_wconf 75' lang='lat' dir='ltr'>Athenienses,</span> <span class='ocrx_word' id='word_1_51' title='bbox 450 914 566 952; x_wconf 88' lang='lat' dir='ltr'>officii</span> <span class='ocrx_word' id='word_1_52' title='bbox 588 920 661 960; x_wconf 86' lang='lat' dir='ltr'>est,</span> <span class='ocrx_word' id='word_1_53' title='bbox 686 919 729 951; x_wconf 85' lang='lat' dir='ltr'>ut</span> <span class='ocrx_word' id='word_1_54' title='bbox 757 913 839 951; x_wconf 86' lang='lat' dir='ltr'>aliis</span> <span class='ocrx_word' id='word_1_55' title='bbox 860 914 973 951; x_wconf 90' lang='lat' dir='ltr'>rebus</span> <span class='ocrx_word' id='word_1_56' title='bbox 994 912 1172 950; x_wconf 89' lang='lat' dir='ltr'>omnibus</span> <span class='ocrx_word' id='word_1_57' title='bbox 1193 910 1360 956; x_wconf 89' lang='lat' dir='ltr'>omissis,</span> <span class='ocrx_word' id='word_1_58' title='bbox 1386 923 1472 960; x_wconf 79' lang='lat' dir='ltr'>quae</span> <span class='ocrx_word' id='word_1_59' title='bbox 1492 909 1623 947; x_wconf 89' lang='lat' dir='ltr'>futura</span> 
     </span>
     <span class='ocr_line' id='line_1_9' title="bbox 156 970 1624 1027; baseline -0.004 -14"><span class='ocrx_word' id='word_1_60' title='bbox 156 987 242 1013; x_wconf 87' lang='lat' dir='ltr'>esse</span> <span class='ocrx_word' id='word_1_61' title='bbox 254 976 397 1027; x_wconf 86' lang='lat' dir='ltr'>putatis</span> <span class='ocrx_word' id='word_1_62' title='bbox 409 990 429 1012; x_wconf 91' lang='lat' dir='ltr'>e</span> <span class='ocrx_word' id='word_1_63' title='bbox 445 975 650 1027; x_wconf 79' lang='lat' dir='ltr'>republica,</span> <span class='ocrx_word' id='word_1_64' title='bbox 670 988 717 1013; x_wconf 88' lang='lat' dir='ltr'>ea</span> <span class='ocrx_word' id='word_1_65' title='bbox 730 982 769 1012; x_wconf 89' lang='lat' dir='ltr'>et</span> <span class='ocrx_word' id='word_1_66' title='bbox 783 974 1000 1013; x_wconf 81' lang='lat' dir='ltr'>decernatis</span> <span class='ocrx_word' id='word_1_67' title='bbox 1021 981 1063 1012; x_wconf 90' lang='lat' dir='ltr'>et</span> <span class='ocrx_word' id='word_1_68' title='bbox 1075 971 1352 1024; x_wconf 81' lang='lat' dir='ltr'>exsequamini.</span> <span class='ocrx_word' id='word_1_69' title='bbox 1385 971 1488 1010; x_wconf 89' lang='lat' dir='ltr'>Cura</span> <span class='ocrx_word' id='word_1_70' title='bbox 1507 970 1624 1022; x_wconf 87' lang='lat' dir='ltr'>igitur</span> 
     </span>
     <span class='ocr_line' id='line_1_10' title="bbox 150 1033 1624 1087; baseline -0.003 -14"><span class='ocrx_word' id='word_1_71' title='bbox 150 1049 312 1085; x_wconf 77' lang='lat' dir='ltr'>proescns</span> <span class='ocrx_word' id='word_1_72' title='bbox 332 1050 391 1075; x_wconf 86' lang='lat' dir='ltr'>res</span> <span class='ocrx_word' id='word_1_73' title='bbox 413 1037 451 1074; x_wconf 86' lang='lat' dir='ltr'>in</span> <span class='ocrx_word' id='word_1_74' title='bbox 471 1037 714 1075; x_wconf 84' lang='lat' dir='ltr'>Chersoneso</span> <span class='ocrx_word' id='word_1_75' title='bbox 732 1042 860 1087; x_wconf 82' lang='lat' dir='ltr'>gestas</span> <span class='ocrx_word' id='word_1_76' title='bbox 881 1041 1031 1087; x_wconf 84' lang='lat' dir='ltr'>spectat</span> <span class='ocrx_word' id='word_1_77' title='bbox 1050 1042 1089 1073; x_wconf 88' lang='lat' dir='ltr'>et</span> <span class='ocrx_word' id='word_1_78' title='bbox 1106 1033 1393 1086; x_wconf 83' lang='lat' dir='ltr'>expeditionem</span> <span class='ocrx_word' id='word_1_79' title='bbox 1411 1033 1529 1079; x_wconf 84' lang='lat' dir='ltr'>illam,</span> <span class='ocrx_word' id='word_1_80' title='bbox 1545 1045 1624 1083; x_wconf 89' lang='lat' dir='ltr'>qua</span> 
     </span>
     <span class='ocr_line' id='line_1_11' title="bbox 155 1097 1621 1149; baseline -0.001 -15"><span class='ocrx_word' id='word_1_81' title='bbox 155 1097 359 1149; x_wconf 87' lang='lat' dir='ltr'>Philippus</span> <span class='ocrx_word' id='word_1_82' title='bbox 381 1104 562 1149; x_wconf 90' lang='lat' dir='ltr'>suscepta</span> <span class='ocrx_word' id='word_1_83' title='bbox 581 1098 831 1136; x_wconf 87' lang='lat' dir='ltr'>undecimum</span> <span class='ocrx_word' id='word_1_84' title='bbox 853 1097 934 1149; x_wconf 89' lang='lat' dir='ltr'>jam</span> <span class='ocrx_word' id='word_1_85' title='bbox 965 1097 1004 1134; x_wconf 91' lang='lat' dir='ltr'>in</span> <span class='ocrx_word' id='word_1_86' title='bbox 1032 1097 1196 1135; x_wconf 87' lang='lat' dir='ltr'>Thracia</span> <span class='ocrx_word' id='word_1_87' title='bbox 1223 1109 1394 1134; x_wconf 85' lang='lat' dir='ltr'>mensem</span> <span class='ocrx_word' id='word_1_88' title='bbox 1422 1101 1621 1133; x_wconf 87' lang='lat' dir='ltr'>versatur:</span> 
     </span>
     <span class='ocr_line' id='line_1_12' title="bbox 156 1155 1623 1210; baseline -0.002 -13"><span class='ocrx_word' id='word_1_89' title='bbox 156 1159 348 1197; x_wconf 88' lang='lat' dir='ltr'>orationes</span> <span class='ocrx_word' id='word_1_90' title='bbox 376 1166 504 1197; x_wconf 88' lang='lat' dir='ltr'>autem</span> <span class='ocrx_word' id='word_1_91' title='bbox 524 1158 719 1210; x_wconf 76' lang='lat' dir='ltr'>pleraeque</span> <span class='ocrx_word' id='word_1_92' title='bbox 740 1158 789 1196; x_wconf 89' lang='lat' dir='ltr'>de</span> <span class='ocrx_word' id='word_1_93' title='bbox 809 1160 923 1197; x_wconf 87' lang='lat' dir='ltr'>rebus</span> <span class='ocrx_word' id='word_1_94' title='bbox 944 1159 1149 1205; x_wconf 88' lang='lat' dir='ltr'>habentur,</span> <span class='ocrx_word' id='word_1_95' title='bbox 1175 1171 1270 1209; x_wconf 88' lang='lat' dir='ltr'>quas</span> <span class='ocrx_word' id='word_1_96' title='bbox 1291 1155 1495 1208; x_wconf 84' lang='lat' dir='ltr'>Diopithes</span> <span class='ocrx_word' id='word_1_97' title='bbox 1520 1157 1623 1207; x_wconf 84' lang='lat' dir='ltr'>gerit</span> 
     </span>
     <span class='ocr_line' id='line_1_13' title="bbox 155 1218 1621 1271; baseline 0 -14"><span class='ocrx_word' id='word_1_98' title='bbox 155 1226 195 1258; x_wconf 90' lang='lat' dir='ltr'>et</span> <span class='ocrx_word' id='word_1_99' title='bbox 215 1219 386 1258; x_wconf 81' lang='lat' dir='ltr'>facturus</span> <span class='ocrx_word' id='word_1_100' title='bbox 408 1227 479 1258; x_wconf 87' lang='lat' dir='ltr'>est.</span> <span class='ocrx_word' id='word_1_101' title='bbox 511 1219 594 1271; x_wconf 83' lang='lat' dir='ltr'>Ego</span> <span class='ocrx_word' id='word_1_102' title='bbox 614 1231 705 1258; x_wconf 86' lang='lat' dir='ltr'>vero</span> <span class='ocrx_word' id='word_1_103' title='bbox 726 1220 773 1258; x_wconf 92' lang='lat' dir='ltr'>de</span> <span class='ocrx_word' id='word_1_104' title='bbox 794 1220 838 1258; x_wconf 91' lang='lat' dir='ltr'>iis</span> <span class='ocrx_word' id='word_1_105' title='bbox 854 1220 1075 1267; x_wconf 78' lang='lat' dir='ltr'>criminibus,</span> <span class='ocrx_word' id='word_1_106' title='bbox 1096 1232 1257 1270; x_wconf 88' lang='lat' dir='ltr'>quorum</span> <span class='ocrx_word' id='word_1_107' title='bbox 1279 1219 1404 1269; x_wconf 88' lang='lat' dir='ltr'>quivis</span> <span class='ocrx_word' id='word_1_108' title='bbox 1424 1218 1621 1257; x_wconf 87' lang='lat' dir='ltr'>insimulat</span> 
     </span>
     <span class='ocr_line' id='line_1_14' title="bbox 154 1281 1620 1333; baseline -0.001 -14"><span class='ocrx_word' id='word_1_109' title='bbox 154 1282 319 1333; x_wconf 85' lang='lat' dir='ltr'>aliquem</span> <span class='ocrx_word' id='word_1_110' title='bbox 354 1295 498 1329; x_wconf 87' lang='lat' dir='ltr'>eorum,</span> <span class='ocrx_word' id='word_1_111' title='bbox 520 1296 618 1333; x_wconf 90' lang='lat' dir='ltr'>quos</span> <span class='ocrx_word' id='word_1_112' title='bbox 637 1296 758 1333; x_wconf 88' lang='lat' dir='ltr'>penes</span> <span class='ocrx_word' id='word_1_113' title='bbox 779 1296 848 1321; x_wconf 91' lang='lat' dir='ltr'>vos</span> <span class='ocrx_word' id='word_1_114' title='bbox 870 1290 930 1321; x_wconf 85' lang='lat' dir='ltr'>est</span> <span class='ocrx_word' id='word_1_115' title='bbox 949 1296 995 1320; x_wconf 82' lang='lat' dir='ltr'>ex</span> <span class='ocrx_word' id='word_1_116' title='bbox 1015 1283 1183 1333; x_wconf 81' lang='lat' dir='ltr'>legibus,</span> <span class='ocrx_word' id='word_1_117' title='bbox 1212 1281 1526 1333; x_wconf 82' lang='lat' dir='ltr'>quandocunque</span> <span class='ocrx_word' id='word_1_118' title='bbox 1551 1294 1620 1319; x_wconf 89' lang='lat' dir='ltr'>vo-</span> 
     </span>
     <span class='ocr_line' id='line_1_15' title="bbox 151 1341 1621 1395; baseline 0 -15"><span class='ocrx_word' id='word_1_119' title='bbox 151 1343 253 1389; x_wconf 88' lang='lat' dir='ltr'>letis,</span> <span class='ocrx_word' id='word_1_120' title='bbox 272 1344 420 1395; x_wconf 89' lang='lat' dir='ltr'>punire,</span> <span class='ocrx_word' id='word_1_121' title='bbox 441 1343 607 1395; x_wconf 87' lang='lat' dir='ltr'>sivejam</span> <span class='ocrx_word' id='word_1_122' title='bbox 627 1343 733 1382; x_wconf 89' lang='lat' dir='ltr'>vobis</span> <span class='ocrx_word' id='word_1_123' title='bbox 753 1343 876 1382; x_wconf 85' lang='lat' dir='ltr'>visum</span> <span class='ocrx_word' id='word_1_124' title='bbox 894 1343 956 1389; x_wconf 88' lang='lat' dir='ltr'>sit,</span> <span class='ocrx_word' id='word_1_125' title='bbox 976 1344 1054 1382; x_wconf 88' lang='lat' dir='ltr'>sive</span> <span class='ocrx_word' id='word_1_126' title='bbox 1069 1343 1264 1395; x_wconf 82' lang='lat' dir='ltr'>paulisper</span> <span class='ocrx_word' id='word_1_127' title='bbox 1280 1342 1555 1387; x_wconf 86' lang='lat' dir='ltr'>inhibentibus,</span> <span class='ocrx_word' id='word_1_128' title='bbox 1571 1341 1621 1380; x_wconf 90' lang='lat' dir='ltr'>de</span> 
     </span>
     <span class='ocr_line' id='line_1_16' title="bbox 151 1403 1618 1454; baseline -0.001 -13"><span class='ocrx_word' id='word_1_129' title='bbox 151 1403 273 1451; x_wconf 89' lang='lat' dir='ltr'>hisce,</span> <span class='ocrx_word' id='word_1_130' title='bbox 293 1405 447 1454; x_wconf 75' lang='lat' dir='ltr'>inquam,</span> <span class='ocrx_word' id='word_1_131' title='bbox 476 1411 521 1443; x_wconf 91' lang='lat' dir='ltr'>ut</span> <span class='ocrx_word' id='word_1_132' title='bbox 540 1404 764 1443; x_wconf 79' lang='lat' dir='ltr'>deliberatio</span> <span class='ocrx_word' id='word_1_133' title='bbox 784 1405 863 1451; x_wconf 89' lang='lat' dir='ltr'>fiat,</span> <span class='ocrx_word' id='word_1_134' title='bbox 884 1405 999 1443; x_wconf 87' lang='lat' dir='ltr'>licere</span> <span class='ocrx_word' id='word_1_135' title='bbox 1020 1404 1198 1449; x_wconf 63' lang='lat' dir='ltr'>arbitron</span> <span class='ocrx_word' id='word_1_136' title='bbox 1229 1417 1355 1454; x_wconf 89' lang='lat' dir='ltr'>neque</span> <span class='ocrx_word' id='word_1_137' title='bbox 1376 1415 1462 1441; x_wconf 87' lang='lat' dir='ltr'>esse</span> <span class='ocrx_word' id='word_1_138' title='bbox 1483 1415 1618 1441; x_wconf 90' lang='lat' dir='ltr'>neces-</span> 
     </span>
     <span class='ocr_line' id='line_1_17' title="bbox 154 1464 1619 1519; baseline -0.002 -15"><span class='ocrx_word' id='word_1_139' title='bbox 154 1467 308 1513; x_wconf 88' lang='lat' dir='ltr'>sarium,</span> <span class='ocrx_word' id='word_1_140' title='bbox 328 1474 370 1505; x_wconf 90' lang='lat' dir='ltr'>ut</span> <span class='ocrx_word' id='word_1_141' title='bbox 390 1467 449 1505; x_wconf 90' lang='lat' dir='ltr'>vel</span> <span class='ocrx_word' id='word_1_142' title='bbox 470 1480 543 1519; x_wconf 80' lang='lat' dir='ltr'>ego</span> <span class='ocrx_word' id='word_1_143' title='bbox 563 1467 624 1505; x_wconf 90' lang='lat' dir='ltr'>vel</span> <span class='ocrx_word' id='word_1_144' title='bbox 645 1467 850 1518; x_wconf 87' lang='lat' dir='ltr'>quisquam</span> <span class='ocrx_word' id='word_1_145' title='bbox 870 1466 967 1504; x_wconf 90' lang='lat' dir='ltr'>alius</span> <span class='ocrx_word' id='word_1_146' title='bbox 989 1479 1035 1504; x_wconf 87' lang='lat' dir='ltr'>ea</span> <span class='ocrx_word' id='word_1_147' title='bbox 1054 1466 1100 1504; x_wconf 92' lang='lat' dir='ltr'>de</span> <span class='ocrx_word' id='word_1_148' title='bbox 1119 1479 1159 1504; x_wconf 90' lang='lat' dir='ltr'>re</span> <span class='ocrx_word' id='word_1_149' title='bbox 1179 1465 1467 1504; x_wconf 84' lang='lat' dir='ltr'>contentionem</span> <span class='ocrx_word' id='word_1_150' title='bbox 1494 1464 1619 1502; x_wconf 89' lang='lat' dir='ltr'>susci-</span> 
     </span>
     <span class='ocr_line' id='line_1_18' title="bbox 154 1526 1618 1580; baseline -0.001 -14"><span class='ocrx_word' id='word_1_151' title='bbox 154 1529 259 1579; x_wconf 86' lang='lat' dir='ltr'>piat:</span> <span class='ocrx_word' id='word_1_152' title='bbox 288 1543 374 1580; x_wconf 80' lang='lat' dir='ltr'>quae</span> <span class='ocrx_word' id='word_1_153' title='bbox 399 1543 489 1567; x_wconf 87' lang='lat' dir='ltr'>vero</span> <span class='ocrx_word' id='word_1_154' title='bbox 520 1529 736 1580; x_wconf 88' lang='lat' dir='ltr'>Philippus,</span> <span class='ocrx_word' id='word_1_155' title='bbox 768 1534 909 1566; x_wconf 79' lang='lat' dir='ltr'>nostrae</span> <span class='ocrx_word' id='word_1_156' title='bbox 938 1527 1102 1565; x_wconf 86' lang='lat' dir='ltr'>civitatis</span> <span class='ocrx_word' id='word_1_157' title='bbox 1135 1526 1259 1564; x_wconf 86' lang='lat' dir='ltr'>hostis</span> <span class='ocrx_word' id='word_1_158' title='bbox 1289 1538 1531 1578; x_wconf 75' lang='lat' dir='ltr'>magnasque</span> <span class='ocrx_word' id='word_1_159' title='bbox 1551 1538 1618 1564; x_wconf 90' lang='lat' dir='ltr'>co-</span> 
     </span>
     <span class='ocr_line' id='line_1_19' title="bbox 151 1588 1617 1641; baseline -0.001 -13"><span class='ocrx_word' id='word_1_160' title='bbox 151 1591 235 1641; x_wconf 85' lang='lat' dir='ltr'>pias</span> <span class='ocrx_word' id='word_1_161' title='bbox 264 1591 365 1628; x_wconf 87' lang='lat' dir='ltr'>circa</span> <span class='ocrx_word' id='word_1_162' title='bbox 391 1590 688 1641; x_wconf 80' lang='lat' dir='ltr'>Hellespontum</span> <span class='ocrx_word' id='word_1_163' title='bbox 707 1591 867 1636; x_wconf 89' lang='lat' dir='ltr'>habens,</span> <span class='ocrx_word' id='word_1_164' title='bbox 898 1590 996 1626; x_wconf 67' lang='lat' dir='ltr'>vobis</span> <span class='ocrx_word' id='word_1_165' title='bbox 1022 1588 1227 1640; x_wconf 81' lang='lat' dir='ltr'>praeripere</span> <span class='ocrx_word' id='word_1_166' title='bbox 1255 1594 1432 1635; x_wconf 89' lang='lat' dir='ltr'>conatur,</span> <span class='ocrx_word' id='word_1_167' title='bbox 1452 1601 1617 1639; x_wconf 83' lang='lat' dir='ltr'>quaeque</span> 
     </span>
     <span class='ocr_line' id='line_1_20' title="bbox 151 1649 1615 1702; baseline 0 -13"><span class='ocrx_word' id='word_1_168' title='bbox 151 1665 223 1689; x_wconf 89' lang='lat' dir='ltr'>nos</span> <span class='ocrx_word' id='word_1_169' title='bbox 254 1652 459 1690; x_wconf 85' lang='lat' dir='ltr'>occasione</span> <span class='ocrx_word' id='word_1_170' title='bbox 482 1651 601 1689; x_wconf 89' lang='lat' dir='ltr'>semel</span> <span class='ocrx_word' id='word_1_171' title='bbox 621 1651 802 1702; x_wconf 85' lang='lat' dir='ltr'>neglecta</span> <span class='ocrx_word' id='word_1_172' title='bbox 821 1651 1023 1688; x_wconf 87' lang='lat' dir='ltr'>restituere</span> <span class='ocrx_word' id='word_1_173' title='bbox 1049 1649 1086 1687; x_wconf 87' lang='lat' dir='ltr'>in</span> <span class='ocrx_word' id='word_1_174' title='bbox 1110 1650 1304 1700; x_wconf 78' lang='lat' dir='ltr'>integrum</span> <span class='ocrx_word' id='word_1_175' title='bbox 1325 1663 1525 1702; x_wconf 87' lang='lat' dir='ltr'>nunquam</span> <span class='ocrx_word' id='word_1_176' title='bbox 1543 1663 1615 1702; x_wconf 89' lang='lat' dir='ltr'>po-</span> 
     </span>
     <span class='ocr_line' id='line_1_21' title="bbox 151 1712 1614 1765; baseline 0.001 -15"><span class='ocrx_word' id='word_1_177' title='bbox 151 1713 322 1760; x_wconf 83' lang='lat' dir='ltr'>terimus,</span> <span class='ocrx_word' id='word_1_178' title='bbox 342 1713 389 1751; x_wconf 90' lang='lat' dir='ltr'>de</span> <span class='ocrx_word' id='word_1_179' title='bbox 409 1713 467 1750; x_wconf 89' lang='lat' dir='ltr'>his</span> <span class='ocrx_word' id='word_1_180' title='bbox 488 1713 656 1764; x_wconf 85' lang='lat' dir='ltr'>expedit,</span> <span class='ocrx_word' id='word_1_181' title='bbox 676 1713 824 1764; x_wconf 88' lang='lat' dir='ltr'>opinor,</span> <span class='ocrx_word' id='word_1_182' title='bbox 838 1726 955 1762; x_wconf 88' lang='lat' dir='ltr'>quam</span> <span class='ocrx_word' id='word_1_183' title='bbox 974 1712 1139 1764; x_wconf 88' lang='lat' dir='ltr'>primum</span> <span class='ocrx_word' id='word_1_184' title='bbox 1158 1719 1197 1750; x_wconf 87' lang='lat' dir='ltr'>et</span> <span class='ocrx_word' id='word_1_185' title='bbox 1225 1713 1380 1751; x_wconf 89' lang='lat' dir='ltr'>decerni</span> <span class='ocrx_word' id='word_1_186' title='bbox 1399 1721 1439 1752; x_wconf 84' lang='lat' dir='ltr'>et</span> <span class='ocrx_word' id='word_1_187' title='bbox 1456 1720 1614 1765; x_wconf 86' lang='lat' dir='ltr'>paratos</span> 
     </span>
     <span class='ocr_line' id='line_1_22' title="bbox 151 1774 1615 1827; baseline 0 -14"><span class='ocrx_word' id='word_1_188' title='bbox 151 1788 248 1822; x_wconf 86' lang='lat' dir='ltr'>esse,</span> <span class='ocrx_word' id='word_1_189' title='bbox 268 1788 394 1825; x_wconf 90' lang='lat' dir='ltr'>neque</span> <span class='ocrx_word' id='word_1_190' title='bbox 415 1787 463 1813; x_wconf 84' lang='lat' dir='ltr'>ea</span> <span class='ocrx_word' id='word_1_191' title='bbox 479 1781 636 1827; x_wconf 90' lang='lat' dir='ltr'>propter</span> <span class='ocrx_word' id='word_1_192' title='bbox 655 1775 803 1822; x_wconf 85' lang='lat' dir='ltr'>turbas,</span> <span class='ocrx_word' id='word_1_193' title='bbox 836 1774 920 1812; x_wconf 90' lang='lat' dir='ltr'>aliis</span> <span class='ocrx_word' id='word_1_194' title='bbox 942 1774 989 1812; x_wconf 90' lang='lat' dir='ltr'>de</span> <span class='ocrx_word' id='word_1_195' title='bbox 1009 1775 1125 1813; x_wconf 86' lang='lat' dir='ltr'>rebus</span> <span class='ocrx_word' id='word_1_196' title='bbox 1154 1776 1344 1822; x_wconf 76' lang='lat' dir='ltr'>excitatas,</span> <span class='ocrx_word' id='word_1_197' title='bbox 1374 1781 1413 1814; x_wconf 92' lang='lat' dir='ltr'>et</span> <span class='ocrx_word' id='word_1_198' title='bbox 1437 1775 1615 1814; x_wconf 87' lang='lat' dir='ltr'>crimina-</span> 
     </span>
     <span class='ocr_line' id='line_1_23' title="bbox 148 1837 479 1875; baseline -0.003 0"><span class='ocrx_word' id='word_1_199' title='bbox 148 1837 274 1875; x_wconf 85' lang='lat' dir='ltr'>tiones</span> <span class='ocrx_word' id='word_1_200' title='bbox 290 1837 479 1875; x_wconf 88' lang='lat' dir='ltr'>deserere.</span> 
     </span>
    </p>

    <p class='ocr_par' dir='ltr' id='par_1_3' title="bbox 143 1899 1615 2880">
     <span class='ocr_line' id='line_1_24' title="bbox 202 1899 1615 1952; baseline 0.001 -15"><span class='ocrx_word' id='word_1_201' title='bbox 202 1900 242 1938; x_wconf 81' lang='lat'>2.</span> <span class='ocrx_word' id='word_1_202' title='bbox 271 1900 504 1950; x_wconf 80' lang='lat' dir='ltr'>Quanquam</span> <span class='ocrx_word' id='word_1_203' title='bbox 526 1906 655 1938; x_wconf 88' lang='lat' dir='ltr'>autem</span> <span class='ocrx_word' id='word_1_204' title='bbox 674 1899 798 1943; x_wconf 83' lang='lat' dir='ltr'>multa</span> <span class='ocrx_word' id='word_1_205' title='bbox 825 1912 913 1951; x_wconf 77' lang='lat' dir='ltr'>quae</span> <span class='ocrx_word' id='word_1_206' title='bbox 933 1900 1037 1952; x_wconf 89' lang='lat' dir='ltr'>apud</span> <span class='ocrx_word' id='word_1_207' title='bbox 1056 1913 1125 1938; x_wconf 89' lang='lat' dir='ltr'>vos</span> <span class='ocrx_word' id='word_1_208' title='bbox 1147 1900 1223 1938; x_wconf 89' lang='lat' dir='ltr'>dici</span> <span class='ocrx_word' id='word_1_209' title='bbox 1241 1900 1368 1938; x_wconf 89' lang='lat' dir='ltr'>solent</span> <span class='ocrx_word' id='word_1_210' title='bbox 1388 1900 1516 1947; x_wconf 87' lang='lat' dir='ltr'>mirer,</span> <span class='ocrx_word' id='word_1_211' title='bbox 1541 1899 1615 1938; x_wconf 93' lang='lat' dir='ltr'>du-</span> 
     </span>
     <span class='ocr_line' id='line_1_25' title="bbox 148 1962 1613 2014; baseline 0.001 -15"><span class='ocrx_word' id='word_1_212' title='bbox 148 1962 240 1999; x_wconf 89' lang='lat' dir='ltr'>dum</span> <span class='ocrx_word' id='word_1_213' title='bbox 260 1970 391 1999; x_wconf 88' lang='lat' dir='ltr'>tamen</span> <span class='ocrx_word' id='word_1_214' title='bbox 410 1962 471 2000; x_wconf 87' lang='lat' dir='ltr'>vel</span> <span class='ocrx_word' id='word_1_215' title='bbox 490 1962 525 1999; x_wconf 91' lang='lat' dir='ltr'>in</span> <span class='ocrx_word' id='word_1_216' title='bbox 547 1962 678 2013; x_wconf 87' lang='lat' dir='ltr'>primis</span> <span class='ocrx_word' id='word_1_217' title='bbox 696 1962 792 2000; x_wconf 91' lang='lat' dir='ltr'>illud</span> <span class='ocrx_word' id='word_1_218' title='bbox 813 1962 1042 2009; x_wconf 88' lang='lat' dir='ltr'>demirabar,</span> <span class='ocrx_word' id='word_1_219' title='bbox 1065 1962 1341 2009; x_wconf 87' lang='lat' dir='ltr'>Athenienses,</span> <span class='ocrx_word' id='word_1_220' title='bbox 1370 1963 1476 2014; x_wconf 89' lang='lat' dir='ltr'>quod</span> <span class='ocrx_word' id='word_1_221' title='bbox 1494 1962 1531 2000; x_wconf 90' lang='lat' dir='ltr'>in</span> <span class='ocrx_word' id='word_1_222' title='bbox 1553 1976 1613 2001; x_wconf 89' lang='lat' dir='ltr'>se-</span> 
     </span>
     <span class='ocr_line' id='line_1_26' title="bbox 145 2023 1615 2075; baseline 0.001 -14"><span class='ocrx_word' id='word_1_223' title='bbox 145 2031 239 2062; x_wconf 87' lang='lat' dir='ltr'>natu</span> <span class='ocrx_word' id='word_1_224' title='bbox 260 2023 477 2075; x_wconf 86' lang='lat' dir='ltr'>quempiam</span> <span class='ocrx_word' id='word_1_225' title='bbox 497 2023 689 2062; x_wconf 90' lang='lat' dir='ltr'>dicentem</span> <span class='ocrx_word' id='word_1_226' title='bbox 705 2023 924 2070; x_wconf 87' lang='lat' dir='ltr'>audiebam,</span> <span class='ocrx_word' id='word_1_227' title='bbox 942 2024 1081 2063; x_wconf 88' lang='lat' dir='ltr'>decere</span> <span class='ocrx_word' id='word_1_228' title='bbox 1101 2024 1257 2063; x_wconf 89' lang='lat' dir='ltr'>omnino</span> <span class='ocrx_word' id='word_1_229' title='bbox 1277 2024 1550 2072; x_wconf 86' lang='lat' dir='ltr'>consiliarium,</span> <span class='ocrx_word' id='word_1_230' title='bbox 1569 2031 1615 2063; x_wconf 85' lang='lat' dir='ltr'>ut</span> 
     </span>
     <span class='ocr_line' id='line_1_27' title="bbox 150 2085 1613 2138; baseline 0.001 -15"><span class='ocrx_word' id='word_1_231' title='bbox 150 2085 207 2124; x_wconf 91' lang='lat' dir='ltr'>vel</span> <span class='ocrx_word' id='word_1_232' title='bbox 228 2085 342 2136; x_wconf 85' lang='lat' dir='ltr'>plane</span> <span class='ocrx_word' id='word_1_233' title='bbox 363 2085 508 2123; x_wconf 89' lang='lat' dir='ltr'>bellum</span> <span class='ocrx_word' id='word_1_234' title='bbox 529 2099 658 2136; x_wconf 80' lang='lat' dir='ltr'>gerere</span> <span class='ocrx_word' id='word_1_235' title='bbox 680 2085 740 2124; x_wconf 93' lang='lat' dir='ltr'>vel</span> <span class='ocrx_word' id='word_1_236' title='bbox 767 2099 920 2125; x_wconf 88' lang='lat' dir='ltr'>servare</span> <span class='ocrx_word' id='word_1_237' title='bbox 940 2099 1077 2138; x_wconf 82' lang='lat' dir='ltr'>pacem</span> <span class='ocrx_word' id='word_1_238' title='bbox 1102 2086 1278 2125; x_wconf 85' lang='lat' dir='ltr'>suadeat.</span> <span class='ocrx_word' id='word_1_239' title='bbox 1336 2087 1399 2125; x_wconf 89' lang='lat' dir='ltr'>Sic</span> <span class='ocrx_word' id='word_1_240' title='bbox 1417 2094 1546 2125; x_wconf 86' lang='lat' dir='ltr'>autem</span> <span class='ocrx_word' id='word_1_241' title='bbox 1571 2100 1613 2126; x_wconf 88' lang='lat' dir='ltr'>se</span> 
     </span>
     <span class='ocr_line' id='line_1_28' title="bbox 147 2146 1612 2200; baseline 0.001 -15"><span class='ocrx_word' id='word_1_242' title='bbox 147 2160 207 2185; x_wconf 89' lang='lat' dir='ltr'>res</span> <span class='ocrx_word' id='word_1_243' title='bbox 233 2147 454 2192; x_wconf 85' lang='lat' dir='ltr'>habet‚—-si</span> <span class='ocrx_word' id='word_1_244' title='bbox 482 2146 683 2198; x_wconf 86' lang='lat' dir='ltr'>Philippus</span> <span class='ocrx_word' id='word_1_245' title='bbox 723 2148 903 2198; x_wconf 84' lang='lat' dir='ltr'>quiescit,</span> <span class='ocrx_word' id='word_1_246' title='bbox 933 2161 1060 2199; x_wconf 81' lang='lat' dir='ltr'>neque</span> <span class='ocrx_word' id='word_1_247' title='bbox 1090 2154 1204 2199; x_wconf 89' lang='lat' dir='ltr'>rupto</span> <span class='ocrx_word' id='word_1_248' title='bbox 1232 2148 1376 2186; x_wconf 86' lang='lat' dir='ltr'>foedere</span> <span class='ocrx_word' id='word_1_249' title='bbox 1404 2148 1612 2200; x_wconf 90' lang='lat' dir='ltr'>quicquam</span> 
     </span>
     <span class='ocr_line' id='line_1_29' title="bbox 145 2209 1613 2260; baseline 0.001 -12"><span class='ocrx_word' id='word_1_250' title='bbox 145 2209 253 2248; x_wconf 89' lang='lat' dir='ltr'>vobis</span> <span class='ocrx_word' id='word_1_251' title='bbox 280 2215 453 2260; x_wconf 84' lang='lat' dir='ltr'>ereptum</span> <span class='ocrx_word' id='word_1_252' title='bbox 479 2215 600 2256; x_wconf 87' lang='lat' dir='ltr'>tenet,</span> <span class='ocrx_word' id='word_1_253' title='bbox 624 2222 752 2260; x_wconf 84' lang='lat' dir='ltr'>neque</span> <span class='ocrx_word' id='word_1_254' title='bbox 782 2222 917 2247; x_wconf 86' lang='lat' dir='ltr'>omnes</span> <span class='ocrx_word' id='word_1_255' title='bbox 943 2210 1086 2260; x_wconf 87' lang='lat' dir='ltr'>pariter</span> <span class='ocrx_word' id='word_1_256' title='bbox 1111 2209 1287 2249; x_wconf 87' lang='lat' dir='ltr'>homines</span> <span class='ocrx_word' id='word_1_257' title='bbox 1316 2211 1356 2248; x_wconf 91' lang='lat' dir='ltr'>in</span> <span class='ocrx_word' id='word_1_258' title='bbox 1384 2224 1455 2249; x_wconf 90' lang='lat' dir='ltr'>nos</span> <span class='ocrx_word' id='word_1_259' title='bbox 1488 2217 1613 2250; x_wconf 87' lang='lat' dir='ltr'>armat</span> 
     </span>
     <span class='ocr_line' id='line_1_30' title="bbox 148 2271 1612 2324; baseline 0.001 -13"><span class='ocrx_word' id='word_1_260' title='bbox 148 2272 408 2322; x_wconf 88' lang='lat' dir='ltr'>concitatque‚</span> <span class='ocrx_word' id='word_1_261' title='bbox 425 2271 518 2309; x_wconf 89' lang='lat' dir='ltr'>nihil</span> <span class='ocrx_word' id='word_1_262' title='bbox 535 2278 596 2310; x_wconf 88' lang='lat' dir='ltr'>est</span> <span class='ocrx_word' id='word_1_263' title='bbox 610 2271 830 2318; x_wconf 88' lang='lat' dir='ltr'>dicendum,</span> <span class='ocrx_word' id='word_1_264' title='bbox 853 2272 922 2310; x_wconf 88' lang='lat' dir='ltr'>sed</span> <span class='ocrx_word' id='word_1_265' title='bbox 941 2272 1057 2323; x_wconf 88' lang='lat' dir='ltr'>plane</span> <span class='ocrx_word' id='word_1_266' title='bbox 1077 2285 1152 2323; x_wconf 86' lang='lat' dir='ltr'>pax</span> <span class='ocrx_word' id='word_1_267' title='bbox 1173 2273 1353 2324; x_wconf 84' lang='lat' dir='ltr'>agenda:</span> <span class='ocrx_word' id='word_1_268' title='bbox 1379 2280 1418 2311; x_wconf 90' lang='lat' dir='ltr'>et</span> <span class='ocrx_word' id='word_1_269' title='bbox 1436 2274 1542 2324; x_wconf 89' lang='lat' dir='ltr'>quod</span> <span class='ocrx_word' id='word_1_270' title='bbox 1561 2274 1612 2312; x_wconf 90' lang='lat' dir='ltr'>ad</span> 
     </span>
     <span class='ocr_line' id='line_1_31' title="bbox 147 2332 1609 2386; baseline 0.001 -13"><span class='ocrx_word' id='word_1_271' title='bbox 147 2346 216 2373; x_wconf 83' lang='lat' dir='ltr'>vos</span> <span class='ocrx_word' id='word_1_272' title='bbox 235 2333 391 2384; x_wconf 87' lang='lat' dir='ltr'>quidem</span> <span class='ocrx_word' id='word_1_273' title='bbox 410 2332 561 2379; x_wconf 83' lang='lat' dir='ltr'>attinet,</span> <span class='ocrx_word' id='word_1_274' title='bbox 584 2341 721 2385; x_wconf 86' lang='lat' dir='ltr'>parata</span> <span class='ocrx_word' id='word_1_275' title='bbox 740 2346 825 2372; x_wconf 90' lang='lat' dir='ltr'>esse</span> <span class='ocrx_word' id='word_1_276' title='bbox 847 2334 976 2372; x_wconf 87' lang='lat' dir='ltr'>omnia</span> <span class='ocrx_word' id='word_1_277' title='bbox 995 2333 1121 2372; x_wconf 89' lang='lat' dir='ltr'>video.</span> <span class='ocrx_word' id='word_1_278' title='bbox 1159 2333 1210 2372; x_wconf 90' lang='lat' dir='ltr'>At</span> <span class='ocrx_word' id='word_1_279' title='bbox 1230 2335 1274 2381; x_wconf 92' lang='lat' dir='ltr'>si,</span> <span class='ocrx_word' id='word_1_280' title='bbox 1295 2348 1381 2386; x_wconf 88' lang='lat' dir='ltr'>quae</span> <span class='ocrx_word' id='word_1_281' title='bbox 1395 2334 1609 2386; x_wconf 88' lang='lat' dir='ltr'>juravimus</span> 
     </span>
     <span class='ocr_line' id='line_1_32' title="bbox 148 2394 1610 2448; baseline 0.002 -15"><span class='ocrx_word' id='word_1_282' title='bbox 148 2402 189 2433; x_wconf 86' lang='lat' dir='ltr'>et</span> <span class='ocrx_word' id='word_1_283' title='bbox 207 2395 345 2446; x_wconf 89' lang='lat' dir='ltr'>quibus</span> <span class='ocrx_word' id='word_1_284' title='bbox 364 2395 623 2432; x_wconf 70' lang='lat' dir='ltr'>conditionibus</span> <span class='ocrx_word' id='word_1_285' title='bbox 641 2408 779 2446; x_wconf 87' lang='lat' dir='ltr'>pacem</span> <span class='ocrx_word' id='word_1_286' title='bbox 810 2394 985 2440; x_wconf 82' lang='lat' dir='ltr'>fecimus,</span> <span class='ocrx_word' id='word_1_287' title='bbox 1016 2408 1064 2433; x_wconf 90' lang='lat' dir='ltr'>ea</span> <span class='ocrx_word' id='word_1_288' title='bbox 1082 2395 1120 2433; x_wconf 93' lang='lat' dir='ltr'>in</span> <span class='ocrx_word' id='word_1_289' title='bbox 1141 2403 1356 2448; x_wconf 88' lang='lat' dir='ltr'>conspectu</span> <span class='ocrx_word' id='word_1_290' title='bbox 1376 2403 1467 2435; x_wconf 89' lang='lat' dir='ltr'>sunt</span> <span class='ocrx_word' id='word_1_291' title='bbox 1491 2404 1532 2436; x_wconf 91' lang='lat' dir='ltr'>et</span> <span class='ocrx_word' id='word_1_292' title='bbox 1550 2411 1610 2436; x_wconf 89' lang='lat' dir='ltr'>re-</span> 
     </span>
     <span class='ocr_line' id='line_1_33' title="bbox 146 2455 1609 2510; baseline 0.002 -16"><span class='ocrx_word' id='word_1_293' title='bbox 146 2457 227 2494; x_wconf 80' lang='lat' dir='ltr'>lata</span> <span class='ocrx_word' id='word_1_294' title='bbox 244 2455 282 2493; x_wconf 91' lang='lat' dir='ltr'>in</span> <span class='ocrx_word' id='word_1_295' title='bbox 306 2456 473 2503; x_wconf 83' lang='lat' dir='ltr'>tabulas,</span> <span class='ocrx_word' id='word_1_296' title='bbox 493 2455 716 2508; x_wconf 90' lang='lat' dir='ltr'>Philippum</span> <span class='ocrx_word' id='word_1_297' title='bbox 736 2470 827 2494; x_wconf 90' lang='lat' dir='ltr'>vero</span> <span class='ocrx_word' id='word_1_298' title='bbox 854 2462 1022 2503; x_wconf 84' lang='lat' dir='ltr'>constat,</span> <span class='ocrx_word' id='word_1_299' title='bbox 1052 2464 1258 2508; x_wconf 87' lang='lat' dir='ltr'>antequam</span> <span class='ocrx_word' id='word_1_300' title='bbox 1289 2458 1493 2510; x_wconf 87' lang='lat' dir='ltr'>Diopithes</span> <span class='ocrx_word' id='word_1_301' title='bbox 1519 2472 1609 2497; x_wconf 90' lang='lat' dir='ltr'>cum</span> 
     </span>
     <span class='ocr_line' id='line_1_34' title="bbox 148 2517 1608 2568; baseline 0.002 -12"><span class='ocrx_word' id='word_1_302' title='bbox 148 2517 310 2563; x_wconf 88' lang='lat' dir='ltr'>colonis,</span> <span class='ocrx_word' id='word_1_303' title='bbox 328 2517 367 2554; x_wconf 91' lang='lat' dir='ltr'>in</span> <span class='ocrx_word' id='word_1_304' title='bbox 385 2530 481 2567; x_wconf 89' lang='lat' dir='ltr'>quos</span> <span class='ocrx_word' id='word_1_305' title='bbox 495 2518 679 2555; x_wconf 88' lang='lat' dir='ltr'>concitati</span> <span class='ocrx_word' id='word_1_306' title='bbox 697 2518 790 2556; x_wconf 90' lang='lat' dir='ltr'>belli</span> <span class='ocrx_word' id='word_1_307' title='bbox 810 2519 953 2556; x_wconf 85' lang='lat' dir='ltr'>crimen</span> <span class='ocrx_word' id='word_1_308' title='bbox 973 2531 1079 2556; x_wconf 86' lang='lat' dir='ltr'>nunc</span> <span class='ocrx_word' id='word_1_309' title='bbox 1094 2519 1305 2566; x_wconf 87' lang='lat' dir='ltr'>confertur,</span> <span class='ocrx_word' id='word_1_310' title='bbox 1319 2519 1409 2558; x_wconf 91' lang='lat' dir='ltr'>hinc</span> <span class='ocrx_word' id='word_1_311' title='bbox 1428 2520 1608 2568; x_wconf 86' lang='lat' dir='ltr'>solveret,</span> 
     </span>
     <span class='ocr_line' id='line_1_35' title="bbox 146 2576 1607 2631; baseline 0.001 -13"><span class='ocrx_word' id='word_1_312' title='bbox 146 2577 269 2618; x_wconf 85' lang='lat' dir='ltr'>multa</span> <span class='ocrx_word' id='word_1_313' title='bbox 287 2577 395 2615; x_wconf 88' lang='lat' dir='ltr'>vobis</span> <span class='ocrx_word' id='word_1_314' title='bbox 423 2592 490 2629; x_wconf 88' lang='lat' dir='ltr'>per</span> <span class='ocrx_word' id='word_1_315' title='bbox 517 2576 693 2630; x_wconf 89' lang='lat' dir='ltr'>injuriam</span> <span class='ocrx_word' id='word_1_316' title='bbox 722 2579 922 2631; x_wconf 84' lang='lat' dir='ltr'>eripuisse,</span> <span class='ocrx_word' id='word_1_317' title='bbox 952 2579 1093 2630; x_wconf 91' lang='lat' dir='ltr'>quibus</span> <span class='ocrx_word' id='word_1_318' title='bbox 1123 2580 1173 2618; x_wconf 81' lang='lat' dir='ltr'>tle</span> <span class='ocrx_word' id='word_1_319' title='bbox 1200 2582 1315 2619; x_wconf 90' lang='lat' dir='ltr'>rebus</span> <span class='ocrx_word' id='word_1_320' title='bbox 1345 2581 1503 2620; x_wconf 88' lang='lat' dir='ltr'>decreta</span> <span class='ocrx_word' id='word_1_321' title='bbox 1520 2581 1607 2619; x_wconf 87' lang='lat' dir='ltr'>haec</span> 
     </span>
     <span class='ocr_line' id='line_1_36' title="bbox 143 2641 1606 2693; baseline 0 -13"><span class='ocrx_word' id='word_1_322' title='bbox 143 2647 274 2680; x_wconf 84' lang='lat' dir='ltr'>vestra</span> <span class='ocrx_word' id='word_1_323' title='bbox 285 2652 406 2690; x_wconf 87' lang='lat' dir='ltr'>eaque</span> <span class='ocrx_word' id='word_1_324' title='bbox 422 2646 505 2678; x_wconf 86' lang='lat' dir='ltr'>rata</span> <span class='ocrx_word' id='word_1_325' title='bbox 518 2647 685 2687; x_wconf 86' lang='lat' dir='ltr'>exstant,</span> <span class='ocrx_word' id='word_1_326' title='bbox 699 2654 786 2692; x_wconf 80' lang='lat' dir='ltr'>quae</span> <span class='ocrx_word' id='word_1_327' title='bbox 797 2641 907 2679; x_wconf 90' lang='lat' dir='ltr'>illum</span> <span class='ocrx_word' id='word_1_328' title='bbox 928 2647 1127 2689; x_wconf 88' lang='lat' dir='ltr'>accusent,</span> <span class='ocrx_word' id='word_1_329' title='bbox 1142 2647 1181 2680; x_wconf 90' lang='lat' dir='ltr'>et</span> <span class='ocrx_word' id='word_1_330' title='bbox 1200 2642 1305 2680; x_wconf 89' lang='lat' dir='ltr'>omni</span> <span class='ocrx_word' id='word_1_331' title='bbox 1323 2648 1493 2693; x_wconf 89' lang='lat' dir='ltr'>tempore</span> <span class='ocrx_word' id='word_1_332' title='bbox 1513 2655 1606 2680; x_wconf 90' lang='lat' dir='ltr'>con-</span> 
     </span>
     <span class='ocr_line' id='line_1_37' title="bbox 144 2702 1605 2755; baseline 0.001 -14"><span class='ocrx_word' id='word_1_333' title='bbox 144 2703 311 2742; x_wconf 84' lang='lat' dir='ltr'>tinenter</span> <span class='ocrx_word' id='word_1_334' title='bbox 328 2707 411 2738; x_wconf 86' lang='lat' dir='ltr'>tum</span> <span class='ocrx_word' id='word_1_335' title='bbox 431 2708 656 2740; x_wconf 85' lang='lat' dir='ltr'>caeterorum</span> <span class='ocrx_word' id='word_1_336' title='bbox 677 2702 901 2741; x_wconf 80' lang='lat' dir='ltr'>Graecorum</span> <span class='ocrx_word' id='word_1_337' title='bbox 921 2710 1003 2741; x_wconf 90' lang='lat' dir='ltr'>tum</span> <span class='ocrx_word' id='word_1_338' title='bbox 1022 2704 1274 2741; x_wconf 85' lang='lat' dir='ltr'>barbarorum</span> <span class='ocrx_word' id='word_1_339' title='bbox 1296 2718 1355 2742; x_wconf 88' lang='lat' dir='ltr'>res</span> <span class='ocrx_word' id='word_1_340' title='bbox 1390 2716 1605 2755; x_wconf 86' lang='lat' dir='ltr'>occupasse</span> 
     </span>
     <span class='ocr_line' id='line_1_38' title="bbox 145 2761 1604 2817; baseline 0.002 -14"><span class='ocrx_word' id='word_1_341' title='bbox 145 2771 184 2802; x_wconf 90' lang='lat' dir='ltr'>et</span> <span class='ocrx_word' id='word_1_342' title='bbox 202 2770 336 2803; x_wconf 84' lang='lat' dir='ltr'>eontra</span> <span class='ocrx_word' id='word_1_343' title='bbox 355 2775 426 2800; x_wconf 88' lang='lat' dir='ltr'>nos</span> <span class='ocrx_word' id='word_1_344' title='bbox 445 2761 684 2811; x_wconf 86' lang='lat' dir='ltr'>instruxisse,</span> <span class='ocrx_word' id='word_1_345' title='bbox 705 2765 798 2815; x_wconf 87' lang='lat' dir='ltr'>quid</span> <span class='ocrx_word' id='word_1_346' title='bbox 819 2771 880 2803; x_wconf 85' lang='lat' dir='ltr'>est</span> <span class='ocrx_word' id='word_1_347' title='bbox 898 2777 965 2803; x_wconf 90' lang='lat' dir='ltr'>cur</span> <span class='ocrx_word' id='word_1_348' title='bbox 985 2765 1048 2803; x_wconf 85' lang='lat' dir='ltr'>isti</span> <span class='ocrx_word' id='word_1_349' title='bbox 1078 2765 1267 2812; x_wconf 89' lang='lat' dir='ltr'>dictitent,</span> <span class='ocrx_word' id='word_1_350' title='bbox 1286 2764 1348 2802; x_wconf 92' lang='lat' dir='ltr'>vel</span> <span class='ocrx_word' id='word_1_351' title='bbox 1369 2765 1516 2805; x_wconf 89' lang='lat' dir='ltr'>bellum</span> <span class='ocrx_word' id='word_1_352' title='bbox 1535 2779 1604 2817; x_wconf 83' lang='lat' dir='ltr'>ge-</span> 
     </span>
     <span class='ocr_line' id='line_1_39' title="bbox 145 2823 1603 2880; baseline 0.001 -15"><span class='ocrx_word' id='word_1_353' title='bbox 145 2825 308 2865; x_wconf 85' lang='lat' dir='ltr'>rendum</span> <span class='ocrx_word' id='word_1_354' title='bbox 326 2837 426 2873; x_wconf 84' lang='lat' dir='ltr'>esse,</span> <span class='ocrx_word' id='word_1_355' title='bbox 446 2823 507 2863; x_wconf 89' lang='lat' dir='ltr'>vel</span> <span class='ocrx_word' id='word_1_356' title='bbox 527 2837 662 2876; x_wconf 87' lang='lat' dir='ltr'>pacem</span> <span class='ocrx_word' id='word_1_357' title='bbox 681 2825 952 2865; x_wconf 82' lang='lat' dir='ltr'>retinendam?</span> <span class='ocrx_word' id='word_1_358' title='bbox 982 2825 1068 2866; x_wconf 87' lang='lat' dir='ltr'>Nec</span> <span class='ocrx_word' id='word_1_359' title='bbox 1087 2826 1190 2865; x_wconf 87' lang='lat' dir='ltr'>enirn</span> <span class='ocrx_word' id='word_1_360' title='bbox 1215 2833 1344 2865; x_wconf 82' lang='lat' dir='ltr'>utrum</span> <span class='ocrx_word' id='word_1_361' title='bbox 1365 2825 1504 2876; x_wconf 79' lang='lat' dir='ltr'>velitis,</span> <span class='ocrx_word' id='word_1_362' title='bbox 1533 2839 1603 2880; x_wconf 88' lang='lat' dir='ltr'>op-</span> 
     </span>
    </p>

    <p class='ocr_par' dir='ltr' id='par_1_4' title="bbox 887 2899 913 2925">
     <span class='ocr_line' id='line_1_40' title="bbox 887 2899 913 2925; baseline 0 0"><span class='ocrx_word' id='word_1_363' title='bbox 887 2899 913 2925; x_wconf 81' lang='lat' dir='ltr'>L</span> 
     </span>
    </p>
   </div>
  </div>
 </body>
</html>
