1923 3149
711 151 784 189 DE
814 150 1057 190 CORONA.
1535 151 1605 188 181

170 256 312 294 crimen
333 255 465 293 salutis
487 262 552 293 aut
571 254 756 294 libertatis
772 254 957 300 venerint,
969 265 1093 302 neque
1113 252 1330 302 injuriarum
1347 266 1414 291 vos
1426 266 1612 291 memores

171 316 319 355 futuros
341 330 462 366 neque
482 317 665 354 rationem
678 316 888 354 habituros.

223 379 287 415 29.
318 378 453 427 Neque
478 390 560 414 vero
589 377 627 414 in
653 377 712 413 his
743 376 866 415 solum
899 375 1011 412 rebus
1039 388 1084 412 eo
1119 374 1245 412 animo
1267 374 1407 418 fuistis,
1436 376 1503 412 sed
1524 389 1611 412 cum

171 438 241 476 sibi
272 439 406 476 iterum
442 438 617 476 Thebani
648 438 836 475 Euboeam
856 436 1114 482 vendicarent,
1135 449 1210 474 non
1231 435 1470 485 neglexistis,
1489 449 1613 485 neque

172 499 392 548 injuriarum
419 513 513 550 quas
547 513 570 536 a
595 499 825 537 Themisone
851 505 890 536 et
914 497 1117 535 Theodoro
1143 497 1190 534 de
1224 497 1356 547 Oropo
1380 499 1615 547 acceperatis

173 561 264 598 estis
291 561 491 605 recordati,
513 559 579 597 sed
615 559 673 596 his
705 572 857 610 quoque
887 559 1140 604 succurristis,
1160 571 1237 609 quo
1263 559 1426 609 primum
1445 566 1615 608 tempore

172 621 366 658 trierarchi
385 620 587 658 voluntarii
604 620 745 658 civitati
765 620 1004 664 exstiterunt,
1023 633 1186 669 quorum
1206 633 1304 656 unus
1324 632 1396 670 ego
1415 619 1482 656 sui.
1539 618 1617 656 Sed

172 681 344 719 nondum
366 680 412 718 de
431 680 504 717 his.
561 679 750 718 Praeclare
782 681 937 730 quidem
959 680 1101 718 fecistis
1119 694 1206 718 cum
1222 680 1385 718 insulam
1405 681 1617 726 servaretis,

171 742 292 780 multo
307 749 434 779 autem
454 741 677 792 praeclarius
699 742 846 779 facinus
865 742 1098 792 praestitistis
1118 742 1220 792 quod
1240 755 1327 779 cum
1346 749 1385 780 et
1397 742 1559 780 virorum
1581 751 1620 781 et

172 803 320 841 urbium
339 809 535 852 compotes
555 802 692 840 essetis
723 802 767 839 iis
798 802 863 852 qui
896 815 964 839 vos
997 803 1178 839 laeserant
1203 810 1366 852 utraque
1386 804 1618 850 reddidistis,

172 864 279 902 nulla
308 863 532 913 injuriarum
564 869 811 914 acceptarum
843 876 930 900 cum
961 862 1059 900 fides
1092 863 1201 900 vobis
1236 862 1441 902 haberetur
1472 867 1620 906 ratione

172 925 299 964 ducta.
340 926 531 963 Sexcenta
550 924 679 975 utique
701 924 775 962 alia
795 938 882 976 quae
901 937 1196 963 commemorare
1217 937 1374 975 possum
1393 931 1619 977 praetermit-

172 994 225 1034 to,
243 1000 392 1038 pugnas
413 986 581 1032 navales,
602 985 866 1037 expeditiones
885 986 1098 1037 pedestres,
1127 985 1294 1033 militias,
1323 993 1404 1024 tum
1438 990 1620 1039 superiori

174 1056 345 1099 tempore
365 1056 446 1086 tum
465 1055 594 1086 vestra
623 1038 736 1085 etiam
765 1049 948 1085 memoria
976 1055 1230 1099 comparatas,
1262 1061 1356 1099 quas
1388 1063 1520 1089 omnes
1553 1066 1621 1103 pro

174 1110 368 1148 communi
388 1109 613 1147 Graecorum
635 1109 793 1147 aliorum
813 1109 987 1148 libertate
1021 1123 1064 1148 ac
1091 1111 1213 1148 salute
1234 1109 1367 1149 civitas
1386 1112 1470 1151 haec
1491 1127 1621 1152 susce-

173 1171 241 1221 pit.
299 1171 398 1208 Cum
429 1170 544 1220 igitur
575 1170 927 1208 animadvertissem
948 1172 1138 1209 civitatem
1159 1179 1329 1210 nostram
1348 1174 1387 1210 in
1406 1176 1520 1213 tantis
1535 1176 1620 1214 tali-

173 1232 323 1281 busque
343 1231 611 1269 certaminibus
641 1243 710 1282 pro
743 1231 874 1269 alienis
894 1232 1104 1269 commodis
1124 1232 1312 1283 implicari
1330 1235 1441 1278 velle,
1463 1249 1550 1273 cum
1571 1238 1620 1275 de

175 1293 302 1343 seipsa
332 1291 615 1344 quodammodo
650 1292 871 1330 consultum
903 1299 1015 1337 esset,
1045 1293 1138 1343 quid
1170 1307 1242 1344 ego
1271 1295 1304 1332 ei
1328 1296 1489 1334 suadere
1509 1298 1623 1336 debui

174 1354 313 1405 quidve
333 1354 482 1392 consilii
501 1353 706 1391 exhibere?
734 1354 899 1406 Injurias
919 1355 1068 1393 scilicet
1080 1362 1123 1392 ut
1140 1357 1402 1395 recordaretur
1419 1359 1457 1395 in
1473 1372 1538 1397 eos
1559 1362 1623 1410 qui

175 1415 316 1454 servari
336 1415 553 1466 cupiebant,
574 1421 691 1465 utque
709 1416 979 1454 excusationes
999 1417 1231 1467 quaeritaret,
1250 1418 1387 1468 quibus
1407 1423 1623 1460 communia

176 1477 380 1516 commoda
398 1477 661 1528 proderemus.
717 1478 767 1515 Et
788 1478 872 1529 quis
892 1492 952 1516 me
977 1492 1056 1516 non
1081 1479 1215 1517 merito
1236 1488 1450 1528 necaverat,
1470 1484 1500 1521 si
1519 1485 1623 1534 quod

176 1552 309 1578 eorum
327 1552 414 1589 quae
434 1539 577 1576 civitati
592 1539 734 1577 adsunt
753 1546 978 1578 ornamenta
990 1539 1048 1577 vel
1068 1541 1182 1578 verbo
1203 1547 1350 1579 tantum
1365 1546 1625 1584 contaminare

177 1613 303 1639 essem
319 1600 552 1651 aggressus?
610 1600 710 1637 Nam
729 1614 808 1638 rem
824 1601 979 1651 quidem
995 1602 1115 1651 ipsam
1137 1615 1205 1639 vos
1220 1614 1294 1639 non
1311 1603 1427 1641 fuisse
1441 1605 1625 1654 facturos,

178 1675 253 1713 ego
273 1667 379 1700 certo
399 1662 490 1699 scio.
549 1661 588 1699 Si
617 1661 717 1699 enim
736 1662 964 1707 voluissetis,
984 1662 1074 1713 quid
1093 1663 1330 1702 obstitisset?
1359 1679 1437 1703 non
1456 1667 1626 1707 licebat?

179 1737 257 1762 non
278 1730 417 1774 praesto
432 1729 541 1761 erant
560 1723 625 1773 qui
643 1723 681 1760 id
701 1724 908 1762 suaderent
926 1724 1018 1761 isti?

231 1787 295 1823 30.
323 1786 413 1822 Jam
439 1785 552 1835 igitur
581 1785 631 1822 ad
663 1798 709 1822 ea
735 1792 902 1823 revertar
919 1798 1006 1836 quae
1026 1786 1205 1838 deinceps
1225 1788 1262 1825 in
1283 1789 1479 1838 republica
1498 1792 1623 1841 gessi:

178 1853 291 1898 atque
319 1846 357 1883 in
388 1846 447 1883 his
476 1846 612 1883 iterum
633 1852 805 1896 spectate
824 1846 916 1896 quid
935 1847 1079 1885 civitati
1097 1855 1198 1886 esset
1217 1849 1467 1889 utilissimum.
1526 1853 1625 1891 Nam

181 1922 270 1948 cum
288 1908 471 1955 viderem,
491 1908 762 1955 Athenienses,
782 1921 859 1945 rem
879 1909 1052 1947 navalem
1067 1918 1231 1948 vestram
1248 1911 1376 1958 dilabi,
1397 1912 1534 1952 divites
1548 1916 1626 1953 exi-

182 1971 267 2021 guis
287 1970 501 2021 sumptibus
520 1970 630 2007 factis
649 1970 927 2008 immunitatem
958 1972 1153 2022 consequi,
1181 1973 1347 2023 reliquos
1380 1976 1626 2016 mediocrium

182 2038 249 2070 aut
274 2032 446 2069 tenuium
478 2031 707 2069 facultatum
736 2032 837 2069 cives
869 2032 1028 2070 fortunis
1058 2033 1134 2071 suis
1165 2035 1302 2079 orbari,
1324 2035 1468 2074 civitati
1486 2039 1535 2076 ob
1556 2039 1626 2077 has

184 2107 322 2132 causas
342 2106 466 2131 rerum
486 2093 738 2143 gerendarum
766 2094 986 2132 occasiones
1014 2095 1177 2142 effluere,
1196 2097 1322 2147 legem
1337 2098 1419 2143 tuli,
1440 2113 1516 2150 qua
1531 2101 1627 2137 divi-

181 2162 240 2194 tes
271 2155 440 2193 officium
473 2154 597 2191 facere
627 2154 752 2204 coegi,
772 2167 961 2204 pauperes
990 2157 1037 2193 ab
1066 2156 1203 2207 injuria
1232 2158 1433 2205 vindicavi,
1460 2161 1625 2212 denique

180 2215 324 2254 civitati
350 2215 453 2266 quod
472 2221 554 2251 erat
577 2214 831 2260 utilissimum,
849 2221 892 2252 ut
902 2216 1023 2253 omnis
1044 2217 1132 2254 belli
1151 2226 1353 2268 apparatus
1369 2234 1438 2258 suo
1456 2228 1627 2273 tempore

181 2284 415 2329 suppeteret,
434 2276 588 2327 perfeci.
637 2277 767 2326 Atque
786 2276 824 2313 in
843 2290 888 2314 ea
906 2289 1024 2315 causa
1036 2279 1083 2316 de
1098 2280 1193 2317 scito
1213 2289 1345 2319 contra
1363 2282 1467 2333 leges
1486 2285 1628 2336 scripto

183 2345 404 2382 accusatus,
427 2350 557 2375 coram
580 2338 689 2376 vobis
713 2338 906 2389 comparui
927 2345 966 2376 et
980 2339 1177 2378 absolutus
1195 2355 1291 2387 sum,
1311 2343 1481 2393 quintam
1501 2354 1628 2386 autem

184 2398 450 2449 suffragiorum
479 2404 627 2449 partem
646 2398 885 2437 adversarius
904 2412 982 2437 non
1002 2400 1178 2439 obtinuit.
1232 2403 1349 2454 Atqui
1372 2413 1518 2455 quanta
1538 2409 1630 2447 mihi

184 2460 343 2513 praemia
360 2461 514 2498 daturos
545 2460 665 2499 fuisse
693 2460 836 2512 putatis
856 2461 1038 2499 classium
1055 2462 1244 2514 principes
1264 2472 1332 2502 aut
1352 2468 1546 2506 secundos
1562 2478 1629 2509 aut

183 2521 331 2567 tertios,
345 2522 506 2572 primum
519 2522 675 2572 quidem
690 2530 732 2559 ut
750 2522 850 2561 hanc
861 2524 987 2573 legem
1001 2536 1078 2561 non
1092 2524 1243 2572 ferrem,
1259 2526 1317 2564 sin
1329 2527 1469 2574 minus,
1485 2537 1528 2567 ut
1547 2544 1625 2568 rem

185 2584 420 2635 negligerem
444 2590 483 2620 et
498 2583 745 2635 jurejurando
763 2584 985 2636 interposito
1004 2585 1145 2624 differri
1159 2588 1353 2626 sinerem?
1381 2596 1488 2628 tanta
1502 2592 1626 2641 profe-

186 2652 264 2693 cto,
279 2644 553 2691 Athenienses,
569 2653 714 2695 quanta
732 2647 836 2697 apud
854 2660 922 2685 vos
942 2660 1015 2698 ego
1036 2647 1162 2686 dicere
1192 2662 1270 2688 non
1299 2651 1435 2688 ausim.
1493 2652 1626 2703 Neque

185 2706 271 2745 haec
284 2706 470 2744 immerito
482 2706 653 2744 facerent
664 2707 731 2745 illi,
761 2708 917 2747 Licebat
931 2709 1033 2747 enim
1049 2709 1092 2747 iis
1104 2723 1171 2761 per
1185 2710 1327 2761 priores
1341 2711 1447 2762 leges
1461 2712 1627 2751 sedecim

185 2768 284 2806 inter
297 2780 338 2805 se
357 2767 546 2819 copulatis
561 2769 779 2807 muneribus
799 2770 964 2821 publicis
979 2771 1102 2822 fungi,
1119 2785 1205 2809 cum
1217 2772 1288 2823 ipsi
1303 2785 1422 2822 pauca
1440 2773 1556 2811 immo
1570 2776 1627 2812 ni-

186 2829 241 2867 hil
255 2829 529 2880 impenderent,
540 2829 674 2880 inopes
695 2836 822 2868 autem
837 2833 940 2870 cives
966 2839 1196 2871 attererent:
1228 2846 1312 2870 mea
1331 2845 1421 2871 vero
1440 2833 1527 2885 lege
1546 2850 1629 2874 san-

191 2897 287 2930 ctwn
301 2897 352 2929 est
371 2897 415 2929 ut
442 2903 511 2942 pro
539 2890 785 2931 facultatibus
805 2892 946 2944 singuli
959 2895 1064 2945 quod
1086 2907 1236 2945 aequum
1264 2900 1368 2932 esset
1398 2896 1628 2946 conferrent,
