<?xml version="1.0" encoding="UTF-8"?>
<!DOCTYPE html PUBLIC "-//W3C//DTD XHTML 1.0 Transitional//EN"
    "http://www.w3.org/TR/xhtml1/DTD/xhtml1-transitional.dtd">
<html xmlns="http://www.w3.org/1999/xhtml" xml:lang="en" lang="en">
 <head>
  <title>
</title>
<meta http-equiv="Content-Type" content="text/html;charset=utf-8" />
  <meta name='ocr-system' content='tesseract 3.04.00' />
  <meta name='ocr-capabilities' content='ocr_page ocr_carea ocr_par ocr_line ocrx_word'/>
</head>
<body>
  <div class='ocr_page' id='page_1' title='image "./oratoresatticie15dobs_0268.png"; bbox 0 0 1923 3149; ppageno 0'>
   <div class='ocr_carea' id='block_1_1' title="bbox 256 165 1393 209">
    <p class='ocr_par' dir='ltr' id='par_1_1' title="bbox 256 165 1393 209">
     <span class='ocr_line' id='line_1_1' title="bbox 256 165 1393 209; baseline 0.006 -9"><span class='ocrx_word' id='word_1_1' title='bbox 256 165 333 201; x_wconf 73' lang='lat'>5252</span> <span class='ocrx_word' id='word_1_2' title='bbox 568 165 641 203; x_wconf 90' lang='lat' dir='ltr'>DE</span> <span class='ocrx_word' id='word_1_3' title='bbox 674 167 829 205; x_wconf 88' lang='lat' dir='ltr'>MALE</span> <span class='ocrx_word' id='word_1_4' title='bbox 859 169 1028 208; x_wconf 82' lang='lat' dir='ltr'>GESTA</span> <span class='ocrx_word' id='word_1_5' title='bbox 1064 168 1393 209; x_wconf 46' lang='lat' dir='ltr'>LEGATIONE,</span> 
     </span>
    </p>
   </div>
   <div class='ocr_carea' id='block_1_2' title="bbox 783 329 1188 368">
    <p class='ocr_par' dir='ltr' id='par_1_2' title="bbox 783 329 1188 368">
     <span class='ocr_line' id='line_1_2' title="bbox 783 329 1188 368; baseline 0.005 -2"><span class='ocrx_word' id='word_1_6' title='bbox 783 329 1188 368; x_wconf 84' lang='lat' dir='ltr'><strong>TESTIMONIUM.</strong></span> 
     </span>
    </p>
   </div>
   <div class='ocr_carea' id='block_1_3' title="bbox 251 417 1723 2797">
    <p class='ocr_par' dir='ltr' id='par_1_3' title="bbox 251 417 1714 1387">
     <span class='ocr_line' id='line_1_3' title="bbox 306 417 1707 475; baseline 0.005 -20"><span class='ocrx_word' id='word_1_7' title='bbox 306 417 370 457; x_wconf 85' lang='lat'>53.</span> <span class='ocrx_word' id='word_1_8' title='bbox 402 419 550 463; x_wconf 89' lang='lat' dir='ltr'><strong>Quibus</strong></span> <span class='ocrx_word' id='word_1_9' title='bbox 571 421 686 473; x_wconf 91' lang='lat' dir='ltr'>igitur</span> <span class='ocrx_word' id='word_1_10' title='bbox 707 423 816 461; x_wconf 87' lang='lat' dir='ltr'>malis</span> <span class='ocrx_word' id='word_1_11' title='bbox 835 431 874 462; x_wconf 89' lang='lat' dir='ltr'>et</span> <span class='ocrx_word' id='word_1_12' title='bbox 894 426 1058 475; x_wconf 85' lang='lat' dir='ltr'>negotiis</span> <span class='ocrx_word' id='word_1_13' title='bbox 1090 425 1127 462; x_wconf 92' lang='lat' dir='ltr'>in</span> <span class='ocrx_word' id='word_1_14' title='bbox 1147 430 1228 462; x_wconf 88' lang='lat' dir='ltr'>toto</span> <span class='ocrx_word' id='word_1_15' title='bbox 1255 424 1385 462; x_wconf 86' lang='lat' dir='ltr'>itinere</span> <span class='ocrx_word' id='word_1_16' title='bbox 1411 425 1481 462; x_wconf 87' lang='lat' dir='ltr'>sim</span> <span class='ocrx_word' id='word_1_17' title='bbox 1507 424 1707 462; x_wconf 85' lang='lat' dir='ltr'>conflicta-</span> 
     </span>
     <span class='ocr_line' id='line_1_4' title="bbox 255 479 1711 536; baseline 0.005 -21"><span class='ocrx_word' id='word_1_18' title='bbox 255 485 331 525; x_wconf 82' lang='lat' dir='ltr'>tus,</span> <span class='ocrx_word' id='word_1_19' title='bbox 347 479 506 521; x_wconf 90' lang='lat' dir='ltr'>vidistis.</span> <span class='ocrx_word' id='word_1_20' title='bbox 564 484 667 526; x_wconf 86' lang='lat' dir='ltr'>Quid</span> <span class='ocrx_word' id='word_1_21' title='bbox 689 485 789 522; x_wconf 88' lang='lat' dir='ltr'>enim</span> <span class='ocrx_word' id='word_1_22' title='bbox 818 498 883 523; x_wconf 85' lang='lat' dir='ltr'>eos</span> <span class='ocrx_word' id='word_1_23' title='bbox 905 486 980 523; x_wconf 91' lang='lat' dir='ltr'>illic</span> <span class='ocrx_word' id='word_1_24' title='bbox 1009 486 1147 523; x_wconf 83' lang='lat' dir='ltr'>fecisse</span> <span class='ocrx_word' id='word_1_25' title='bbox 1167 486 1323 536; x_wconf 89' lang='lat' dir='ltr'>putatis,</span> <span class='ocrx_word' id='word_1_26' title='bbox 1345 486 1435 523; x_wconf 89' lang='lat' dir='ltr'>dum</span> <span class='ocrx_word' id='word_1_27' title='bbox 1455 498 1574 536; x_wconf 81' lang='lat' dir='ltr'>prope</span> <span class='ocrx_word' id='word_1_28' title='bbox 1594 485 1711 536; x_wconf 81' lang='lat' dir='ltr'>largi-</span> 
     </span>
     <span class='ocr_line' id='line_1_5' title="bbox 253 546 1707 597; baseline 0.004 -20"><span class='ocrx_word' id='word_1_29' title='bbox 253 546 375 579; x_wconf 85' lang='lat' dir='ltr'>torem</span> <span class='ocrx_word' id='word_1_30' title='bbox 410 552 554 590; x_wconf 89' lang='lat' dir='ltr'>essent,</span> <span class='ocrx_word' id='word_1_31' title='bbox 574 558 659 582; x_wconf 89' lang='lat' dir='ltr'>cum</span> <span class='ocrx_word' id='word_1_32' title='bbox 681 546 897 584; x_wconf 86' lang='lat' dir='ltr'>videntibus</span> <span class='ocrx_word' id='word_1_33' title='bbox 919 547 1040 593; x_wconf 90' lang='lat' dir='ltr'>vobis,</span> <span class='ocrx_word' id='word_1_34' title='bbox 1058 547 1122 597; x_wconf 90' lang='lat' dir='ltr'>qui</span> <span class='ocrx_word' id='word_1_35' title='bbox 1156 547 1322 585; x_wconf 87' lang='lat' dir='ltr'>habendi</span> <span class='ocrx_word' id='word_1_36' title='bbox 1354 546 1522 590; x_wconf 86' lang='lat' dir='ltr'>honoris,</span> <span class='ocrx_word' id='word_1_37' title='bbox 1555 552 1707 584; x_wconf 82' lang='lat' dir='ltr'>contra·</span> 
     </span>
     <span class='ocr_line' id='line_1_6' title="bbox 253 602 1710 658; baseline 0.003 -19"><span class='ocrx_word' id='word_1_38' title='bbox 253 614 327 651; x_wconf 88' lang='lat' dir='ltr'>que</span> <span class='ocrx_word' id='word_1_39' title='bbox 349 602 565 654; x_wconf 83' lang='lat' dir='ltr'>irrogandae</span> <span class='ocrx_word' id='word_1_40' title='bbox 585 606 737 643; x_wconf 81' lang='lat' dir='ltr'>mulctae</span> <span class='ocrx_word' id='word_1_41' title='bbox 761 614 953 657; x_wconf 82' lang='lat' dir='ltr'>potestate</span> <span class='ocrx_word' id='word_1_42' title='bbox 973 608 1123 652; x_wconf 83' lang='lat' dir='ltr'>valetis,</span> <span class='ocrx_word' id='word_1_43' title='bbox 1144 608 1216 645; x_wconf 85' lang='lat' dir='ltr'>ista</span> <span class='ocrx_word' id='word_1_44' title='bbox 1236 607 1466 658; x_wconf 77' lang='lat' dir='ltr'>designent?</span> <span class='ocrx_word' id='word_1_45' title='bbox 1498 608 1540 644; x_wconf 88' lang='lat' dir='ltr'>ln</span> <span class='ocrx_word' id='word_1_46' title='bbox 1561 618 1710 643; x_wconf 88' lang='lat' dir='ltr'>summa</span> 
     </span>
     <span class='ocr_line' id='line_1_7' title="bbox 253 661 1708 719; baseline 0.004 -21"><span class='ocrx_word' id='word_1_47' title='bbox 253 661 368 712; x_wconf 80' lang='lat' dir='ltr'>igitur</span> <span class='ocrx_word' id='word_1_48' title='bbox 399 666 528 715; x_wconf 83' lang='lat' dir='ltr'>capita</span> <span class='ocrx_word' id='word_1_49' title='bbox 562 667 816 704; x_wconf 88' lang='lat' dir='ltr'>accusationis</span> <span class='ocrx_word' id='word_1_50' title='bbox 844 669 891 705; x_wconf 91' lang='lat' dir='ltr'>ab</span> <span class='ocrx_word' id='word_1_51' title='bbox 917 669 1022 706; x_wconf 92' lang='lat' dir='ltr'>initio</span> <span class='ocrx_word' id='word_1_52' title='bbox 1056 669 1252 719; x_wconf 80' lang='lat' dir='ltr'>colligam,</span> <span class='ocrx_word' id='word_1_53' title='bbox 1275 675 1317 705; x_wconf 90' lang='lat' dir='ltr'>ut</span> <span class='ocrx_word' id='word_1_54' title='bbox 1335 681 1380 706; x_wconf 87' lang='lat' dir='ltr'>ea</span> <span class='ocrx_word' id='word_1_55' title='bbox 1399 681 1458 705; x_wconf 89' lang='lat' dir='ltr'>me</span> <span class='ocrx_word' id='word_1_56' title='bbox 1484 668 1708 719; x_wconf 63' lang='lat' dir='ltr'>praestitisse</span> 
     </span>
     <span class='ocr_line' id='line_1_8' title="bbox 254 723 1709 780; baseline 0.003 -19"><span class='ocrx_word' id='word_1_57' title='bbox 254 723 524 772; x_wconf 87' lang='lat' dir='ltr'>demonstrem,</span> <span class='ocrx_word' id='word_1_58' title='bbox 546 739 632 778; x_wconf 83' lang='lat' dir='ltr'>quae</span> <span class='ocrx_word' id='word_1_59' title='bbox 659 728 697 765; x_wconf 90' lang='lat' dir='ltr'>in</span> <span class='ocrx_word' id='word_1_60' title='bbox 728 729 914 780; x_wconf 89' lang='lat' dir='ltr'>principio</span> <span class='ocrx_word' id='word_1_61' title='bbox 938 730 1132 776; x_wconf 87' lang='lat' dir='ltr'>orationis,</span> <span class='ocrx_word' id='word_1_62' title='bbox 1153 744 1212 768; x_wconf 90' lang='lat' dir='ltr'>me</span> <span class='ocrx_word' id='word_1_63' title='bbox 1233 730 1341 768; x_wconf 90' lang='lat' dir='ltr'>vobis</span> <span class='ocrx_word' id='word_1_64' title='bbox 1362 736 1603 767; x_wconf 81' lang='lat' dir='ltr'>ostensurum</span> <span class='ocrx_word' id='word_1_65' title='bbox 1623 741 1709 766; x_wconf 88' lang='lat' dir='ltr'>esse</span> 
     </span>
     <span class='ocr_line' id='line_1_9' title="bbox 253 785 1709 835; baseline 0.004 -15"><span class='ocrx_word' id='word_1_66' title='bbox 253 798 338 821; x_wconf 88' lang='lat' dir='ltr'>sum</span> <span class='ocrx_word' id='word_1_67' title='bbox 356 785 560 835; x_wconf 82' lang='lat' dir='ltr'>pollicitus.</span> <span class='ocrx_word' id='word_1_68' title='bbox 612 788 881 828; x_wconf 89' lang='lat' dir='ltr'>Demonstravi</span> <span class='ocrx_word' id='word_1_69' title='bbox 901 804 988 829; x_wconf 90' lang='lat' dir='ltr'>eum</span> <span class='ocrx_word' id='word_1_70' title='bbox 1002 791 1094 828; x_wconf 92' lang='lat' dir='ltr'>nihil</span> <span class='ocrx_word' id='word_1_71' title='bbox 1111 790 1358 829; x_wconf 83' lang='lat' dir='ltr'>renunciasse</span> <span class='ocrx_word' id='word_1_72' title='bbox 1380 790 1472 835; x_wconf 89' lang='lat' dir='ltr'>veri,</span> <span class='ocrx_word' id='word_1_73' title='bbox 1491 790 1560 828; x_wconf 91' lang='lat' dir='ltr'>sed</span> <span class='ocrx_word' id='word_1_74' title='bbox 1577 790 1709 827; x_wconf 84' lang='lat' dir='ltr'>fucum</span> 
     </span>
     <span class='ocr_line' id='line_1_10' title="bbox 251 844 1710 899; baseline 0.005 -18"><span class='ocrx_word' id='word_1_75' title='bbox 251 844 392 883; x_wconf 86' lang='lat' dir='ltr'>fecisse</span> <span class='ocrx_word' id='word_1_76' title='bbox 411 849 532 894; x_wconf 93' lang='lat' dir='ltr'>vobis,</span> <span class='ocrx_word' id='word_1_77' title='bbox 563 848 729 899; x_wconf 87' lang='lat' dir='ltr'>ipsarum</span> <span class='ocrx_word' id='word_1_78' title='bbox 759 864 886 889; x_wconf 88' lang='lat' dir='ltr'>rerum</span> <span class='ocrx_word' id='word_1_79' title='bbox 917 866 994 890; x_wconf 90' lang='lat' dir='ltr'>non</span> <span class='ocrx_word' id='word_1_80' title='bbox 1012 853 1216 890; x_wconf 83' lang='lat' dir='ltr'>verborum</span> <span class='ocrx_word' id='word_1_81' title='bbox 1247 852 1475 889; x_wconf 83' lang='lat' dir='ltr'>testimoniis</span> <span class='ocrx_word' id='word_1_82' title='bbox 1497 864 1613 889; x_wconf 85' lang='lat' dir='ltr'>usus:</span> <span class='ocrx_word' id='word_1_83' title='bbox 1644 850 1710 888; x_wconf 88' lang='lat' dir='ltr'>de-</span> 
     </span>
     <span class='ocr_line' id='line_1_11' title="bbox 252 909 1711 963; baseline 0.004 -19"><span class='ocrx_word' id='word_1_84' title='bbox 252 909 476 956; x_wconf 86' lang='lat' dir='ltr'>monstravi,</span> <span class='ocrx_word' id='word_1_85' title='bbox 497 924 584 948; x_wconf 88' lang='lat' dir='ltr'>eum</span> <span class='ocrx_word' id='word_1_86' title='bbox 604 912 641 949; x_wconf 94' lang='lat' dir='ltr'>in</span> <span class='ocrx_word' id='word_1_87' title='bbox 669 926 788 951; x_wconf 88' lang='lat' dir='ltr'>causa</span> <span class='ocrx_word' id='word_1_88' title='bbox 805 913 940 963; x_wconf 81' lang='lat' dir='ltr'>fuisse,</span> <span class='ocrx_word' id='word_1_89' title='bbox 960 928 1007 952; x_wconf 90' lang='lat' dir='ltr'>ne</span> <span class='ocrx_word' id='word_1_90' title='bbox 1027 928 1094 952; x_wconf 95' lang='lat' dir='ltr'>vos</span> <span class='ocrx_word' id='word_1_91' title='bbox 1117 927 1205 952; x_wconf 78' lang='lat' dir='ltr'>vera</span> <span class='ocrx_word' id='word_1_92' title='bbox 1232 926 1279 952; x_wconf 88' lang='lat' dir='ltr'>ex</span> <span class='ocrx_word' id='word_1_93' title='bbox 1313 927 1372 950; x_wconf 88' lang='lat' dir='ltr'>me</span> <span class='ocrx_word' id='word_1_94' title='bbox 1399 913 1529 951; x_wconf 88' lang='lat' dir='ltr'>audire</span> <span class='ocrx_word' id='word_1_95' title='bbox 1550 912 1711 958; x_wconf 84' lang='lat' dir='ltr'>velletis,</span> 
     </span>
     <span class='ocr_line' id='line_1_12' title="bbox 252 970 1714 1025; baseline 0.003 -19"><span class='ocrx_word' id='word_1_96' title='bbox 252 975 333 1006; x_wconf 90' lang='lat' dir='ltr'>tum</span> <span class='ocrx_word' id='word_1_97' title='bbox 365 970 471 1008; x_wconf 88' lang='lat' dir='ltr'>istius</span> <span class='ocrx_word' id='word_1_98' title='bbox 498 973 694 1022; x_wconf 86' lang='lat' dir='ltr'>promissis</span> <span class='ocrx_word' id='word_1_99' title='bbox 734 982 774 1012; x_wconf 92' lang='lat' dir='ltr'>et</span> <span class='ocrx_word' id='word_1_100' title='bbox 803 975 1145 1025; x_wconf 86' lang='lat' dir='ltr'>pollicitationibus</span> <span class='ocrx_word' id='word_1_101' title='bbox 1179 974 1368 1024; x_wconf 86' lang='lat' dir='ltr'>occupati,</span> <span class='ocrx_word' id='word_1_102' title='bbox 1402 985 1489 1011; x_wconf 88' lang='lat' dir='ltr'>cum</span> <span class='ocrx_word' id='word_1_103' title='bbox 1527 974 1557 1011; x_wconf 91' lang='lat' dir='ltr'>is</span> <span class='ocrx_word' id='word_1_104' title='bbox 1585 973 1714 1010; x_wconf 89' lang='lat' dir='ltr'>omnia</span> 
     </span>
     <span class='ocr_line' id='line_1_13' title="bbox 253 1034 1712 1085; baseline 0.003 -19"><span class='ocrx_word' id='word_1_105' title='bbox 253 1037 386 1068; x_wconf 86' lang='lat' dir='ltr'>contra</span> <span class='ocrx_word' id='word_1_106' title='bbox 407 1044 521 1082; x_wconf 87' lang='lat' dir='ltr'>quam</span> <span class='ocrx_word' id='word_1_107' title='bbox 542 1035 711 1084; x_wconf 88' lang='lat' dir='ltr'>oportuit</span> <span class='ocrx_word' id='word_1_108' title='bbox 730 1035 930 1081; x_wconf 81' lang='lat' dir='ltr'>suasisset,</span> <span class='ocrx_word' id='word_1_109' title='bbox 950 1042 988 1073; x_wconf 90' lang='lat' dir='ltr'>et</span> <span class='ocrx_word' id='word_1_110' title='bbox 1008 1037 1200 1074; x_wconf 85' lang='lat' dir='ltr'>sociorum</span> <span class='ocrx_word' id='word_1_111' title='bbox 1231 1035 1463 1085; x_wconf 80' lang='lat' dir='ltr'>refragatum</span> <span class='ocrx_word' id='word_1_112' title='bbox 1499 1047 1583 1072; x_wconf 88' lang='lat' dir='ltr'>esse</span> <span class='ocrx_word' id='word_1_113' title='bbox 1611 1034 1712 1084; x_wconf 82' lang='lat' dir='ltr'>paci,</span> 
     </span>
     <span class='ocr_line' id='line_1_14' title="bbox 255 1090 1712 1146; baseline 0.004 -20"><span class='ocrx_word' id='word_1_114' title='bbox 255 1090 522 1131; x_wconf 86' lang='lat' dir='ltr'>Philocraticae</span> <span class='ocrx_word' id='word_1_115' title='bbox 543 1094 819 1145; x_wconf 82' lang='lat' dir='ltr'>suffragatum:</span> <span class='ocrx_word' id='word_1_116' title='bbox 849 1103 1024 1146; x_wconf 87' lang='lat' dir='ltr'>tempora</span> <span class='ocrx_word' id='word_1_117' title='bbox 1052 1097 1293 1142; x_wconf 82' lang='lat' dir='ltr'>contrivisse,</span> <span class='ocrx_word' id='word_1_118' title='bbox 1313 1104 1356 1133; x_wconf 90' lang='lat' dir='ltr'>ut</span> <span class='ocrx_word' id='word_1_119' title='bbox 1389 1109 1460 1133; x_wconf 85' lang='lat' dir='ltr'>nec</span> <span class='ocrx_word' id='word_1_120' title='bbox 1491 1096 1522 1132; x_wconf 90' lang='lat' dir='ltr'>si</span> <span class='ocrx_word' id='word_1_121' title='bbox 1549 1095 1712 1141; x_wconf 82' lang='lat' dir='ltr'>velletis,</span> 
     </span>
     <span class='ocr_line' id='line_1_15' title="bbox 253 1152 1712 1207; baseline 0.003 -19"><span class='ocrx_word' id='word_1_122' title='bbox 253 1152 418 1200; x_wconf 87' lang='lat' dir='ltr'>possetis</span> <span class='ocrx_word' id='word_1_123' title='bbox 440 1154 603 1193; x_wconf 80' lang='lat' dir='ltr'>educere</span> <span class='ocrx_word' id='word_1_124' title='bbox 625 1156 757 1207; x_wconf 91' lang='lat' dir='ltr'>copias</span> <span class='ocrx_word' id='word_1_125' title='bbox 778 1157 817 1194; x_wconf 92' lang='lat' dir='ltr'>in</span> <span class='ocrx_word' id='word_1_126' title='bbox 849 1157 1085 1195; x_wconf 84' lang='lat' dir='ltr'>Phocidem:</span> <span class='ocrx_word' id='word_1_127' title='bbox 1116 1165 1154 1195; x_wconf 89' lang='lat' dir='ltr'>et</span> <span class='ocrx_word' id='word_1_128' title='bbox 1179 1158 1252 1195; x_wconf 87' lang='lat' dir='ltr'>alia</span> <span class='ocrx_word' id='word_1_129' title='bbox 1281 1158 1403 1195; x_wconf 89' lang='lat' dir='ltr'>multa</span> <span class='ocrx_word' id='word_1_130' title='bbox 1437 1163 1475 1194; x_wconf 89' lang='lat' dir='ltr'>et</span> <span class='ocrx_word' id='word_1_131' title='bbox 1503 1156 1646 1194; x_wconf 87' lang='lat' dir='ltr'>atrocia</span> <span class='ocrx_word' id='word_1_132' title='bbox 1674 1156 1712 1193; x_wconf 82' lang='lat' dir='ltr'>in</span> 
     </span>
     <span class='ocr_line' id='line_1_16' title="bbox 253 1213 1713 1269; baseline 0.004 -19"><span class='ocrx_word' id='word_1_133' title='bbox 253 1213 386 1252; x_wconf 67' lang='lat' dir='ltr'>itinere</span> <span class='ocrx_word' id='word_1_134' title='bbox 421 1217 682 1255; x_wconf 85' lang='lat' dir='ltr'>commisisse:</span> <span class='ocrx_word' id='word_1_135' title='bbox 711 1219 927 1269; x_wconf 85' lang='lat' dir='ltr'>prodidisse</span> <span class='ocrx_word' id='word_1_136' title='bbox 959 1219 1110 1256; x_wconf 87' lang='lat' dir='ltr'>omnia:</span> <span class='ocrx_word' id='word_1_137' title='bbox 1140 1219 1382 1256; x_wconf 85' lang='lat' dir='ltr'>vendidisse:</span> <span class='ocrx_word' id='word_1_138' title='bbox 1414 1220 1608 1269; x_wconf 84' lang='lat' dir='ltr'>accepisse</span> <span class='ocrx_word' id='word_1_139' title='bbox 1629 1231 1713 1255; x_wconf 89' lang='lat' dir='ltr'>mu-</span> 
     </span>
     <span class='ocr_line' id='line_1_17' title="bbox 254 1276 1714 1330; baseline 0.003 -19"><span class='ocrx_word' id='word_1_140' title='bbox 254 1286 373 1312; x_wconf 85' lang='lat' dir='ltr'>nera:</span> <span class='ocrx_word' id='word_1_141' title='bbox 404 1276 554 1314; x_wconf 86' lang='lat' dir='ltr'>nullum</span> <span class='ocrx_word' id='word_1_142' title='bbox 587 1279 802 1328; x_wconf 85' lang='lat' dir='ltr'>praeterisse</span> <span class='ocrx_word' id='word_1_143' title='bbox 826 1279 1077 1330; x_wconf 83' lang='lat' dir='ltr'>improbitatis</span> <span class='ocrx_word' id='word_1_144' title='bbox 1107 1293 1242 1330; x_wconf 81' lang='lat' dir='ltr'>genus.</span> <span class='ocrx_word' id='word_1_145' title='bbox 1300 1280 1396 1316; x_wconf 83' lang='lat' dir='ltr'>Haec</span> <span class='ocrx_word' id='word_1_146' title='bbox 1418 1279 1530 1329; x_wconf 88' lang='lat' dir='ltr'>igitur</span> <span class='ocrx_word' id='word_1_147' title='bbox 1550 1279 1587 1316; x_wconf 92' lang='lat' dir='ltr'>in</span> <span class='ocrx_word' id='word_1_148' title='bbox 1607 1280 1714 1330; x_wconf 88' lang='lat' dir='ltr'>prin-</span> 
     </span>
     <span class='ocr_line' id='line_1_18' title="bbox 255 1335 1704 1387; baseline 0.008 -16"><span class='ocrx_word' id='word_1_149' title='bbox 255 1335 355 1385; x_wconf 92' lang='lat' dir='ltr'>cipio</span> <span class='ocrx_word' id='word_1_150' title='bbox 377 1338 546 1387; x_wconf 83' lang='lat' dir='ltr'>promisi,</span> <span class='ocrx_word' id='word_1_151' title='bbox 569 1339 654 1376; x_wconf 85' lang='lat' dir='ltr'>haec</span> <span class='ocrx_word' id='word_1_152' title='bbox 671 1340 943 1378; x_wconf 87' lang='lat' dir='ltr'>demonstravi.</span> <span class='ocrx_word' id='word_1_153' title='bbox 1702 1340 1704 1343; x_wconf 38' lang='lat'>⁵</span> 
     </span>
    </p>

    <p class='ocr_par' dir='ltr' id='par_1_4' title="bbox 251 1396 1723 2797">
     <span class='ocr_line' id='line_1_19' title="bbox 310 1396 1713 1453; baseline 0.004 -20"><span class='ocrx_word' id='word_1_154' title='bbox 310 1396 378 1433; x_wconf 84' lang='lat'>54.</span> <span class='ocrx_word' id='word_1_155' title='bbox 409 1397 498 1435; x_wconf 87' lang='lat' dir='ltr'>Jam</span> <span class='ocrx_word' id='word_1_156' title='bbox 518 1399 610 1449; x_wconf 89' lang='lat' dir='ltr'>quid</span> <span class='ocrx_word' id='word_1_157' title='bbox 642 1400 830 1450; x_wconf 90' lang='lat' dir='ltr'>reliquum</span> <span class='ocrx_word' id='word_1_158' title='bbox 851 1400 911 1443; x_wconf 87' lang='lat' dir='ltr'>sit,</span> <span class='ocrx_word' id='word_1_159' title='bbox 931 1401 1079 1444; x_wconf 82' lang='lat' dir='ltr'>videte;</span> <span class='ocrx_word' id='word_1_160' title='bbox 1112 1401 1273 1453; x_wconf 84' lang='lat' dir='ltr'>sirnplex</span> <span class='ocrx_word' id='word_1_161' title='bbox 1301 1401 1400 1440; x_wconf 89' lang='lat' dir='ltr'>enim</span> <span class='ocrx_word' id='word_1_162' title='bbox 1429 1408 1490 1439; x_wconf 84' lang='lat' dir='ltr'>est</span> <span class='ocrx_word' id='word_1_163' title='bbox 1509 1414 1594 1452; x_wconf 84' lang='lat' dir='ltr'>quae</span> <span class='ocrx_word' id='word_1_164' title='bbox 1621 1402 1713 1439; x_wconf 87' lang='lat' dir='ltr'>mihi</span> 
     </span>
     <span class='ocr_line' id='line_1_20' title="bbox 251 1456 1714 1515; baseline 0.007 -23"><span class='ocrx_word' id='word_1_165' title='bbox 251 1456 332 1504; x_wconf 87' lang='lat' dir='ltr'>jam</span> <span class='ocrx_word' id='word_1_166' title='bbox 355 1458 551 1496; x_wconf 80' lang='lat' dir='ltr'>vobiscum</span> <span class='ocrx_word' id='word_1_167' title='bbox 577 1460 648 1497; x_wconf 86' lang='lat' dir='ltr'>erit</span> <span class='ocrx_word' id='word_1_168' title='bbox 677 1462 812 1499; x_wconf 42' lang='lat' dir='ltr'>oratio,</span> <span class='ocrx_word' id='word_1_169' title='bbox 869 1462 1037 1500; x_wconf 87' lang='lat' dir='ltr'>Jurastis</span> <span class='ocrx_word' id='word_1_170' title='bbox 1058 1476 1125 1500; x_wconf 86' lang='lat' dir='ltr'>vos</span> <span class='ocrx_word' id='word_1_171' title='bbox 1153 1463 1477 1514; x_wconf 84' lang='lat' dir='ltr'>pronunciaturos</span> <span class='ocrx_word' id='word_1_172' title='bbox 1499 1477 1545 1501; x_wconf 87' lang='lat' dir='ltr'>ex</span> <span class='ocrx_word' id='word_1_173' title='bbox 1564 1463 1714 1515; x_wconf 85' lang='lat' dir='ltr'>legibus</span> 
     </span>
     <span class='ocr_line' id='line_1_21' title="bbox 257 1518 1716 1574; baseline 0.005 -20"><span class='ocrx_word' id='word_1_174' title='bbox 257 1523 297 1554; x_wconf 78' lang='lat' dir='ltr'>et</span> <span class='ocrx_word' id='word_1_175' title='bbox 322 1518 547 1568; x_wconf 79' lang='lat' dir='ltr'>plebiscitis,</span> <span class='ocrx_word' id='word_1_176' title='bbox 578 1528 616 1558; x_wconf 90' lang='lat' dir='ltr'>et</span> <span class='ocrx_word' id='word_1_177' title='bbox 650 1522 815 1560; x_wconf 87' lang='lat' dir='ltr'>decretis</span> <span class='ocrx_word' id='word_1_178' title='bbox 851 1530 1006 1561; x_wconf 88' lang='lat' dir='ltr'>senatus</span> <span class='ocrx_word' id='word_1_179' title='bbox 1040 1525 1358 1574; x_wconf 81' lang='lat' dir='ltr'>quingentorum:</span> <span class='ocrx_word' id='word_1_180' title='bbox 1391 1532 1544 1562; x_wconf 85' lang='lat' dir='ltr'>constat</span> <span class='ocrx_word' id='word_1_181' title='bbox 1572 1530 1716 1571; x_wconf 87' lang='lat' dir='ltr'>autem,</span> 
     </span>
     <span class='ocr_line' id='line_1_22' title="bbox 254 1577 1713 1636; baseline 0.007 -22"><span class='ocrx_word' id='word_1_182' title='bbox 254 1577 372 1616; x_wconf 90' lang='lat' dir='ltr'>istum</span> <span class='ocrx_word' id='word_1_183' title='bbox 390 1581 518 1618; x_wconf 89' lang='lat' dir='ltr'>omnia</span> <span class='ocrx_word' id='word_1_184' title='bbox 538 1582 727 1621; x_wconf 84' lang='lat' dir='ltr'>contraria</span> <span class='ocrx_word' id='word_1_185' title='bbox 739 1583 900 1633; x_wconf 81' lang='lat' dir='ltr'>legibus,</span> <span class='ocrx_word' id='word_1_186' title='bbox 914 1585 1090 1632; x_wconf 84' lang='lat' dir='ltr'>decretis,</span> <span class='ocrx_word' id='word_1_187' title='bbox 1104 1585 1286 1623; x_wconf 87' lang='lat' dir='ltr'>institutis</span> <span class='ocrx_word' id='word_1_188' title='bbox 1301 1586 1337 1623; x_wconf 91' lang='lat' dir='ltr'>in</span> <span class='ocrx_word' id='word_1_189' title='bbox 1351 1585 1546 1636; x_wconf 87' lang='lat' dir='ltr'>legatione</span> <span class='ocrx_word' id='word_1_190' title='bbox 1560 1587 1713 1625; x_wconf 85' lang='lat' dir='ltr'>fecisse.</span> 
     </span>
     <span class='ocr_line' id='line_1_23' title="bbox 259 1638 1714 1697; baseline 0.008 -22"><span class='ocrx_word' id='word_1_191' title='bbox 259 1638 356 1676; x_wconf 85' lang='lat' dir='ltr'>Eum</span> <span class='ocrx_word' id='word_1_192' title='bbox 378 1640 491 1689; x_wconf 77' lang='lat' dir='ltr'>igitur</span> <span class='ocrx_word' id='word_1_193' title='bbox 510 1643 763 1681; x_wconf 84' lang='lat' dir='ltr'>condemnari</span> <span class='ocrx_word' id='word_1_194' title='bbox 783 1646 963 1682; x_wconf 85' lang='lat' dir='ltr'>convenit</span> <span class='ocrx_word' id='word_1_195' title='bbox 989 1660 1011 1683; x_wconf 91' lang='lat' dir='ltr'>a</span> <span class='ocrx_word' id='word_1_196' title='bbox 1030 1646 1197 1684; x_wconf 82' lang='lat' dir='ltr'>cordatis</span> <span class='ocrx_word' id='word_1_197' title='bbox 1211 1647 1422 1697; x_wconf 89' lang='lat' dir='ltr'>judicibus.</span> <span class='ocrx_word' id='word_1_198' title='bbox 1480 1647 1583 1685; x_wconf 89' lang='lat' dir='ltr'>Nam</span> <span class='ocrx_word' id='word_1_199' title='bbox 1605 1648 1636 1685; x_wconf 89' lang='lat' dir='ltr'>si</span> <span class='ocrx_word' id='word_1_200' title='bbox 1656 1650 1714 1686; x_wconf 86' lang='lat' dir='ltr'>ni-</span> 
     </span>
     <span class='ocr_line' id='line_1_24' title="bbox 257 1698 1716 1758; baseline 0.009 -23"><span class='ocrx_word' id='word_1_201' title='bbox 257 1698 311 1735; x_wconf 92' lang='lat' dir='ltr'>hil</span> <span class='ocrx_word' id='word_1_202' title='bbox 331 1699 436 1738; x_wconf 89' lang='lat' dir='ltr'>aliud</span> <span class='ocrx_word' id='word_1_203' title='bbox 461 1705 729 1750; x_wconf 83' lang='lat' dir='ltr'>commisisset,</span> <span class='ocrx_word' id='word_1_204' title='bbox 751 1705 829 1743; x_wconf 89' lang='lat' dir='ltr'>duo</span> <span class='ocrx_word' id='word_1_205' title='bbox 863 1712 991 1744; x_wconf 88' lang='lat' dir='ltr'>tamen</span> <span class='ocrx_word' id='word_1_206' title='bbox 1018 1708 1100 1758; x_wconf 87' lang='lat' dir='ltr'>ejus</span> <span class='ocrx_word' id='word_1_207' title='bbox 1135 1708 1307 1746; x_wconf 81' lang='lat' dir='ltr'>facinora</span> <span class='ocrx_word' id='word_1_208' title='bbox 1336 1716 1458 1746; x_wconf 87' lang='lat' dir='ltr'>morte</span> <span class='ocrx_word' id='word_1_209' title='bbox 1490 1709 1716 1748; x_wconf 87' lang='lat' dir='ltr'>mulctanda</span> 
     </span>
     <span class='ocr_line' id='line_1_25' title="bbox 257 1763 1718 1820; baseline 0.006 -22"><span class='ocrx_word' id='word_1_210' title='bbox 257 1769 399 1799; x_wconf 85' lang='lat' dir='ltr'>essent.</span> <span class='ocrx_word' id='word_1_211' title='bbox 457 1763 593 1815; x_wconf 88' lang='lat' dir='ltr'>Neque</span> <span class='ocrx_word' id='word_1_212' title='bbox 614 1765 713 1802; x_wconf 83' lang='lat' dir='ltr'>enirn</span> <span class='ocrx_word' id='word_1_213' title='bbox 733 1766 957 1805; x_wconf 82' lang='lat' dir='ltr'>Phocenses</span> <span class='ocrx_word' id='word_1_214' title='bbox 977 1774 1141 1813; x_wconf 85' lang='lat' dir='ltr'>tantum,</span> <span class='ocrx_word' id='word_1_215' title='bbox 1171 1769 1239 1806; x_wconf 87' lang='lat' dir='ltr'>sed</span> <span class='ocrx_word' id='word_1_216' title='bbox 1271 1775 1309 1806; x_wconf 88' lang='lat' dir='ltr'>et</span> <span class='ocrx_word' id='word_1_217' title='bbox 1328 1769 1528 1806; x_wconf 81' lang='lat' dir='ltr'>Thraciam</span> <span class='ocrx_word' id='word_1_218' title='bbox 1549 1770 1718 1820; x_wconf 83' lang='lat' dir='ltr'>prodidit</span> 
     </span>
     <span class='ocr_line' id='line_1_26' title="bbox 259 1822 1715 1878; baseline 0.007 -20"><span class='ocrx_word' id='word_1_219' title='bbox 259 1822 448 1873; x_wconf 82' lang='lat' dir='ltr'>Philippo.</span> <span class='ocrx_word' id='word_1_220' title='bbox 506 1825 557 1862; x_wconf 86' lang='lat' dir='ltr'>At</span> <span class='ocrx_word' id='word_1_221' title='bbox 585 1826 662 1863; x_wconf 91' lang='lat' dir='ltr'>duo</span> <span class='ocrx_word' id='word_1_222' title='bbox 689 1827 777 1864; x_wconf 87' lang='lat' dir='ltr'>loca</span> <span class='ocrx_word' id='word_1_223' title='bbox 809 1829 960 1865; x_wconf 84' lang='lat' dir='ltr'>utiliora</span> <span class='ocrx_word' id='word_1_224' title='bbox 989 1829 1208 1878; x_wconf 81' lang='lat' dir='ltr'>reipublicae</span> <span class='ocrx_word' id='word_1_225' title='bbox 1227 1830 1265 1865; x_wconf 88' lang='lat' dir='ltr'>in</span> <span class='ocrx_word' id='word_1_226' title='bbox 1287 1831 1376 1867; x_wconf 92' lang='lat' dir='ltr'>orbe</span> <span class='ocrx_word' id='word_1_227' title='bbox 1398 1837 1581 1867; x_wconf 75' lang='lat' dir='ltr'>terrarum</span> <span class='ocrx_word' id='word_1_228' title='bbox 1602 1843 1715 1869; x_wconf 89' lang='lat' dir='ltr'>nemo</span> 
     </span>
     <span class='ocr_line' id='line_1_27' title="bbox 259 1883 1715 1943; baseline 0.007 -23"><span class='ocrx_word' id='word_1_229' title='bbox 259 1883 382 1933; x_wconf 88' lang='lat' dir='ltr'>possit</span> <span class='ocrx_word' id='word_1_230' title='bbox 395 1886 610 1932; x_wconf 85' lang='lat' dir='ltr'>ostendere,</span> <span class='ocrx_word' id='word_1_231' title='bbox 630 1887 667 1923; x_wconf 88' lang='lat' dir='ltr'>in</span> <span class='ocrx_word' id='word_1_232' title='bbox 687 1894 801 1934; x_wconf 81' lang='lat' dir='ltr'>terra,</span> <span class='ocrx_word' id='word_1_233' title='bbox 817 1888 936 1938; x_wconf 88' lang='lat' dir='ltr'>Pylis,</span> <span class='ocrx_word' id='word_1_234' title='bbox 955 1888 1225 1940; x_wconf 87' lang='lat' dir='ltr'>Hellesponto,</span> <span class='ocrx_word' id='word_1_235' title='bbox 1244 1890 1280 1927; x_wconf 88' lang='lat' dir='ltr'>in</span> <span class='ocrx_word' id='word_1_236' title='bbox 1303 1891 1395 1927; x_wconf 86' lang='lat' dir='ltr'>mari</span> <span class='ocrx_word' id='word_1_237' title='bbox 1412 1903 1420 1927; x_wconf 87' lang='lat'>:</span> <span class='ocrx_word' id='word_1_238' title='bbox 1451 1904 1534 1941; x_wconf 87' lang='lat' dir='ltr'>quae</span> <span class='ocrx_word' id='word_1_239' title='bbox 1552 1897 1715 1943; x_wconf 88' lang='lat' dir='ltr'>utraque</span> 
     </span>
     <span class='ocr_line' id='line_1_28' title="bbox 260 1944 1715 2002; baseline 0.008 -22"><span class='ocrx_word' id='word_1_240' title='bbox 260 1944 320 1981; x_wconf 86' lang='lat' dir='ltr'>isti</span> <span class='ocrx_word' id='word_1_241' title='bbox 348 1946 534 1996; x_wconf 84' lang='lat' dir='ltr'>flagitiose</span> <span class='ocrx_word' id='word_1_242' title='bbox 567 1948 835 1994; x_wconf 87' lang='lat' dir='ltr'>vendiderunt,</span> <span class='ocrx_word' id='word_1_243' title='bbox 869 1956 907 1987; x_wconf 91' lang='lat' dir='ltr'>et</span> <span class='ocrx_word' id='word_1_244' title='bbox 941 1958 1068 1988; x_wconf 89' lang='lat' dir='ltr'>vestro</span> <span class='ocrx_word' id='word_1_245' title='bbox 1106 1951 1207 1988; x_wconf 89' lang='lat' dir='ltr'>malo</span> <span class='ocrx_word' id='word_1_246' title='bbox 1247 1951 1425 2002; x_wconf 85' lang='lat' dir='ltr'>Philippo</span> <span class='ocrx_word' id='word_1_247' title='bbox 1464 1952 1715 1991; x_wconf 86' lang='lat' dir='ltr'>tradiderunt.</span> 
     </span>
     <span class='ocr_line' id='line_1_29' title="bbox 264 2005 1718 2062; baseline 0.007 -20"><span class='ocrx_word' id='word_1_248' title='bbox 264 2005 365 2043; x_wconf 91' lang='lat' dir='ltr'>Illud</span> <span class='ocrx_word' id='word_1_249' title='bbox 386 2006 510 2057; x_wconf 86' lang='lat' dir='ltr'>ipsum</span> <span class='ocrx_word' id='word_1_250' title='bbox 531 2008 658 2058; x_wconf 85' lang='lat' dir='ltr'>igitur,</span> <span class='ocrx_word' id='word_1_251' title='bbox 688 2016 828 2060; x_wconf 81' lang='lat' dir='ltr'>praeter</span> <span class='ocrx_word' id='word_1_252' title='bbox 859 2018 1000 2057; x_wconf 74' lang='lat' dir='ltr'>cetera,</span> <span class='ocrx_word' id='word_1_253' title='bbox 1017 2019 1199 2062; x_wconf 88' lang='lat' dir='ltr'>quantum</span> <span class='ocrx_word' id='word_1_254' title='bbox 1222 2013 1348 2049; x_wconf 87' lang='lat' dir='ltr'>scelus</span> <span class='ocrx_word' id='word_1_255' title='bbox 1370 2020 1441 2058; x_wconf 90' lang='lat' dir='ltr'>est,</span> <span class='ocrx_word' id='word_1_256' title='bbox 1461 2013 1664 2052; x_wconf 85' lang='lat' dir='ltr'>Thraciam</span> <span class='ocrx_word' id='word_1_257' title='bbox 1679 2022 1718 2052; x_wconf 82' lang='lat' dir='ltr'>et</span> 
     </span>
     <span class='ocr_line' id='line_1_30' title="bbox 262 2067 1720 2126; baseline 0.007 -23"><span class='ocrx_word' id='word_1_258' title='bbox 262 2067 397 2105; x_wconf 90' lang='lat' dir='ltr'>Muros</span> <span class='ocrx_word' id='word_1_259' title='bbox 417 2069 657 2118; x_wconf 76' lang='lat' dir='ltr'>prodidisse?</span> <span class='ocrx_word' id='word_1_260' title='bbox 690 2071 844 2108; x_wconf 86' lang='lat' dir='ltr'>Infinita</span> <span class='ocrx_word' id='word_1_261' title='bbox 874 2072 948 2109; x_wconf 90' lang='lat' dir='ltr'>dici</span> <span class='ocrx_word' id='word_1_262' title='bbox 979 2080 1149 2122; x_wconf 83' lang='lat' dir='ltr'>possent,</span> <span class='ocrx_word' id='word_1_263' title='bbox 1176 2086 1290 2123; x_wconf 88' lang='lat' dir='ltr'>quam</span> <span class='ocrx_word' id='word_1_264' title='bbox 1319 2074 1427 2110; x_wconf 85' lang='lat' dir='ltr'>multi</span> <span class='ocrx_word' id='word_1_265' title='bbox 1454 2081 1609 2126; x_wconf 88' lang='lat' dir='ltr'>propter</span> <span class='ocrx_word' id='word_1_266' title='bbox 1625 2076 1720 2114; x_wconf 86' lang='lat' dir='ltr'>talia</span> 
     </span>
     <span class='ocr_line' id='line_1_31' title="bbox 260 2129 1716 2188; baseline 0.006 -22"><span class='ocrx_word' id='word_1_267' title='bbox 260 2129 432 2168; x_wconf 86' lang='lat' dir='ltr'>facinora</span> <span class='ocrx_word' id='word_1_268' title='bbox 453 2131 565 2168; x_wconf 81' lang='lat' dir='ltr'>etiam</span> <span class='ocrx_word' id='word_1_269' title='bbox 586 2132 775 2170; x_wconf 87' lang='lat' dir='ltr'>interfecti</span> <span class='ocrx_word' id='word_1_270' title='bbox 794 2133 869 2171; x_wconf 88' lang='lat' dir='ltr'>sint</span> <span class='ocrx_word' id='word_1_271' title='bbox 886 2135 990 2184; x_wconf 90' lang='lat' dir='ltr'>apud</span> <span class='ocrx_word' id='word_1_272' title='bbox 1010 2148 1092 2179; x_wconf 90' lang='lat' dir='ltr'>vos,</span> <span class='ocrx_word' id='word_1_273' title='bbox 1114 2135 1208 2173; x_wconf 90' lang='lat' dir='ltr'>alios</span> <span class='ocrx_word' id='word_1_274' title='bbox 1233 2144 1361 2173; x_wconf 86' lang='lat' dir='ltr'>autem</span> <span class='ocrx_word' id='word_1_275' title='bbox 1384 2150 1524 2187; x_wconf 81' lang='lat' dir='ltr'>magna</span> <span class='ocrx_word' id='word_1_276' title='bbox 1545 2151 1629 2175; x_wconf 89' lang='lat' dir='ltr'>esse</span> <span class='ocrx_word' id='word_1_277' title='bbox 1649 2151 1716 2188; x_wconf 91' lang='lat' dir='ltr'>pe-</span> 
     </span>
     <span class='ocr_line' id='line_1_32' title="bbox 261 2191 1717 2249; baseline 0.005 -22"><span class='ocrx_word' id='word_1_278' title='bbox 261 2191 375 2242; x_wconf 76' lang='lat' dir='ltr'>cunia</span> <span class='ocrx_word' id='word_1_279' title='bbox 395 2192 611 2239; x_wconf 78' lang='lat' dir='ltr'>mulctatos,</span> <span class='ocrx_word' id='word_1_280' title='bbox 632 2201 791 2232; x_wconf 90' lang='lat' dir='ltr'>ostensu</span> <span class='ocrx_word' id='word_1_281' title='bbox 823 2208 900 2232; x_wconf 90' lang='lat' dir='ltr'>non</span> <span class='ocrx_word' id='word_1_282' title='bbox 933 2202 992 2233; x_wconf 87' lang='lat' dir='ltr'>est</span> <span class='ocrx_word' id='word_1_283' title='bbox 1021 2196 1192 2239; x_wconf 88' lang='lat' dir='ltr'>difficile;</span> <span class='ocrx_word' id='word_1_284' title='bbox 1225 2203 1267 2234; x_wconf 85' lang='lat' dir='ltr'>ut</span> <span class='ocrx_word' id='word_1_285' title='bbox 1289 2197 1553 2248; x_wconf 81' lang='lat' dir='ltr'>Ergophilum,</span> <span class='ocrx_word' id='word_1_286' title='bbox 1576 2198 1717 2249; x_wconf 89' lang='lat' dir='ltr'>Cephi—</span> 
     </span>
     <span class='ocr_line' id='line_1_33' title="bbox 262 2252 1716 2310; baseline 0.005 -20"><span class='ocrx_word' id='word_1_287' title='bbox 262 2252 455 2299; x_wconf 78' lang='lat' dir='ltr'>sodotum‚</span> <span class='ocrx_word' id='word_1_288' title='bbox 476 2255 765 2294; x_wconf 84' lang='lat' dir='ltr'>Timomachum</span> <span class='ocrx_word' id='word_1_289' title='bbox 784 2270 792 2294; x_wconf 77' lang='grc' dir='ltr'>ε</span> <span class='ocrx_word' id='word_1_290' title='bbox 823 2265 865 2295; x_wconf 89' lang='lat' dir='ltr'>ut</span> <span class='ocrx_word' id='word_1_291' title='bbox 884 2257 975 2294; x_wconf 91' lang='lat' dir='ltr'>olim</span> <span class='ocrx_word' id='word_1_292' title='bbox 996 2258 1201 2308; x_wconf 86' lang='lat' dir='ltr'>aliquando</span> <span class='ocrx_word' id='word_1_293' title='bbox 1223 2258 1438 2309; x_wconf 83' lang='lat' dir='ltr'>Ergoclem,</span> <span class='ocrx_word' id='word_1_294' title='bbox 1469 2259 1716 2310; x_wconf 87' lang='lat' dir='ltr'>Dionysium,</span> 
     </span>
     <span class='ocr_line' id='line_1_34' title="bbox 263 2314 1716 2369; baseline 0.006 -18"><span class='ocrx_word' id='word_1_295' title='bbox 263 2314 372 2360; x_wconf 84' lang='lat' dir='ltr'>alios,</span> <span class='ocrx_word' id='word_1_296' title='bbox 394 2328 490 2366; x_wconf 77' lang='lat' dir='ltr'>quos</span> <span class='ocrx_word' id='word_1_297' title='bbox 510 2316 710 2355; x_wconf 82' lang='lat' dir='ltr'>universos</span> <span class='ocrx_word' id='word_1_298' title='bbox 729 2331 863 2368; x_wconf 85' lang='lat' dir='ltr'>parum</span> <span class='ocrx_word' id='word_1_299' title='bbox 885 2319 993 2356; x_wconf 88' lang='lat' dir='ltr'>abest</span> <span class='ocrx_word' id='word_1_300' title='bbox 1013 2319 1103 2369; x_wconf 88' lang='lat' dir='ltr'>quin</span> <span class='ocrx_word' id='word_1_301' title='bbox 1139 2319 1264 2357; x_wconf 85' lang='lat' dir='ltr'>dicam</span> <span class='ocrx_word' id='word_1_302' title='bbox 1297 2320 1423 2356; x_wconf 87' lang='lat' dir='ltr'>minus</span> <span class='ocrx_word' id='word_1_303' title='bbox 1452 2333 1566 2369; x_wconf 89' lang='lat' dir='ltr'>quam</span> <span class='ocrx_word' id='word_1_304' title='bbox 1599 2321 1716 2359; x_wconf 86' lang='lat' dir='ltr'>istum</span> 
     </span>
     <span class='ocr_line' id='line_1_35' title="bbox 262 2377 1717 2431; baseline 0.006 -19"><span class='ocrx_word' id='word_1_305' title='bbox 262 2377 438 2414; x_wconf 85' lang='lat' dir='ltr'>nocuisse</span> <span class='ocrx_word' id='word_1_306' title='bbox 459 2377 692 2426; x_wconf 82' lang='lat' dir='ltr'>reipublicae.</span> <span class='ocrx_word' id='word_1_307' title='bbox 748 2379 850 2416; x_wconf 56' lang='lat' dir='ltr'>‘Nam</span> <span class='ocrx_word' id='word_1_308' title='bbox 884 2393 929 2417; x_wconf 90' lang='lat' dir='ltr'>eo</span> <span class='ocrx_word' id='word_1_309' title='bbox 960 2387 1143 2430; x_wconf 86' lang='lat' dir='ltr'>tempore,</span> <span class='ocrx_word' id='word_1_310' title='bbox 1164 2380 1438 2426; x_wconf 83' lang='lat' dir='ltr'>Athenienses,</span> <span class='ocrx_word' id='word_1_311' title='bbox 1460 2381 1631 2431; x_wconf 80' lang='lat' dir='ltr'>perleula</span> <span class='ocrx_word' id='word_1_312' title='bbox 1648 2396 1717 2421; x_wconf 89' lang='lat' dir='ltr'>vos</span> 
     </span>
     <span class='ocr_line' id='line_1_36' title="bbox 263 2436 1717 2492; baseline 0.006 -19"><span class='ocrx_word' id='word_1_313' title='bbox 263 2436 470 2474; x_wconf 88' lang='lat' dir='ltr'>etiamnum</span> <span class='ocrx_word' id='word_1_314' title='bbox 489 2439 648 2476; x_wconf 86' lang='lat' dir='ltr'>consilio</span> <span class='ocrx_word' id='word_1_315' title='bbox 668 2441 861 2478; x_wconf 86' lang='lat' dir='ltr'>cavebatis</span> <span class='ocrx_word' id='word_1_316' title='bbox 878 2447 917 2478; x_wconf 89' lang='lat' dir='ltr'>et</span> <span class='ocrx_word' id='word_1_317' title='bbox 945 2441 1235 2491; x_wconf 87' lang='lat' dir='ltr'>prospiciebatis</span> <span class='ocrx_word' id='word_1_318' title='bbox 1253 2454 1262 2478; x_wconf 71' lang='grc' dir='ltr'>ε</span> <span class='ocrx_word' id='word_1_319' title='bbox 1293 2455 1408 2487; x_wconf 89' lang='lat' dir='ltr'>nunc,</span> <span class='ocrx_word' id='word_1_320' title='bbox 1431 2441 1503 2479; x_wconf 88' lang='lat' dir='ltr'>nisi</span> <span class='ocrx_word' id='word_1_321' title='bbox 1523 2443 1629 2492; x_wconf 89' lang='lat' dir='ltr'>quod</span> <span class='ocrx_word' id='word_1_322' title='bbox 1649 2457 1717 2482; x_wconf 90' lang='lat' dir='ltr'>vos</span> 
     </span>
     <span class='ocr_line' id='line_1_37' title="bbox 262 2498 1719 2553; baseline 0.004 -18"><span class='ocrx_word' id='word_1_323' title='bbox 262 2498 432 2549; x_wconf 87' lang='lat' dir='ltr'>quotidie</span> <span class='ocrx_word' id='word_1_324' title='bbox 452 2506 578 2543; x_wconf 88' lang='lat' dir='ltr'>vexat,</span> <span class='ocrx_word' id='word_1_325' title='bbox 602 2509 640 2536; x_wconf 91' lang='lat' dir='ltr'>et</span> <span class='ocrx_word' id='word_1_326' title='bbox 657 2502 861 2551; x_wconf 82' lang='lat' dir='ltr'>praesentia</span> <span class='ocrx_word' id='word_1_327' title='bbox 874 2515 943 2539; x_wconf 88' lang='lat' dir='ltr'>sua</span> <span class='ocrx_word' id='word_1_328' title='bbox 963 2502 1146 2539; x_wconf 86' lang='lat' dir='ltr'>molestiis</span> <span class='ocrx_word' id='word_1_329' title='bbox 1161 2502 1290 2545; x_wconf 82' lang='lat' dir='ltr'>afficit,</span> <span class='ocrx_word' id='word_1_330' title='bbox 1311 2502 1517 2553; x_wconf 76' lang='lat' dir='ltr'>negligitis.</span> <span class='ocrx_word' id='word_1_331' title='bbox 1576 2503 1719 2543; x_wconf 88' lang='lat' dir='ltr'>Postea</span> 
     </span>
     <span class='ocr_line' id='line_1_38' title="bbox 262 2558 1718 2616; baseline 0.005 -19"><span class='ocrx_word' id='word_1_332' title='bbox 262 2560 404 2597; x_wconf 84' lang='lat' dir='ltr'>frustra</span> <span class='ocrx_word' id='word_1_333' title='bbox 435 2559 495 2597; x_wconf 85' lang='lat' dir='ltr'>hic</span> <span class='ocrx_word' id='word_1_334' title='bbox 517 2560 733 2607; x_wconf 87' lang='lat' dir='ltr'>decernitis,</span> <span class='ocrx_word' id='word_1_335' title='bbox 754 2570 793 2600; x_wconf 90' lang='lat' dir='ltr'>et</span> <span class='ocrx_word' id='word_1_336' title='bbox 812 2558 1073 2613; x_wconf 77' lang='lat' dir='ltr'>Cersobleptae</span> <span class='ocrx_word' id='word_1_337' title='bbox 1096 2575 1117 2599; x_wconf 87' lang='lat' dir='ltr'>a</span> <span class='ocrx_word' id='word_1_338' title='bbox 1138 2562 1317 2613; x_wconf 86' lang='lat' dir='ltr'>Philippo</span> <span class='ocrx_word' id='word_1_339' title='bbox 1343 2564 1514 2601; x_wconf 86' lang='lat' dir='ltr'>dandum</span> <span class='ocrx_word' id='word_1_340' title='bbox 1534 2578 1620 2603; x_wconf 86' lang='lat' dir='ltr'>esse</span> <span class='ocrx_word' id='word_1_341' title='bbox 1633 2565 1718 2616; x_wconf 92' lang='lat' dir='ltr'>jus-</span> 
     </span>
     <span class='ocr_line' id='line_1_39' title="bbox 257 2620 1718 2676; baseline 0.004 -18"><span class='ocrx_word' id='word_1_342' title='bbox 257 2620 480 2673; x_wconf 88' lang='lat' dir='ltr'>jurandum,</span> <span class='ocrx_word' id='word_1_343' title='bbox 502 2628 541 2657; x_wconf 91' lang='lat' dir='ltr'>et</span> <span class='ocrx_word' id='word_1_344' title='bbox 562 2620 739 2672; x_wconf 88' lang='lat' dir='ltr'>Philippo</span> <span class='ocrx_word' id='word_1_345' title='bbox 761 2635 837 2660; x_wconf 89' lang='lat' dir='ltr'>non</span> <span class='ocrx_word' id='word_1_346' title='bbox 860 2623 1029 2661; x_wconf 85' lang='lat' dir='ltr'>dandum</span> <span class='ocrx_word' id='word_1_347' title='bbox 1047 2636 1130 2661; x_wconf 84' lang='lat' dir='ltr'>esse</span> <span class='ocrx_word' id='word_1_348' title='bbox 1151 2624 1276 2661; x_wconf 91' lang='lat' dir='ltr'>locum</span> <span class='ocrx_word' id='word_1_349' title='bbox 1290 2624 1388 2662; x_wconf 83' lang='lat' dir='ltr'>&#39;inter</span> <span class='ocrx_word' id='word_1_350' title='bbox 1402 2625 1718 2676; x_wconf 81' lang='lat' dir='ltr'>Amphictyones,</span> 
     </span>
     <span class='ocr_line' id='line_1_40' title="bbox 264 2683 1717 2737; baseline 0.003 -17"><span class='ocrx_word' id='word_1_351' title='bbox 264 2688 305 2720; x_wconf 89' lang='lat' dir='ltr'>et</span> <span class='ocrx_word' id='word_1_352' title='bbox 324 2694 456 2732; x_wconf 86' lang='lat' dir='ltr'>pacem</span> <span class='ocrx_word' id='word_1_353' title='bbox 474 2694 556 2719; x_wconf 87' lang='lat' dir='ltr'>esse</span> <span class='ocrx_word' id='word_1_354' title='bbox 577 2683 857 2733; x_wconf 81' lang='lat' dir='ltr'>corrigendam.</span> <span class='ocrx_word' id='word_1_355' title='bbox 881 2685 1052 2725; x_wconf 78' lang='lat' dir='ltr'>Quorum</span> <span class='ocrx_word' id='word_1_356' title='bbox 1068 2683 1308 2722; x_wconf 88' lang='lat' dir='ltr'>decretorum</span> <span class='ocrx_word' id='word_1_357' title='bbox 1325 2685 1431 2723; x_wconf 90' lang='lat' dir='ltr'>nullo</span> <span class='ocrx_word' id='word_1_358' title='bbox 1450 2686 1586 2724; x_wconf 83' lang='lat' dir='ltr'>fuisset</span> <span class='ocrx_word' id='word_1_359' title='bbox 1607 2699 1717 2737; x_wconf 92' lang='lat' dir='ltr'>opus,</span> 
     </span>
     <span class='ocr_line' id='line_1_41' title="bbox 265 2742 1723 2797; baseline 0.003 -17"><span class='ocrx_word' id='word_1_360' title='bbox 265 2744 295 2780; x_wconf 91' lang='lat' dir='ltr'>si</span> <span class='ocrx_word' id='word_1_361' title='bbox 326 2743 507 2792; x_wconf 86' lang='lat' dir='ltr'>navigare</span> <span class='ocrx_word' id='word_1_362' title='bbox 537 2742 621 2786; x_wconf 89' lang='lat' dir='ltr'>iste,</span> <span class='ocrx_word' id='word_1_363' title='bbox 653 2750 690 2780; x_wconf 90' lang='lat' dir='ltr'>et</span> <span class='ocrx_word' id='word_1_364' title='bbox 721 2744 848 2782; x_wconf 83' lang='lat' dir='ltr'>officio</span> <span class='ocrx_word' id='word_1_365' title='bbox 880 2744 987 2794; x_wconf 79' lang='lat' dir='ltr'>fungi</span> <span class='ocrx_word' id='word_1_366' title='bbox 1022 2744 1228 2783; x_wconf 79' lang='lat' dir='ltr'>voluisset:</span> <span class='ocrx_word' id='word_1_367' title='bbox 1258 2760 1359 2783; x_wconf 88' lang='lat' dir='ltr'>nunc</span> <span class='ocrx_word' id='word_1_368' title='bbox 1387 2760 1474 2797; x_wconf 88' lang='lat' dir='ltr'>quae</span> <span class='ocrx_word' id='word_1_369' title='bbox 1504 2747 1723 2797; x_wconf 83' lang='lat' dir='ltr'>navigando</span> 
     </span>
    </p>
   </div>
   <div class='ocr_carea' id='block_1_4' title="bbox 264 2803 1720 2909">
    <p class='ocr_par' dir='ltr' id='par_1_5' title="bbox 264 2803 1720 2909">
     <span class='ocr_line' id='line_1_42' title="bbox 264 2803 1720 2858; baseline 0.003 -17"><span class='ocrx_word' id='word_1_370' title='bbox 264 2815 489 2841; x_wconf 87' lang='lat' dir='ltr'>conservare</span> <span class='ocrx_word' id='word_1_371' title='bbox 523 2803 753 2853; x_wconf 90' lang='lat' dir='ltr'>potuissent,</span> <span class='ocrx_word' id='word_1_372' title='bbox 790 2817 836 2841; x_wconf 88' lang='lat' dir='ltr'>ea</span> <span class='ocrx_word' id='word_1_373' title='bbox 866 2804 956 2840; x_wconf 87' lang='lat' dir='ltr'>dum</span> <span class='ocrx_word' id='word_1_374' title='bbox 991 2804 1040 2842; x_wconf 85' lang='lat' dir='ltr'>irc</span> <span class='ocrx_word' id='word_1_375' title='bbox 1068 2806 1193 2855; x_wconf 84' lang='lat' dir='ltr'>jubet,</span> <span class='ocrx_word' id='word_1_376' title='bbox 1220 2807 1401 2858; x_wconf 87' lang='lat' dir='ltr'>perdidit,</span> <span class='ocrx_word' id='word_1_377' title='bbox 1435 2821 1521 2858; x_wconf 89' lang='lat' dir='ltr'>quae</span> <span class='ocrx_word' id='word_1_378' title='bbox 1554 2807 1720 2846; x_wconf 84' lang='lat' dir='ltr'>dicenda</span> 
     </span>
     <span class='ocr_line' id='line_1_43' title="bbox 269 2864 694 2909; baseline 0.005 -9"><span class='ocrx_word' id='word_1_379' title='bbox 269 2864 441 2909; x_wconf 76' lang='lat' dir='ltr'>veritate,</span> <span class='ocrx_word' id='word_1_380' title='bbox 464 2864 694 2903; x_wconf 60' lang='lat' dir='ltr'>mentienda</span> 
     </span>
    </p>
   </div>
  </div>
 </body>
</html>
