1923 3149
286 155 363 194 382
659 152 879 191 CONTRA
918 148 1358 193 ARISTOCRATEM.

285 261 397 294 sunt:
426 254 485 292 sin
505 253 794 300 confirmabitis,
813 254 934 305 passis
955 254 1140 303 injuriam,
1161 254 1192 291 si
1210 263 1308 303 quos
1327 249 1390 287 ille
1409 249 1540 287 vivens
1565 247 1729 294 violarit,

284 314 464 364 praesidia
491 314 619 364 legum
649 315 869 365 eripientur.
911 315 1045 365 Itaque
1079 314 1275 352 decretum
1306 311 1381 348 hoc
1411 316 1450 347 et
1480 310 1583 348 omni
1614 309 1729 348 modo

282 375 431 425 legibus
452 375 682 412 contrarium
702 382 774 420 est,
794 383 832 412 et
846 375 1088 413 conducibile
1108 382 1150 412 ut
1168 375 1387 422 abrogetur.

343 436 404 472 12.
435 436 536 486 Lege
558 443 780 486 sequentem
797 437 935 487 legem.

954 561 1069 598 LEX.

329 664 418 702 Quod
437 663 460 692 si
478 673 564 701 quein
582 663 764 691 auferentem
790 667 841 691 aut
866 663 1063 692 abducentem
1093 672 1148 701 per
1166 660 1224 691 vim
1241 665 1272 690 et
1287 660 1424 700 injuriam
1452 660 1552 690 statim
1568 669 1659 689 causa
1679 658 1735 688 de·

283 714 430 746 fensionis
446 712 603 747 occiderit,
621 713 741 750 impune
753 713 888 741 occisum
904 723 972 742 esse
984 714 1082 751 jubet.

285 799 372 838 Alia
388 811 446 843 ea,
463 802 616 847 propter
634 809 719 846 quae
738 795 915 833 occidere
929 796 1042 833 licet:
1072 795 1108 832 si
1138 807 1269 846 quem
1299 808 1319 832 a
1332 808 1357 831 u
1370 795 1472 834 sere
1485 809 1510 832 n
1526 801 1570 832 te
1583 807 1620 831 m
1651 805 1706 830 au
1719 798 1736 829 t

289 860 618 898 abducentem
649 870 734 907 per
761 857 853 894 vim
890 863 937 894 et
977 856 1214 907 injuriam
1253 855 1427 893 statim
1465 867 1622 893 causa
1659 853 1734 890 de-

290 921 370 957 fen
386 918 538 956 sionis
589 917 847 962 occiderit,
901 918 1089 967 impune
1141 915 1363 954 occisum
1417 929 1527 954 esse
1569 915 1735 966 jubet.

285 981 424 1018 Videte
444 992 577 1028 quaeso
596 990 712 1028 quam
731 979 842 1015 bene.
899 978 1014 1021 Quod
1043 979 1156 1022 enim,
1175 990 1264 1014 cum
1295 977 1549 1029 exposuisset,
1571 977 1620 1013 ob
1649 986 1736 1025 quae

285 1041 463 1079 occideie
484 1039 627 1087 liceret,
649 1038 864 1088 adscripsit,
901 1038 1083 1083 statim,
1117 1037 1273 1074 sustulit
1303 1037 1393 1074 mali
1421 1036 1566 1086 aliquid
1596 1046 1736 1073 consu-

286 1101 391 1145 lendi
412 1108 588 1149 tempus.
623 1105 662 1136 et
680 1097 770 1148 quia
788 1097 950 1148 sciipsit,
983 1111 1132 1136 causa
1165 1097 1276 1135 dese
1290 1097 1496 1141 usionis,
1531 1095 1735 1146 significat,

287 1176 329 1201 se
348 1163 442 1199 laeso
461 1161 551 1198 dare
571 1166 816 1210 potestatem,
836 1171 912 1196 non
932 1158 994 1196 alii
1010 1158 1202 1209 cuiquam.
1258 1154 1337 1195 Le'x
1357 1158 1472 1208 igitur
1492 1157 1590 1202 haec,
1608 1156 1667 1193 his
1687 1155 1737 1193 de

285 1224 413 1263 causis
432 1221 632 1259 ulciscenti
649 1220 792 1264 statim,
812 1219 1014 1257 occidendi
1047 1219 1241 1257 licentiam
1275 1219 1405 1257 dedit:
1435 1218 1508 1255 iste
1535 1230 1624 1255 vero
1644 1216 1736 1253 nihil

287 1283 442 1335 adjecit,
471 1281 540 1319 sed
571 1281 611 1318 in
642 1280 863 1318 universum
895 1280 1002 1326 dixit,
1023 1280 1058 1317 si
1091 1279 1193 1329 quis
1227 1279 1499 1323 occiderit,
1533 1278 1610 1315 sive
1634 1277 1737 1328 jure,

289 1346 369 1385 sive
390 1350 432 1380 ut
451 1342 557 1392 leges
572 1341 809 1392 permittunt.
866 1340 919 1377 At
936 1340 1089 1378 hercule
1118 1352 1187 1377 nos
1208 1353 1285 1376 rem
1302 1353 1370 1390 per
1388 1339 1598 1376 calumnias
1618 1351 1737 1388 exag-

289 1415 478 1455 geramus.
536 1402 579 1438 In
599 1414 712 1450 quem
740 1401 838 1438 enim
867 1400 1064 1451 rapiendo,
1085 1407 1152 1438 aut
1176 1400 1406 1438 abducendo
1432 1399 1668 1450 grassabitur
1686 1398 1737 1441 vi,

288 1467 444 1516 injuste,
466 1462 748 1503 Charidemus?
791 1463 835 1498 In
869 1474 999 1499 omnes
1027 1461 1215 1506 homines}
1274 1461 1408 1498 Nostis
1434 1460 1534 1497 enim
1566 1459 1656 1505 hoc,
1689 1459 1738 1496 ab

288 1527 466 1565 omnibus
486 1525 550 1573 qui
569 1523 715 1561 habent
733 1522 954 1566 exercitum,
978 1535 1043 1559 eos
1062 1522 1198 1572 quibus
1219 1535 1259 1559 se
1278 1527 1415 1572 putant
1434 1533 1519 1558 esse
1548 1520 1737 1566 fortiores,

284 1587 413 1626 invadi
433 1585 512 1623 sole
516 1598 554 1622 re
569 1591 607 1623 et
626 1591 799 1633 exagitas
803 1597 826 1630 1,
838 1591 882 1620 ut
900 1583 1100 1633 pecuniam
1116 1589 1381 1633 extorqueant.
1436 1581 1496 1618 An
1513 1594 1590 1619 non
1609 1581 1737 1631 igitur,

287 1661 310 1686 o
326 1647 397 1685 Dii
418 1644 691 1689 immortales,
683 1644 852 1693 iniquum
872 1651 940 1688 est,
961 1650 1000 1680 et
1020 1643 1169 1693 legibus
1189 1643 1392 1681 manifeste
1410 1641 1655 1687 eontrarium,
1670 1653 1738 1679 ne-

287 1721 362 1758 que
382 1707 505 1745 solum
527 1706 694 1755 scriptae,
723 1704 792 1742 sed
819 1711 859 1741 et
885 1704 1080 1742 communi
1111 1704 1327 1741 mortalium
1357 1703 1527 1741 omnium
1557 1703 1645 1752 legi,
1673 1702 1738 1752 qui

288 1782 395 1807 meas
428 1765 680 1817 opeshostili
711 1778 816 1802 more
849 1765 1107 1815 depraedatur,
1130 1778 1216 1802 eum
1240 1778 1315 1802 non
1335 1764 1448 1802 licere
1468 1764 1559 1801 mihi
1578 1763 1740 1802 ulcisci?

291 1829 488 1880 Siquidem
508 1832 556 1865 ne
582 1827 655 1865 hoc
676 1826 830 1877 quidem
857 1826 972 1864 modo
1006 1826 1137 1864 licebit
1166 1825 1440 1863 Charidemum
1462 1825 1648 1868 occidere,
1667 1824 1736 1862 sed

288 1892 320 1931 si
347 1903 414 1940 per
448 1888 622 1938 injuriam
652 1887 687 1924 vi
716 1886 865 1923 aufe1at
884 1893 922 1923 et
941 1887 1118 1931 abducat,
1137 1893 1176 1923 et
1203 1899 1263 1922 res
1297 1886 1451 1922 alterius
1477 1884 1737 1951 depraedetur,

288 1951 352 2001 qui
371 1962 458 1987 eum
479 1947 677 1990 occiderit,
704 1947 983 1997 proscribetur:
1013 1947 1112 1997 lege,
1134 1946 1165 1984 si
1184 1952 1337 1998 propter
1350 1945 1435 1983 haec
1453 1945 1493 1984 id
1511 1945 1591 1995 fiat,
1610 1945 1735 1997 impu-

289 2011 446 2056 nitatem
463 2008 675 2058 laigiente.
663 2009 681 2033 Ἰ

297 2103 300 2105 ,
349 2073 409 2109 13.
439 2069 576 2107 Recita
591 2074 810 2119 sequentem
826 2066 966 2117 legem.

957 2182 1074 2238 LEX.

335 2307 515 2346 Quicunque
525 2303 719 2342 magistratus
734 2306 785 2332 aut
801 2300 940 2341 privatus
956 2306 1062 2331 auctor
1077 2302 1168 2332 fuerit
1185 2302 1271 2340 liujus
1284 2301 1415 2332 instituti
1433 2301 1647 2337 confundendi,
1663 2301 1737 2338 idve

292 2357 465 2392 mutaverit,
482 2356 508 2384 is
525 2354 690 2394 ignominia
706 2357 839 2388 notetur,
854 2357 918 2382 tum
933 2353 1013 2392 ipse,
1029 2357 1093 2381 tum
1109 2352 1210 2387 liberi,
1224 2358 1286 2382 tum
1303 2363 1351 2382 res
1367 2353 1442 2391 ejus.

289 2438 478 2483 Audistis,
500 2436 766 2481 Athenienses,
791 2436 917 2486 legem
943 2435 1056 2485 plane
1079 2435 1282 2480 dicentem,
1304 2435 1368 2485 qui
1388 2436 1650 2485 magistratus,
1669 2442 1736 2472 aut

289 2501 457 2553 privatus
477 2498 514 2534 in
533 2509 651 2534 causa
670 2495 797 2539 fuerit,
813 2502 856 2533 ut
874 2497 946 2533 hoc
966 2495 1182 2532 institutum
1205 2495 1478 2541 confundatur,
1498 2495 1585 2532 idve
1610 2501 1737 2533 muta-

288 2561 398 2604 verit,
417 2557 624 2608 ignominia
655 2556 867 2593 notandum
899 2563 979 2593 tum
1010 2556 1146 2605 ipsum,
1171 2561 1250 2592 tum
1270 2555 1409 2593 liberos
1429 2559 1525 2603 ejus,
1545 2562 1626 2592 tum
1647 2567 1734 2605 quae

287 2623 390 2660 illius
410 2627 512 2657 sunt.
570 2616 673 2654 Num
693 2617 806 2666 igitur
827 2629 960 2666 parum
976 2622 1042 2653 aut
1058 2616 1190 2653 leviter
1204 2616 1348 2654 cavisse
1362 2617 1511 2654 videtur
1524 2616 1733 2666 legislator,

289 2690 334 2721 ut
362 2683 423 2718 lex
456 2679 540 2716 haec
571 2684 654 2715 rata
681 2684 795 2721 esset,
829 2690 923 2714 neve
952 2677 1263 2718 confunderetur,
1295 2684 1359 2714 aut
1389 2676 1628 2714 mutaretur?
1682 2676 1736 2713 At

289 2743 562 2784 Aristocrates,
578 2750 712 2788 parum
731 2749 776 2774 ea
796 2745 943 2780 curata,
964 2743 1088 2774 mutat
1099 2743 1137 2774 et
1155 2738 1366 2775 confundit.
1398 2738 1495 2775 Nam
1518 2736 1610 2787 quid
1630 2735 1735 2773 aliud

295 2808 354 2840 est
373 2806 533 2843 mutare,
553 2809 667 2847 quam
686 2809 772 2832 cum
790 2803 896 2833 extra
913 2796 1274 2847 ordinariajudicia‚
1294 2803 1334 2834 et
1349 2804 1459 2834 extra
1484 2796 1636 2840 limites,
1652 2795 1735 2846 qui-

290 2865 363 2901 bus
384 2859 614 2900 homicidam
639 2857 826 2909 prohiberi
849 2863 1011 2907 oportet,
1034 2857 1221 2908 supplicia
1250 2858 1483 2897 concesserit
1514 2857 1665 2908 aliquis,
1696 2864 1735 2895 et
