1923 3149
217 179 294 215 494
328 202 334 206 -
765 175 823 213 ΙΝ
854 175 1120 214 APHOBUM

536 360 900 399 PROVOCATIO.
932 360 1336 401 TESTIMONIUM.

218 457 344 494 Tanta
368 455 483 507 igitur
495 457 584 508 jura
615 456 686 494 iste
707 462 917 502 aversatus,
939 462 978 493 et
1004 462 1061 494 tot
1090 456 1208 507 signis
1229 457 1432 495 calumniae
1452 458 1668 504 convictus,

219 517 298 555 suis
318 517 480 555 testibus
511 517 654 556 habere
674 517 789 555 fidem
808 529 876 555 vos
897 516 1079 567 postulat,
1099 529 1206 556 meos
1227 531 1316 556 vero
1345 518 1600 557 calumniatur
1632 526 1671 557 et

219 592 308 616 vera
329 579 472 617 dixisse
491 585 622 629 negat.

272 642 310 677 7.
340 640 556 690 Disputabo
574 645 718 684 autem,
743 639 891 676 etiamsi
910 639 988 677 veri
1013 639 1225 678 similitudo
1257 646 1466 691 spectetur,
1487 641 1671 691 quidnam

218 700 267 738 de
291 701 345 739 eis
377 701 506 738 sentiri
538 700 756 737 conveniat.
814 700 918 738 Inter
947 713 1013 738 vos
1042 713 1175 738 omnes
1203 709 1382 739 constare
1407 702 1501 747 scio,
1521 716 1586 740 eos
1607 703 1674 754 qui

219 762 357 800 falsum
376 762 635 800 testimonium
657 761 804 806 dicunt,
831 768 898 799 aut
927 762 975 798 ob
1004 762 1171 812 inopiam
1190 763 1454 813 largitionibus
1475 772 1673 816 corruptos

218 830 285 861 aut
315 829 470 874 propter
507 821 749 860 sodalitatem
779 829 847 859 aut
878 822 992 860 etiam
1020 823 1108 860 odio
1136 824 1441 862 adversariorum
1471 826 1673 873 adductos,

219 898 241 922 a
259 885 324 922 tali
343 884 510 922 facinore
530 897 608 921 non
628 883 845 921 abhorrere.
902 884 955 921 At
973 892 1128 935 propter
1147 885 1283 922 harum
1303 899 1427 923 rerum
1446 886 1590 923 nullam
1605 900 1674 937 pro

219 958 282 983 me
302 945 428 983 dicere
447 945 708 983 testimonium
728 951 950 995 potuerunt,
969 958 1093 996 neque
1117 946 1218 983 enim
1237 946 1460 985 sodalitates
1489 947 1562 985 illis
1594 960 1674 985 me-

219 1019 308 1044 cum
338 1006 676 1044 intercedunt—id
710 1006 812 1044 enim
845 1006 911 1056 qui
942 1006 1076 1044 fieret?
1110 1020 1200 1044 cum
1218 1020 1290 1045 nec
1310 1008 1346 1045 in
1376 1008 1509 1046 iisdem
1541 1008 1674 1047 studiis

220 1068 374 1114 versati,
391 1075 430 1105 et
458 1081 590 1106 eorum
621 1067 778 1119 quidam
813 1080 890 1105 non
919 1067 1034 1105 modo
1057 1068 1146 1114 mei,
1177 1068 1246 1106 sed
1273 1082 1322 1107 ne
1343 1069 1441 1107 inter
1458 1082 1498 1108 se
1518 1070 1674 1121 quidem

220 1129 390 1179 aequales
410 1129 553 1175 sint—-‚
585 1142 658 1167 nec
687 1129 751 1166 isti
775 1136 864 1166 sunt
892 1128 1178 1167 inimici—nam
1201 1136 1241 1168 et
1258 1129 1335 1168 hoc
1362 1137 1536 1169 constat:
1575 1144 1675 1169 unus

219 1190 319 1227 enim
350 1191 467 1229 frater
498 1192 581 1242 ejus
615 1197 676 1229 est
708 1197 748 1229 et
776 1190 1002 1235 advocatus,
1024 1190 1184 1229 Phanus
1217 1191 1413 1231 familiaris
1444 1199 1482 1231 et
1512 1193 1674 1239 tribulis,

221 1252 421 1304 Philippus
451 1267 525 1292 nec
558 1254 705 1292 amicus
730 1266 802 1291 nec
829 1252 1027 1290 inimicus:
1057 1266 1176 1302 quare
1205 1266 1277 1291 nec
1309 1253 1384 1292 hoc
1418 1254 1562 1293 crimen
1588 1254 1675 1305 jure

220 1316 424 1365 quisquam
458 1316 513 1354 eis
546 1316 814 1366 impegerit—,
833 1327 959 1364 neque
985 1314 1099 1352 etiam
1128 1321 1354 1366 paupertate
1380 1315 1570 1354 adductos
1589 1328 1675 1353 esse

219 1376 425 1426 quisquam
454 1376 735 1414 dixerit—cum
761 1382 889 1413 tantas
909 1388 1003 1425 opes
1030 1374 1202 1412 habeant
1228 1388 1371 1422 omnes,
1392 1383 1434 1413 ut
1452 1383 1492 1414 et
1520 1389 1678 1414 munera

220 1436 328 1474 vobis
359 1437 538 1475 alacriter
566 1437 709 1474 obeant
734 1442 772 1473 et
803 1441 964 1486 pareant
998 1435 1030 1472 si
1054 1435 1147 1484 quid
1166 1435 1394 1486 imperatum
1415 1436 1469 1474 eis
1495 1437 1676 1483 fuerit—,

221 1504 409 1549 praeterea
438 1510 510 1535 nec
541 1497 663 1548 ignoti
682 1496 790 1534 vobis
820 1509 891 1534 nec
916 1495 955 1533 in
986 1495 1215 1533 deteriorem
1239 1504 1390 1547 partem
1409 1497 1553 1548 cogniti
1572 1504 1677 1542 sunt,

222 1559 292 1597 sed
314 1559 499 1598 moderati
523 1558 699 1596 homines
725 1557 930 1595 habentur.
985 1556 1106 1607 Atqui
1136 1557 1167 1594 si
1193 1570 1263 1595 nec
1288 1558 1437 1609 inopes,
1468 1571 1539 1596 nec
1566 1558 1676 1597 istius

223 1619 377 1666 inimici,
409 1633 483 1658 nec
517 1618 630 1658 amici
659 1619 735 1656 mei
765 1625 867 1665 sunt,
889 1618 954 1669 qui
987 1619 1171 1656 convenit
1204 1619 1406 1670 suspicari,
1442 1619 1582 1658 falsum
1609 1633 1675 1659 eos

223 1681 370 1720 dixisse
385 1680 676 1720 testimonium?
707 1680 790 1731 Ego
811 1680 968 1730 quidem
985 1693 1063 1718 non
1082 1679 1208 1717 video.

277 1744 315 1781 8.
346 1742 445 1786 Quae
465 1754 687 1794 quanquam
701 1741 776 1779 iste
797 1742 955 1787 sciebat,
977 1749 1016 1779 et
1035 1741 1207 1780 omnium
1222 1742 1364 1793 optime
1380 1750 1492 1780 norat
1510 1755 1575 1781 eos
1587 1755 1679 1782 vera

223 1805 382 1852 dixisse,
402 1812 530 1843 tamen
550 1803 821 1849 calumniatur,
841 1816 885 1840 ac
902 1816 979 1841 non
1000 1803 1115 1841 modo
1134 1816 1174 1841 se
1193 1803 1277 1841 haec
1292 1803 1433 1841 dixisse
1447 1811 1576 1855 negat,
1591 1817 1678 1855 quae

223 1869 272 1906 ab
292 1880 340 1905 eo
359 1866 464 1904 dicta
483 1879 566 1904 esse
586 1877 663 1915 quo
682 1871 798 1915 pacto
823 1864 948 1914 magis
968 1864 1121 1902 ostendi
1147 1864 1287 1914 queat?
1317 1865 1386 1902 sed
1412 1866 1527 1903 etiam
1552 1865 1677 1903 homi-

225 1942 313 1967 nem
345 1927 500 1965 omnino
531 1939 616 1964 esse
641 1938 796 1963 servum
824 1926 1001 1963 affirmat.
1058 1926 1158 1963 Volo
1193 1932 1322 1963 autem
1344 1939 1469 1977 pauca
1488 1926 1679 1964 duntaxat

223 1992 352 2029 dicere
373 1989 422 2027 ad
440 1989 513 2027 hoc
532 2000 683 2038 quoque
703 1986 944 2025 mendacium
961 1988 1044 2037 ejus
1065 1987 1325 2025 refutandum.
1383 1988 1484 2038 Ego,
1504 1988 1678 2036 Judices,

224 2054 339 2091 etiam
368 2055 526 2102 propter
556 2049 642 2086 hoec
669 2049 708 2085 in
737 2048 989 2098 quaestionem
1016 2048 1051 2085 ei
1083 2048 1225 2085 (ledere
1254 2048 1414 2087 ancillas
1445 2049 1562 2096 volui,
1593 2063 1679 2101 quae

223 2120 332 2165 patre
353 2111 538 2149 moriente
568 2122 655 2147 eum
684 2109 960 2146 manumissum
992 2122 1037 2146 ac
1065 2115 1147 2146 tum
1175 2109 1294 2147 fuisse
1313 2109 1474 2148 liberum
1494 2111 1679 2150 memine-

224 2182 327 2213 runt.
376 2173 570 2210 Praeterea
589 2183 677 2208 mea
695 2177 816 2208 mater
834 2170 950 2208 fidem
970 2171 1096 2208 facere
1110 2170 1246 2216 voluit,
1259 2177 1298 2209 et
1317 2171 1355 2208 ni
1374 2172 1428 2209 ita
1442 2179 1544 2210 esset
1563 2185 1624 2210 me
1641 2179 1680 2210 et

226 2247 393 2275 sororem
424 2232 646 2285 productos,
666 2244 764 2282 quos
784 2232 920 2270 unicos
943 2231 1085 2270 liberos
1103 2232 1232 2278 habet,
1253 2239 1411 2283 propter
1436 2246 1533 2283 quos
1562 2233 1679 2271 vidua

223 2298 342 2335 vitam
361 2295 561 2345 transegit,
582 2293 785 2340 devovere,
804 2306 828 2330 a
842 2299 951 2343 patre
968 2294 1151 2331 morituro
1169 2293 1364 2331 hominem
1378 2294 1479 2331 hunc
1499 2294 1679 2331 emissum

225 2371 312 2396 esse
328 2370 457 2402 manu,
479 2363 593 2406 atque
614 2355 717 2406 apud
733 2367 803 2392 nos
817 2354 949 2392 haberi
968 2368 1036 2406 pro
1052 2354 1172 2392 libero
1189 2368 1198 2392 :
1228 2367 1353 2405 neque
1371 2367 1458 2392 vero
1473 2355 1678 2406 quisquam

227 2425 336 2471 putet
354 2431 438 2456 eam
464 2417 502 2454 in
528 2422 662 2454 nostra
686 2415 813 2466 capita
836 2415 920 2453 haec
940 2428 1107 2466 unquam
1124 2415 1254 2466 jurare
1274 2415 1457 2461 voluisse,
1479 2416 1550 2453 nisi
1570 2429 1612 2453 se
1638 2415 1678 2453 id

226 2479 372 2531 liquido
403 2480 590 2516 facturam
620 2476 863 2526 intelligeret.
930 2476 987 2514 Ut
1015 2483 1141 2513 autem
1170 2482 1324 2514 constet
1349 2489 1408 2513 me
1427 2489 1518 2513 vera
1536 2475 1678 2522 dicere,

228 2554 374 2593 nosque
392 2541 476 2578 hoec
497 2539 622 2577 facere
643 2537 763 2576 fuisse
783 2543 953 2589 paratos,
974 2549 1071 2575 voca
1085 2537 1219 2575 harum
1239 2550 1365 2575 rerum
1385 2543 1517 2576 testes.

847 2684 1058 2723 TESTES.

282 2783 320 2818 9.
350 2781 450 2819 Cum
471 2781 585 2832 igitur
603 2793 673 2818 nos
692 2786 750 2818 tot
763 2781 890 2832 justus
912 2780 1077 2817 rationes
1098 2778 1231 2816 afferre
1247 2790 1436 2828 queamus
1448 2783 1488 2814 et
1502 2775 1550 2814 ad
1571 2788 1679 2826 argu-

230 2850 360 2881 menta
389 2843 554 2882 maxima
577 2842 763 2894 probandi
792 2840 995 2880 testimonii
1015 2841 1224 2892 confugere
1243 2839 1490 2884 voluerimus,
1519 2837 1587 2876 iste
1620 2836 1678 2874 his
