1923 3149
513 175 734 214 CONTRA
765 173 1226 214 ARISTOGITONEM
1261 175 1291 212 Ι.
1549 173 1622 210 461

181 278 246 328 qui
266 277 487 328 postularet.
518 278 582 316 Sic
603 285 741 316 natura
760 284 1020 328 comparatum
1041 285 1110 315 cst.
1141 279 1241 313 Sunt
1261 276 1374 326 igitur
1392 287 1522 313 corum
1542 288 1630 325 quae

183 339 398 388 Aristogito
418 339 560 389 reipub.
582 339 709 383 debet,
740 339 896 381 tabulic,
920 339 1039 387 leges,
1060 338 1198 386 quibus
1220 337 1477 373 inscribuntur
1496 349 1630 374 omnes

182 401 247 450 qui
269 401 424 444 debent,
446 400 576 446 libelli,
598 399 865 449 tabellajuxta
894 398 1005 435 dcam
1027 398 1108 434 sita.
1160 397 1276 438 Quod
1306 398 1336 433 si
1368 397 1448 434 liaec
1481 398 1632 435 sublata

183 467 286 506 sunt,
306 468 344 498 et
363 467 595 511 expunctum
615 466 673 498 est
692 459 876 505 debitum,
897 472 966 496 nos
987 471 1109 507 nugas
1131 457 1295 506 agimus,
1315 471 1358 493 ac
1379 459 1506 507 potius
1526 471 1632 495 men-

182 522 318 558 timur:
350 521 407 558 sin
421 527 581 565 restant,
597 527 636 557 et
649 521 850 557 restabunt
869 519 992 556 donec
1014 518 1181 562 solverit,
1203 525 1241 554 et
1260 525 1429 563 manent,
1453 519 1522 555 istc
1540 519 1632 555 nihil

182 581 258 619 veri
278 581 381 627 dicit,
401 582 470 619 sed
489 581 692 631 delinquit,
716 587 754 617 et
773 581 930 631 injurius
951 586 1023 625 est,
1048 579 1113 628 qui
1135 582 1224 627 ¹iura
1242 580 1459 616 communia
1487 582 1632 617 exstin-

184 656 300 692 guere
327 649 501 680 conetur.
532 641 672 692 Neque
691 641 792 679 enim
813 641 851 678 id
871 654 972 678 nunc
993 641 1120 690 agitur
1139 641 1176 677 in
1197 639 1269 677 hoc
1284 639 1431 690 judicio
1450 647 1489 677 et
1508 641 1633 679 disce-

183 704 369 754 ptatione,
387 709 586 740 tantumne
608 715 656 740 ne
677 702 831 746 debeat,
853 702 984 752 quanti
1005 702 1212 739 mulctatus
1232 708 1304 745 est,
1327 701 1395 738 sed
1411 715 1458 739 an
1479 702 1633 740 debeat.

184 764 336 813 Alioqui
353 764 547 814 perinique
567 769 744 813 ageretur
760 776 845 800 cum
867 763 924 809 iis,
944 764 1007 813 qui
1029 763 1076 800 ob
1097 763 1216 799 solam
1239 763 1523 800 accusationem
1545 771 1637 800 sunt

184 823 370 874 inscripti,
390 824 421 861 si
436 824 523 874 ipsi,
539 831 742 875 propterea
756 824 861 874 quod
881 836 1013 875 parum
1030 830 1144 873 atque
1161 823 1257 860 adeo
1274 823 1364 860 nihil
1381 823 1637 874 deliquerunt,

184 898 261 922 aere
281 885 405 922 alieno
426 891 537 922 erunt
555 886 747 922 obstricti:
778 885 889 930 alius,
911 884 1061 934 magnis
1083 883 1233 921 delictis
1255 883 1447 928 admissis,
1469 884 1498 921 si
1520 898 1636 923 unam

185 953 303 997 atque
319 947 475 984 alteram
491 946 714 997 pensionem
736 946 902 991 solverit,
925 946 1122 997 pristinam
1141 945 1367 995 dignitatem
1386 949 1637 997 recuperabit.

186 1007 280 1045 Tria
305 1015 394 1045 sunt
413 1014 540 1045 autem
560 1008 691 1045 debita
710 1021 797 1057 quae
817 1008 1002 1058 inscripta
1023 1014 1125 1052 sunt,
1145 1013 1183 1044 et
1202 1014 1358 1057 propter
1378 1020 1464 1057 quae
1495 1015 1556 1045 est
1574 1022 1638 1046 ac-

185 1075 357 1107 cusatus.
406 1069 462 1106 Ac
483 1069 560 1106 duo
579 1069 736 1118 quidem
757 1069 793 1105 in
822 1069 1116 1106 commentarios
1137 1068 1258 1106 relata
1289 1075 1392 1113 sunt,
1413 1079 1530 1106 unum
1562 1084 1639 1108 non

185 1136 247 1167 est
264 1129 440 1176 relatum,
468 1129 573 1179 quod
593 1131 665 1167 iste
686 1130 793 1167 falsae
813 1130 1070 1180 inscriptionis
1107 1130 1329 1167 Aristonem
1358 1130 1641 1180 Alopecensem

187 1198 357 1228 accusat.
389 1191 474 1236 Nae,
496 1190 630 1241 inquit,
651 1190 794 1240 injuste
820 1191 920 1228 enirn
944 1204 1004 1228 me
1031 1191 1236 1241 inscripsit.
1283 1191 1404 1228 Poena
1425 1191 1540 1241 igitur
1560 1192 1642 1238 tibi,

189 1258 232 1288 ut
251 1264 330 1302 par,
352 1251 540 1289 sumenda
566 1258 638 1289 est.
688 1252 768 1297 Sed
788 1258 827 1289 et
846 1252 988 1289 luenda
1011 1253 1187 1302 primum,
1209 1258 1247 1289 ct
1274 1265 1321 1289 ea
1351 1258 1436 1289 rata
1465 1252 1644 1292 habenda

188 1313 424 1358 necessario,
446 1326 533 1362 quae
555 1325 763 1362 perpessus
779 1326 835 1351 es.
873 1313 1031 1362 Alioqui
1046 1313 1154 1364 cujus
1169 1312 1222 1350 rei
1238 1326 1386 1363 poenam
1408 1314 1568 1351 sumes?
1602 1315 1644 1351 Si

187 1373 255 1411 tibi
275 1374 375 1411 enim
393 1386 507 1422 agere
526 1373 619 1410 licet
637 1374 766 1411 omnia
787 1387 873 1424 quae
892 1373 1042 1418 ceteris,
1063 1386 1150 1422 quae
1170 1373 1274 1410 facta
1289 1373 1356 1410 tibi
1375 1380 1431 1410 est
1453 1375 1618 1425 injuria?

246 1435 306 1471 16.
338 1434 467 1483 Agite,
490 1446 559 1484 per
578 1433 687 1481 deos,
708 1434 801 1471 illud
823 1434 938 1472 etiam
968 1434 1222 1480 considerate,
1244 1434 1274 1471 si
1295 1434 1516 1473 Aristonem
1535 1437 1645 1474 falsae

190 1494 450 1545 inscriptionis
482 1507 587 1531 reum
615 1495 821 1544 peregerit,
852 1495 946 1543 quid
983 1495 1076 1531 fiet?
1108 1495 1361 1545 Expungetur
1390 1497 1469 1547 ipse
1496 1499 1645 1537 medius

190 1556 319 1601 fidius,
348 1561 387 1593 et
413 1555 476 1592 ille
509 1554 590 1606 ejus
611 1555 697 1592 loco
717 1554 957 1592 inscribetur.
993 1554 1056 1593 Sic
1075 1555 1175 1592 enim
1196 1556 1303 1605 leges
1317 1556 1469 1606 jubent.
1510 1559 1645 1597 Recte.

193 1617 334 1656 Utrum
356 1616 472 1667 igitur
488 1616 536 1653 ab
556 1628 601 1653 eo
622 1615 769 1665 dieiste
790 1615 861 1652 erit
877 1615 1031 1652 aerarius
1047 1615 1112 1665 qui
1127 1622 1342 1666 expunctus
1362 1617 1487 1667 fuerit,
1508 1619 1569 1656 ille
1589 1620 1647 1657 di-

193 1679 379 1730 gnitatem
405 1677 595 1722 retinebit,
627 1677 692 1727 qui
712 1676 824 1727 hujus
852 1677 940 1715 loco
960 1676 1214 1714 inscribetur?
1246 1678 1302 1714 Ex
1323 1678 1431 1716 istius
1452 1687 1554 1719 certe
1577 1695 1646 1732 po-

193 1739 344 1778 stulatis
366 1751 469 1776 nunc
498 1740 574 1776 ista
599 1738 794 1775 eveniunt.
835 1738 874 1775 Si
902 1738 1018 1783 enim,
1040 1750 1084 1774 eo
1106 1738 1208 1788 quod
1236 1739 1438 1789 inscriptus
1465 1749 1537 1787 est,
1570 1755 1647 1780 non

193 1800 322 1845 debet,
341 1801 405 1837 ubi
420 1805 632 1850 expunctus
648 1799 774 1843 fuerit,
792 1798 948 1836 debebit
965 1798 1148 1849 profecto.
1187 1799 1266 1836 Sed
1281 1800 1366 1838 haec
1386 1814 1462 1838 non
1478 1801 1531 1839 ita
1545 1811 1649 1850 sunt,

193 1873 270 1899 non
291 1861 343 1898 ita
362 1867 464 1898 sunt.
495 1861 637 1897 Verum
658 1859 723 1897 ubi
738 1859 890 1897 deletus
908 1859 1034 1906 fuerit,
1049 1866 1131 1896 tum
1147 1873 1224 1897 non
1241 1860 1415 1899 debebit:
1453 1875 1556 1901 nunc
1578 1864 1649 1914 igi-

192 1927 255 1959 tur
268 1921 395 1959 debet.
439 1921 554 1964 Quod
571 1920 602 1958 si
621 1920 683 1957 ille
700 1919 815 1957 fuerit
831 1920 1044 1964 absolutus,
1063 1933 1086 1958 a
1101 1934 1176 1970 quo
1192 1921 1349 1972 recipiet
1362 1935 1406 1960 ea
1420 1924 1650 1974 respublica,

197 1996 284 2034 quae
303 1996 405 2020 nunc
431 1982 504 2019 iste
524 1982 630 2028 facit,
649 1994 736 2019 cum
759 1993 806 2019 ea
825 1981 953 2019 facere
974 1981 1007 2019 ei
1028 1994 1105 2018 non
1127 1981 1267 2019 liceat?
1304 1983 1433 2030 Unde,
1462 1998 1559 2035 quos
1579 1985 1652 2023 iste

194 2044 331 2095 capitis
355 2044 529 2088 arcessit,
549 2056 645 2093 quos
671 2044 707 2080 in
729 2043 881 2080 vincula
903 2043 1071 2094 conjicit,
1092 2045 1233 2094 passim
1261 2045 1296 2081 in
1314 2045 1460 2096 judicio
1484 2047 1649 2085 circum-

196 2105 291 2150 iens,
322 2105 376 2142 illi
407 2105 523 2142 vitam
559 2104 754 2154 recipient,
785 2104 824 2140 hi
861 2103 900 2140 id
930 2110 1226 2154 consequentur,
1254 2119 1301 2142 ne
1338 2106 1545 2144 crudeliter
1574 2115 1651 2146 tra-

195 2165 289 2203 ctati
305 2164 404 2202 sint?
434 2166 558 2206 Quem
578 2164 679 2202 enim
698 2177 770 2203 nec
789 2163 828 2200 in
847 2164 1005 2214 aequalis
1020 2164 1118 2215 juris
1139 2171 1177 2202 et
1196 2165 1409 2215 quotidiani
1429 2168 1650 2207 societatem

195 2225 301 2276 leges
320 2224 540 2270 admittunt,
570 2225 601 2261 is
630 2224 669 2262 in
698 2224 800 2262 mala
829 2230 1005 2262 extrema
1033 2225 1190 2276 conjicit
1219 2225 1340 2269 alios;
1372 2227 1476 2277 quod
1506 2229 1550 2266 fit
1573 2243 1651 2267 non

196 2293 313 2331 recte,
341 2299 412 2324 nec
433 2286 608 2332 civiliter,
635 2299 760 2336 neque
789 2286 944 2324 utiliter.
1002 2286 1099 2329 Quae
1122 2287 1185 2325 ubi
1207 2287 1330 2334 video,
1361 2290 1476 2326 miror
1501 2303 1652 2329 sursum

198 2347 378 2385 deorsum
398 2347 492 2384 verti
512 2347 651 2385 onmia.
683 2347 787 2390 Quid
807 2348 908 2385 enim
928 2347 1009 2385 fore
1023 2348 1180 2398 putatis,
1203 2348 1232 2385 si
1248 2357 1347 2387 terra
1365 2364 1529 2396 sursum,
1551 2360 1655 2391 astra

199 2407 376 2446 deorsum
403 2421 588 2446 conversa
619 2407 788 2445 fuerint?
819 2408 910 2446 Hoc
939 2408 1019 2446 fieri
1048 2422 1171 2458 neque
1200 2416 1342 2459 potest,
1371 2424 1497 2461 neque
1526 2412 1654 2451 debet.

202 2468 303 2506 Tum
323 2481 412 2506 vero
431 2468 485 2505 ita
502 2470 559 2513 fit,
582 2481 670 2506 cum
688 2468 747 2515 iis,
767 2468 904 2518 quibus
928 2481 1005 2506 non
1025 2469 1115 2506 licet
1134 2469 1296 2520 legibuS,
1315 2478 1443 2509 vestra
1457 2473 1655 2511 voluntate

200 2530 315 2568 licet:
353 2543 437 2567 cum
459 2530 692 2580 improbitati
713 2529 836 2568 honos
855 2530 1031 2577 habetur,
1049 2531 1166 2569 virtus
1188 2531 1365 2582 abjicitur
1383 2545 1392 2570 :
1431 2546 1516 2570 cum
1531 2534 1596 2584 jus
1617 2541 1657 2572 et

201 2590 347 2628 utilitas
368 2591 531 2627 vincitur
550 2591 598 2628 ab
612 2590 778 2629 invidia:
808 2596 902 2629 tunc
923 2605 1073 2629 sursum
1094 2592 1274 2630 deorsum
1294 2606 1406 2631 versa
1424 2607 1508 2632 esse
1527 2596 1657 2633 omnia

203 2658 264 2689 est
284 2651 594 2688 existimandum.

263 2714 322 2749 17.
353 2711 445 2750 Jam
470 2724 618 2749 reorum
640 2714 829 2763 quosdam
850 2714 940 2760 vidi,
960 2714 1023 2765 qui
1043 2727 1128 2752 cum
1152 2714 1244 2765 ipsis
1265 2717 1376 2753 rebus
1396 2715 1654 2766 vincerentur,

205 2781 245 2812 et
260 2786 300 2811 se
318 2785 498 2824 peccasse
527 2772 672 2811 inficias
692 2773 744 2811 ire
766 2788 842 2813 non
860 2783 1032 2825 possent,
1053 2783 1180 2818 tamen
1202 2776 1292 2825 quia
1310 2775 1372 2812 alii
1390 2776 1437 2813 ad
1458 2776 1546 2813 vitae
1575 2791 1656 2816 mo-

205 2834 440 2872 derationem
463 2840 501 2870 et
525 2834 830 2883 temperantiam,
860 2835 920 2873 alii
951 2836 998 2873 ad
1021 2849 1079 2873 res
1110 2836 1293 2885 majorum
1324 2842 1453 2885 gestas
1484 2844 1522 2874 et
1553 2839 1657 2876 obita

207 2908 378 2941 munera,
395 2894 455 2932 alii
473 2894 521 2932 ad
539 2893 619 2944 ejus
636 2895 786 2945 generis
803 2896 877 2936 alia
888 2897 1175 2948 confugiebant,
1195 2909 1262 2946 per
1277 2909 1322 2933 ea
1339 2896 1490 2935 flexisse
1505 2898 1656 2947 judices
