1923 3149
438 196 511 234 DE
541 197 857 240 REPUBLICA
889 198 1235 237 ORDINANDA.
1487 202 1557 238 145

120 313 242 351 neque
257 300 512 347 sciscitemini,
530 301 620 352 quid
640 314 764 339 rerum
783 302 850 339 iste
865 304 922 339 vel
943 302 1036 339 alius
1052 310 1173 352 gerat.
1232 304 1291 341 Ac
1312 304 1358 342 de
1375 304 1556 343 reditibus

119 362 273 412 quidem
293 362 468 408 civitatis,
491 370 529 400 et
562 363 619 400 his
651 375 736 412 quae
767 362 923 413 insuper
951 376 998 400 ex
1023 363 1168 413 privato
1197 364 1335 403 frustra
1367 379 1468 404 nunc
1488 366 1560 403 im-

119 423 297 474 penditis,
329 424 594 474 sociorumque
623 423 888 474 vectigalibus,
917 437 1224 474 unumquemque
1247 433 1412 464 vestrum
1432 428 1469 465 id
1491 441 1556 466 ac-

117 484 243 534 cipere
263 485 398 523 decere
428 485 512 523 dico
545 485 647 535 quod
681 497 832 535 aequum
863 492 946 522 est:
976 491 1089 523 aetate
1108 485 1288 524 florentes
1308 487 1467 525 militare
1488 490 1555 527 sti-

116 545 310 595 pendium,
342 546 518 585 emeritos
551 546 750 596 pecuniam
781 546 829 583 ob
862 547 1073 584 exercenda
1103 547 1249 594 judicia
1286 561 1353 585 seu
1386 562 1461 598 quo
1481 550 1556 588 alio

116 607 228 645 titulo
261 621 337 645 rem
369 607 538 657 insigniri
569 607 706 657 placet.
766 607 843 644 Sed
863 607 934 658 ipsi
956 607 1163 645 militabitis
1185 621 1308 659 neque
1334 622 1379 646 eo
1398 623 1555 648 munere

113 668 292 718 cuiquam
311 668 468 714 cedetis,
489 680 565 718 quo
585 667 801 718 reipublicae
828 669 924 706 vires
944 669 1164 707 domesticae
1186 670 1259 707 sint
1288 676 1327 708 et
1360 684 1380 708 e
1410 671 1555 709 civibus

114 728 324 775 instruetae,
343 735 386 766 ut
398 741 468 767 nec
488 742 582 779 opes
597 728 705 766 vobis
727 729 855 767 desint
871 737 910 767 et
930 743 996 768 vos
1015 730 1140 769 officio
1160 730 1372 782 fungamini
1388 745 1397 775 ;
1428 739 1467 770 et
1484 733 1553 769 im-

113 796 263 840 perator
281 790 459 828 exercitui
479 790 623 840 praesit,
645 797 684 828 et
704 803 793 836 non,
816 791 1087 838 Athenienses,
1108 791 1243 830 eadem
1263 806 1349 844 quae
1367 793 1553 832 hactenus

112 863 186 888 usu
202 851 366 897 veniant,
391 858 434 889 ut
451 851 568 889 duces
597 851 635 888 in
658 851 815 903 judiciis
835 852 1000 890 vexetis:
1031 860 1069 890 et
1088 852 1150 890 hic
1170 853 1325 892 tandem
1346 854 1394 892 sit
1412 855 1556 905 negotii

110 913 225 950 totius
245 912 383 959 exitus,
404 914 481 950 Iste
501 912 608 951 istius
629 912 729 951 filius
749 914 866 951 istum
888 914 1106 952 accusavit:
1139 921 1399 966 praetereaque
1420 916 1524 954 nihil.

164 975 200 1011 3.
230 973 307 1012 Sed
326 974 416 1026 quid
435 974 543 1012 vobis
559 974 687 1012 studio
703 975 842 1013 habere
854 975 1001 1013 debetis
1017 975 1032 1011 ἲ
1071 975 1123 1012 Ut
1142 976 1235 1014 socii
1255 989 1332 1015 non
1351 977 1551 1028 praesidio-

110 1048 191 1072 rum
206 1043 325 1081 metu,
350 1035 419 1074 sed
439 1036 783 1074 communicatione
796 1037 1002 1075 utilitatum
1020 1037 1120 1075 inter
1135 1050 1203 1075 nos
1222 1045 1261 1075 et
1285 1039 1403 1089 ipsos,
1423 1039 1552 1077 nobis-

109 1110 210 1143 cum,
232 1099 308 1136 sint
335 1098 544 1149 conjuncti.
600 1098 754 1136 Deinde
775 1112 823 1136 ne
849 1099 968 1137 duces
989 1099 1201 1150 peregrinis
1220 1100 1404 1138 militibus
1424 1101 1550 1140 socios

106 1168 246 1198 vexent
265 1173 309 1198 ac
327 1160 606 1210 depraedentur,
630 1161 760 1199 hostes
781 1174 829 1198 ne
853 1161 1009 1199 videant
1027 1162 1183 1211 quidem
1203 1176 1213 1206 ;
1243 1176 1403 1212 quarum
1424 1177 1550 1201 rerum

108 1222 365 1260 emolumenta
389 1222 546 1259 istorum
567 1223 719 1273 propria
738 1228 840 1267 sunt,
861 1222 950 1259 odia
969 1230 1008 1260 et
1035 1223 1240 1261 maledicta
1258 1223 1296 1260 in
1319 1230 1440 1262 totam
1459 1225 1549 1263 civi-

105 1290 224 1321 tatem
254 1283 496 1322 redundant:
526 1283 595 1320 sed
619 1291 663 1321 ut
694 1284 795 1321 cives
826 1283 994 1321 habeant
1016 1297 1177 1334 quorum
1199 1298 1315 1335 opera
1333 1285 1480 1331 hostes,
1501 1299 1548 1324 eo

105 1345 218 1383 modo
237 1358 312 1396 quo
338 1358 439 1382 nunc
461 1345 583 1382 socios
614 1351 653 1383 et
685 1345 837 1390 amicos,
860 1345 1046 1395 affligant.
1102 1344 1295 1384 Praeterea
1326 1347 1458 1384 multae
1489 1360 1549 1385 res

102 1413 266 1445 vestram
296 1406 537 1457 praesentiam
569 1406 788 1444 desiderant
805 1420 813 1444 :
844 1413 882 1444 et
918 1413 1170 1458 praeterquam
1202 1407 1307 1458 quod
1337 1407 1549 1446 domestica

102 1468 203 1506 bella
221 1468 438 1506 domesticis
462 1468 580 1519 copiis
601 1470 679 1519 geri
707 1468 909 1511 conducit;
941 1468 1040 1506 idern
1060 1469 1109 1506 ad
1128 1468 1202 1507 alia
1222 1482 1375 1520 quoque
1392 1470 1548 1520 negotia

101 1536 160 1568 est
191 1531 462 1569 necessarium.
521 1530 622 1567 Nam
650 1531 681 1568 si
713 1530 885 1568 contenti
915 1531 1051 1568 essetis
1077 1530 1168 1576 otio,
1201 1531 1324 1568 securi
1355 1530 1546 1581 quomodo

102 1606 187 1630 cum
205 1592 352 1630 Graecis
373 1599 561 1643 ageretur,
581 1592 655 1630 alia
682 1598 786 1630 esset
817 1605 864 1629 ea
895 1591 1003 1630 ratio.
1060 1590 1175 1629 Nunc
1194 1592 1447 1642 principatum
1469 1605 1545 1630 cae-

102 1654 267 1705 terisque
286 1654 439 1691 dicendi
464 1653 558 1705 juris
591 1660 822 1704 potestatem
841 1653 948 1690 vobis
969 1652 1168 1703 arrogatis,
1186 1653 1395 1690 exercitum
1415 1659 1543 1690 autem

100 1717 164 1767 qui
182 1716 267 1753 haec
286 1722 325 1753 et
342 1715 519 1766 inspiciat
537 1722 575 1752 et
594 1714 742 1752 tueatur
760 1727 884 1764 neque
905 1720 1081 1764 paratum
1100 1713 1249 1751 habetis
1269 1727 1391 1763 neque
1411 1727 1545 1764 parare

100 1776 285 1814 studetis:
317 1776 385 1814 sed
414 1776 521 1813 vobis
557 1775 677 1812 otiose
704 1775 967 1812 desidentibus
998 1781 1037 1811 et
1068 1774 1377 1818 dormitantibus,
1410 1787 1541 1826 respu-

97 1838 199 1875 blica
226 1837 532 1888 Mitylenaeorum
565 1836 775 1873 libertatem
812 1835 959 1878 amisit;
990 1848 1114 1884 neque
1143 1835 1268 1873 minus
1301 1835 1542 1873 Rhodiorum

98 1906 270 1936 nostrum
290 1899 440 1935 nemine
460 1897 696 1949 prohibente,
716 1903 755 1934 et
770 1896 878 1933 nobis
897 1895 1050 1945 quidem
1071 1895 1236 1939 inimica,
1259 1896 1364 1934 dicat
1383 1896 1542 1947 aliquis?

99 1960 168 1998 sed
199 1959 287 1997 odia
304 1959 450 2009 majora
473 1971 557 1995 esse
588 1958 743 2001 debent,
765 1956 1032 1999 Athenienses,
1062 1956 1100 1993 in
1131 1956 1357 2006 oligarchias
1385 1965 1540 2008 propter

96 2022 260 2060 instituti
275 2021 396 2059 nostri
420 2019 787 2063 dissimilitudinem,
808 2031 922 2068 quam
944 2024 1079 2056 contra
1100 2018 1242 2056 liberos
1261 2020 1429 2071 populos
1447 2035 1538 2072 pro-

98 2089 183 2133 pter
200 2095 445 2132 quascunque
464 2094 615 2119 causas.

149 2147 190 2182 4.
220 2145 310 2190 Sed,
330 2150 374 2181 ut
393 2156 437 2181 eo
458 2143 610 2181 redeam
631 2143 731 2180 unde
752 2143 946 2193 digressus
968 2155 1064 2189 sum,
1085 2142 1227 2180 affirmo
1246 2142 1385 2180 debere
1404 2156 1475 2181 vos
1497 2143 1537 2181 in

95 2205 263 2244 ordinem
284 2205 444 2243 describi
477 2212 591 2255 atque
611 2204 781 2245 ordinem
801 2204 966 2241 eundem
998 2217 1083 2241 esse
1114 2210 1192 2240 tum
1225 2203 1435 2254 accipiendi
1455 2211 1536 2242 tum

94 2267 258 2306 faciendi
272 2280 318 2305 ea
338 2280 423 2318 quae
439 2266 562 2304 decet.
620 2265 736 2303 Hisce
751 2265 800 2302 de
814 2267 925 2302 rebus
945 2265 1049 2316 prius
1070 2264 1181 2302 etiam
1204 2265 1306 2315 apud
1326 2277 1392 2301 vos
1413 2265 1536 2303 disse-

94 2330 150 2366 rui
175 2336 214 2367 et
242 2327 443 2380 explicavi,
470 2327 625 2378 quinam
655 2327 748 2364 ordo
781 2326 878 2363 inter
910 2339 992 2371 VOS,
1022 2326 1085 2375 qui
1118 2338 1272 2375 gravem
1304 2333 1535 2365 armaturam

97 2391 224 2440 geritis
252 2397 291 2428 et
309 2391 373 2440 qui
393 2389 540 2441 equites
560 2389 667 2433 estis,
694 2395 732 2426 et
750 2389 816 2438 qui
844 2388 979 2426 horum
999 2400 1157 2424 numero
1176 2400 1253 2425 non
1273 2387 1535 2436 continemini,

97 2459 202 2490 esset
219 2452 421 2497 ineundus,
448 2458 486 2488 et
519 2449 621 2488 unde
658 2448 908 2488 communiter
936 2461 1069 2486 omnes
1101 2448 1305 2486 liberaliter
1331 2449 1537 2488 sustentari

95 2514 258 2564 possint.
313 2513 428 2554 Quod
446 2525 534 2550 vero
564 2524 690 2549 meum
711 2510 876 2548 animum
905 2508 1068 2546 maxime
1088 2509 1257 2546 omnium
1277 2509 1456 2556 turbavit,
1476 2510 1534 2549 di-

94 2587 179 2612 cam
199 2573 304 2610 vobis
318 2586 390 2610 nec
404 2572 675 2610 dissimulabo:
704 2585 806 2614 nam,
827 2584 946 2622 quum
970 2570 1092 2608 multa
1111 2576 1150 2607 et
1174 2570 1358 2620 praeclara
1384 2578 1424 2609 et
1452 2585 1533 2609 ma-

93 2647 172 2685 gna
189 2642 319 2672 essent
335 2646 381 2671 ea
398 2634 538 2680 omnia,
557 2634 700 2671 nullius
721 2646 741 2670 e
761 2633 909 2671 caeteris
923 2632 1123 2683 quisquam
1144 2631 1339 2676 meminit;
1370 2633 1531 2671 duorum

94 2696 292 2734 obolorum
319 2707 462 2732 omnes.
519 2695 640 2746 Atqui
657 2694 739 2732 fieri
757 2707 834 2732 non
853 2699 993 2744 potest,
1020 2699 1062 2730 ut
1079 2693 1139 2730 isti
1159 2694 1310 2741 majoris
1330 2694 1436 2744 pretii
1455 2694 1533 2731 sint

93 2771 208 2809 quam
227 2758 388 2796 duorum
408 2756 616 2803 obolorum,
644 2764 783 2794 caetera
807 2768 908 2802 vero,
925 2769 1012 2805 quae
1030 2768 1116 2793 cum
1141 2754 1200 2791 his
1220 2767 1306 2804 quae
1326 2754 1416 2799 dixi,
1437 2767 1531 2791 con-

87 2819 223 2870 juncta
236 2825 337 2863 sunt,
353 2818 452 2868 regis
467 2818 666 2855 Persarum
681 2831 775 2868 opes
787 2824 957 2868 aequant,
976 2823 1018 2854 ut
1036 2818 1140 2861 urbs,
1159 2830 1244 2867 quae
1264 2823 1322 2853 tot
1338 2816 1456 2865 probe
1470 2816 1530 2854 in-

94 2888 260 2919 structos
272 2880 421 2932 pedites
440 2887 479 2917 et
495 2879 666 2918 triremes
678 2886 716 2917 et
734 2880 879 2930 equites
891 2886 928 2916 et
941 2878 1114 2929 pecuniae
1129 2877 1271 2914 reditus
1287 2876 1416 2920 habet,
1429 2876 1528 2914 ordi-

94 2948 184 2980 nata
196 2950 235 2980 et
250 2942 435 2980 instructa
454 2940 515 2978 sit.
545 2939 649 2982 Quid
670 2939 798 2990 igitur,
817 2940 961 2989 inquiet
979 2938 1128 2987 aliquis,
1149 2936 1229 2972 haec
1244 2949 1345 2974 nunc
1363 2950 1531 2976 comme-

803 3012 831 3037 u
