1923 3149
573 174 793 213 CONTRA
825 175 1285 214 ARISTOCRATEM.
1582 180 1658 217 385

197 283 235 315 et
255 276 358 328 quod
378 276 601 315 discedendi
623 286 796 329 potestas
816 278 942 324 datur,
963 285 1003 316 et
1021 278 1123 328 quod
1154 280 1331 317 exsulare
1356 279 1528 329 jubetur,
1553 288 1656 318 recte

195 346 255 376 est
274 339 467 388 provisum
486 351 494 375 :
525 345 564 376 et
581 339 686 390 quod
708 340 738 377 is
757 341 821 391 qui
843 341 891 377 ab
913 339 1047 377 exsilio
1068 340 1178 383 redit,
1199 341 1388 391 expiatur,
1409 348 1445 378 et
1467 349 1657 392 purgatur

193 400 309 436 certis
329 400 462 437 ritibus
480 412 488 437 :
519 407 557 437 et
575 400 698 438 omnis
715 401 925 439 auctoritas
944 413 1063 451 penes
1078 401 1184 450 leges
1201 409 1273 446 est,
1293 403 1406 439 etiam
1423 402 1505 440 haec
1527 402 1657 440 onmia

192 461 375 510 praeclare
396 461 608 499 constituta
628 468 730 499 sunt.
761 463 860 504 Quae
881 462 950 500 iste
965 461 1143 499 universa
1159 469 1267 498 tanta
1284 463 1462 512 oequitate
1481 476 1505 512 a
1523 464 1654 513 primis

194 521 481 571 legislatoribus
503 522 709 573 descripta,
729 522 883 562 decreto
895 524 976 561 ‘isto
996 522 1201 560 scribendo
1220 523 1403 573 neglexit.

232 585 293 620 17.
327 584 424 622 Haec
439 584 554 634 igitur
570 584 651 622 duo
664 591 773 622 tanta
785 591 824 621 ct
843 584 934 622 talia
947 583 1109 634 judicia,
1130 590 1245 634 atque
1266 583 1540 632 instituta,jam
1558 585 1647 623 indc

190 645 239 682 ab
259 645 362 681 omni
382 644 566 682 memoria
587 651 756 695 recepta,
771 652 850 682 tarn
872 644 1114 695 impudenter
1133 644 1337 682 transiluit.
1388 644 1490 688 Quin
1511 653 1649 694 praeter

189 704 272 742 haec
301 705 454 742 tertium
481 704 610 751 etiam,
629 705 728 742 inter
755 705 838 743 haec
865 705 1037 743 omnium
1059 705 1388 755 augustissimum,
1412 706 1647 756 maximique

187 767 354 811 terroris,
375 767 406 804 si
427 766 514 816 quis
535 766 724 804 occidisse
744 767 921 813 fateatur,
942 767 981 805 id
1000 775 1129 805 tamen
1151 766 1366 805 secundum
1381 766 1487 817 leges
1509 766 1645 803 fecisse

186 839 227 863 se
247 826 364 865 dicat.
405 827 475 865 Est
495 835 624 865 autem
651 828 725 867 hoc
757 829 804 866 de
824 842 901 879 quo
933 829 1034 876 dico,
1058 829 1280 879 praetorium
1307 828 1358 866 ad
1380 828 1645 879 Delphinium.

184 887 287 925 Nam
317 888 410 926 mihi
439 888 595 939 quidem
615 889 809 936 videntur,
838 887 1112 937 Athenienses,
1144 891 1184 927 hi
1217 891 1283 941 qui
1311 890 1473 940 primum
1504 890 1563 927 his
1595 890 1642 927 dc

181 951 298 987 rebus
312 950 400 1000 jura
419 963 591 996 sanxere,
612 964 691 1002 prae
719 951 896 989 omnibus
917 951 999 989 aliis
1019 951 1094 989 hoc
1114 958 1327 1002 spectasse,
1349 957 1476 987 utrum
1497 950 1643 987 nullam

181 1011 327 1048 caedem
348 1024 434 1050 esse
454 1012 612 1058 licitam,
627 1025 675 1050 an
695 1026 785 1051 vero
805 1012 971 1063 aliquam
991 1012 1138 1050 caedem
1156 1012 1281 1051 facere
1301 1012 1359 1050 sas
1380 1025 1479 1057 esse,
1501 1011 1550 1049 sit
1570 1024 1641 1049 ex-

181 1071 458 1110 istimandum?
499 1074 598 1111 Cum
627 1074 757 1124 igitur,
785 1074 964 1112 Orestem
993 1074 1196 1111 interfecta
1224 1080 1360 1119 matre,
1389 1072 1507 1123 idque
1536 1072 1642 1110 haud

179 1142 403 1183 negantem,
423 1134 518 1173 deos
531 1135 684 1184 judices
703 1142 874 1182 nactum,
900 1135 1018 1173 caedis
1045 1135 1266 1173 absolutum
1285 1148 1370 1173 esse
1390 1134 1639 1185 reperissent,

179 1195 361 1233 statuisse
378 1195 526 1233 caedem
545 1196 713 1247 aliquam
730 1209 816 1234 esse
831 1197 1004 1247 justam;
1043 1209 1115 1234 nec
1135 1196 1236 1234 enim
1257 1196 1351 1234 deos
1371 1196 1511 1247 injuste
1530 1196 1639 1245 quic-

176 1268 292 1305 quam
313 1257 650 1307 pronunciaturos.
687 1258 855 1296 Proinde
874 1258 964 1308 quia
984 1257 1039 1296 sic
1059 1265 1280 1303 senserunt,
1296 1258 1376 1308 jam
1397 1257 1578 1303 scribere,
1600 1264 1641 1294 et

176 1324 307 1367 aperte
320 1317 478 1355 definire
493 1318 756 1364 instituerunt,
772 1318 911 1368 quibus
928 1319 977 1356 de
993 1320 1120 1356 causis
1136 1319 1311 1356 occidere
1323 1318 1469 1356 liceret.
1499 1317 1640 1354 Atiste

173 1390 333 1428 prorsus
357 1378 452 1416 nihil
479 1379 660 1430 dempsit,
692 1379 761 1416 sed
791 1380 830 1415 in
851 1380 1085 1425 universum,
1108 1381 1139 1417 si
1159 1380 1246 1429 quis
1276 1379 1475 1424 occiderit,
1502 1379 1639 1428 inquit,

176 1440 466 1487 Charidemum,
496 1442 575 1478 sive
593 1441 634 1478 id
647 1441 735 1491 jure
757 1440 838 1487 fiat,
865 1440 943 1477 sive
963 1446 1007 1476 ut
1025 1441 1134 1489 leges
1153 1440 1393 1490 permittunt,
1421 1440 1639 1489 proscribit.

174 1500 378 1539 Enimvero
397 1509 479 1538 tum
500 1501 685 1547 actiones,
710 1508 793 1538 tum
821 1501 1014 1538 orationes
1034 1512 1183 1545 omnes,
1204 1499 1300 1537 duas
1321 1499 1468 1537 habent
1490 1513 1636 1551 appen-

173 1561 292 1608 dices,
312 1562 566 1614 unam'juriS,
588 1563 749 1600 alteram
779 1562 939 1613 injuriae,
968 1574 1061 1612 quas
1085 1561 1200 1598 simul
1229 1561 1367 1599 eadem
1401 1561 1501 1599 actio
1529 1563 1638 1600 nulla

171 1631 301 1674 potest
316 1625 472 1672 habere,
492 1638 563 1663 nec
577 1625 659 1662 ulla
678 1624 769 1663 item
787 1624 925 1662 oratio.
983 1623 1086 1660 Nam
1107 1623 1171 1673 qui
1186 1622 1299 1660 simul
1315 1622 1450 1660 eadem
1473 1630 1512 1660 et
1526 1623 1636 1674 justa

171 1692 212 1722 et
228 1685 374 1736 injusta
392 1698 478 1724 esse
497 1685 670 1736 queant?
727 1685 805 1723 Sed
835 1697 924 1722 cum
958 1684 1143 1721 alterutra
1161 1695 1281 1721 causa
1298 1685 1507 1730 conjuncta
1525 1696 1633 1733 quae-

169 1745 265 1784 libet
283 1747 544 1798 explorantur.
593 1747 691 1790 Quae
713 1759 833 1785 causa
857 1747 888 1784 si
920 1746 1055 1796 iniqua
1086 1751 1283 1796 appareat,
1309 1745 1392 1796 ipsa
1410 1758 1471 1782 res
1490 1746 1635 1796 impro-

169 1807 453 1858 bajudicatur:
484 1810 541 1847 sin
555 1808 677 1859 justa,
696 1810 799 1846 bona
825 1815 865 1846 et
891 1808 1073 1845 honesta.
1128 1806 1187 1843 Tu
1209 1819 1301 1857 vero
1320 1813 1496 1844 neutram
1511 1819 1634 1858 appo-

169 1869 292 1914 suisti,
312 1882 400 1907 cum
420 1869 619 1915 scriberes,
641 1869 672 1907 si
705 1870 791 1919 quis
818 1869 921 1907 hunc
948 1867 1144 1914 occiderit,
1167 1867 1237 1905 sed
1257 1867 1414 1905 crimine
1441 1867 1527 1918 ipso
1547 1868 1632 1906 sine

167 1929 248 1968 ullo
279 1931 544 1969 additamento
573 1931 783 1976 nominato,
816 1937 953 1981 postea
983 1929 1111 1967 statim
1143 1929 1352 1977 subjecisti,
1371 1930 1630 1980 proscriptum

166 2003 266 2030 esse.
321 1992 490 2031 Tertium
514 1993 629 2044 igitur
660 1991 736 2030 hoc
751 1991 954 2043 judicium,
975 1998 1014 2029 et
1039 1990 1153 2039 hujus
1187 1989 1364 2028 instituta
1395 1996 1433 2027 te
1463 1990 1630 2028 violasse

167 2059 334 2092 constat.

224 2115 286 2153 18.
315 2114 404 2151 Jam
427 2114 477 2152 ad
503 2114 603 2160 haec,
630 2120 809 2164 quartum
830 2114 960 2164 etiam,
980 2113 1077 2150 illud
1098 2112 1148 2150 ad
1165 2111 1414 2163 Prytaneum.
1472 2112 1518 2150 Id
1537 2126 1628 2151 vero

167 2175 384 2226 cujusmodi
398 2176 488 2214 est?
535 2176 576 2213 Si
591 2176 702 2227 lapis,
723 2182 789 2213 aut
806 2176 968 2226 lignum,
989 2181 1058 2212 aut
1080 2175 1239 2220 ferrum,
1258 2181 1326 2212 aut
1342 2174 1417 2212 tale
1433 2175 1628 2226 quippiam

164 2237 382 2288 delapsum,
403 2236 648 2288 percusserit,
665 2244 782 2288 atque
801 2236 955 2286 aliquis,
976 2249 999 2274 a
1024 2249 1101 2287 quo
1121 2235 1160 2273 id
1182 2236 1402 2286 conjectum
1423 2236 1486 2280 sit,
1514 2236 1625 2286 igno-

162 2306 234 2343 ret,
250 2299 332 2349 ipse
350 2311 439 2336 vero
459 2298 571 2345 norit,
591 2305 630 2336 et
647 2299 790 2336 habeat
808 2297 927 2335 telum
948 2310 1026 2348 quo
1048 2296 1178 2335 caedes
1193 2297 1298 2335 facta
1317 2303 1398 2335 est:
1428 2296 1488 2334 his
1508 2298 1623 2335 rebus

163 2359 202 2396 in
221 2359 297 2397 hoc
314 2358 402 2397 loco
416 2358 607 2410 judicium
623 2360 803 2397 dictatur.
842 2358 959 2402 Quod
991 2358 1022 2396 si
1046 2370 1107 2396 res
1136 2358 1339 2404 inanimas,
1355 2370 1569 2409 sensusque
1585 2366 1626 2397 et

160 2419 319 2458 rationis
338 2433 494 2471 prorsus
510 2427 700 2471 expertes,
719 2420 794 2458 hoc
813 2420 972 2459 crimine
1003 2432 1102 2466 reas,
1128 2419 1238 2457 nefas
1262 2419 1427 2457 habetur
1445 2432 1523 2457 non
1553 2419 1623 2458 ad—

162 2481 305 2519 ducere
324 2481 360 2519 in
375 2482 578 2533 judicium,
596 2483 718 2521 multo
750 2489 854 2521 certe
880 2481 1005 2533 magis
1030 2494 1116 2519 eum
1147 2481 1213 2532 qui
1232 2480 1327 2518 nihil
1347 2480 1510 2519 fortasse
1525 2481 1622 2518 deli«

160 2543 287 2593 querit
308 2545 468 2593 (ponam
488 2544 725 2595 deliquisse),
753 2550 794 2582 at
810 2543 1005 2581 hominem
1035 2549 1180 2588 tamen,
1207 2548 1258 2589 et,
1277 2541 1393 2579 deum
1407 2541 1619 2587 voluntate,

158 2605 373 2643 communis
405 2612 547 2643 nostrae
565 2613 714 2644 naturae
740 2607 982 2657 participem,
1003 2605 1110 2642 nefas
1129 2612 1169 2642 et
1180 2604 1350 2655 iniquum
1371 2603 1499 2649 fuerit,
1518 2602 1618 2640 indi-

159 2673 222 2704 cta
238 2679 370 2712 causa,
390 2673 429 2704 et
442 2668 586 2717 absque
600 2667 762 2718 judicio,
783 2667 870 2706 talis
891 2667 1060 2705 criminis
1081 2666 1208 2717 gratia
1227 2666 1478 2717 proscribere.

216 2728 277 2765 19.
308 2727 536 2778 Cujusmodi
554 2740 667 2778 porro
695 2728 799 2766 aliud
830 2728 1005 2779 quintum
1029 2727 1216 2778 judicium
1240 2726 1405 2770 violarit,
1427 2730 1614 2774 spectate,

159 2787 435 2826 Phreattaeum.
493 2788 537 2825 In
559 2801 635 2839 quo
650 2801 805 2827 causam
824 2789 950 2828 dicere
964 2789 1052 2839 lege
1065 2788 1237 2839 jubetur,
1253 2787 1283 2823 si
1298 2786 1381 2837 quis
1401 2785 1450 2822 ob
1466 2786 1617 2824 caedem

159 2849 354 2887 fortuitam
375 2850 414 2886 in
433 2848 612 2887 exsilium
631 2850 844 2900 profectus,
862 2850 1036 2888 nondum
1057 2847 1313 2887 reconciliatis
1346 2845 1435 2884 caesi
1460 2846 1614 2897 propin-

154 2909 252 2960 quis,
271 2910 426 2949 alterius
443 2909 673 2949 voluntariae
698 2911 817 2950 caedis
845 2911 1098 2950 insimuletur.
1144 2908 1284 2959 Neque
1304 2919 1408 2955 vero,
1429 2906 1519 2958 quia
1536 2906 1613 2946 huc

845 2974 867 3009 3
890 2985 916 3009 D
