1923 3149
247 167 324 203 ¹248
559 163 633 201 DE
662 164 817 202 MALE
846 163 1022 202 GESTA
1054 163 1383 209 LEGATIONE.

249 278 403 316 quoque
424 272 594 317 tempore
614 267 731 318 legati
754 267 918 312 abirent,
936 274 975 305 et
994 273 1036 305 ut
1062 266 1264 306 Proxenus
1284 266 1363 304 dux
1389 279 1455 305 eos
1474 265 1514 305 in
1535 265 1600 304 illa
1617 264 1704 303 loca

249 325 480 376 deportaret,
501 326 539 364 in
558 327 697 378 quibus
713 330 853 367 versari
881 328 1102 379 Philippum
1122 328 1380 379 cognovisset,
1400 328 1444 365 iis
1459 326 1598 372 verbis,
1617 337 1705 377 quae

248 399 351 425 nunc
380 388 517 433 refero,
542 396 674 440 aperte
700 390 739 427 in
773 389 927 428 decreto
956 390 1107 441 positis,
1135 402 1207 440 age
1237 402 1334 440 cape
1363 389 1401 427 id
1432 389 1643 434 decretum,
1662 392 1702 425 et

249 448 380 486 recita.

818 583 1137 622 DECRETUM.

302 684 370 720 47.
400 683 502 721 Hinc
522 683 637 734 igitur
663 696 729 722 eos
755 683 889 731 eduxi,
911 686 1009 724 adeo
1029 687 1181 732 invitos,
1199 693 1242 724 ut
1262 699 1310 724 ex
1328 686 1371 723 iis
1390 699 1477 736 quae
1496 692 1630 737 postea
1646 687 1702 725 fe-

249 751 398 790 cerunt,
416 744 564 795 liquido
579 746 840 796 cognoscetis.
897 747 951 784 Ut
969 754 1098 786 autem
1112 748 1257 786 Oreum
1284 747 1539 798 pervenimus,
1560 754 1599 786 et
1616 761 1705 786 cum

249 804 428 843 Proxeno
446 806 644 856 congressi
671 819 819 853 sumus,
837 807 900 845 isti
928 809 1107 859 neglecta
1129 809 1386 860 navigatione,
1402 816 1441 846 et
1458 809 1706 847 exsecutione

251 866 537 913 mandatorum,
570 867 711 918 passim
750 870 994 907 oberrabant.
1051 871 1274 922 Antequam
1305 869 1420 921 igitur
1451 870 1490 907 in
1518 870 1706 908 Macedo-

249 926 352 964 niam
371 928 599 974 veniremus,
627 929 709 967 dies
734 936 812 968 tres
841 937 881 968 et
911 931 1045 981 viginti
1076 931 1397 983 consumpsimus,
1417 931 1584 981 reliquos
1617 945 1707 969 vero

255 1000 388 1026 omnes
409 988 529 1027 Pellae
549 989 787 1040 desedimus,
801 998 890 1029 ante
906 991 1072 1044 Philippi
1102 993 1283 1036 reditum,
1304 992 1348 1030 iis
1378 1004 1474 1042 quos
1507 992 1556 1029 in‘
1574 992 1708 1030 itinere

251 1049 393 1087 fuimus
412 1050 569 1098 additis,
589 1051 867 1102 quinquaginta
893 1059 1009 1091 totos.
1067 1053 1218 1091 Interea
1245 1052 1467 1099 Doriscum,
1487 1052 1706 1099 Thraciam,

252 1110 406 1158 Muros,
427 1112 589 1150 Sacrum
607 1118 792 1159 montem,
810 1115 938 1152 omnia
953 1114 1120 1166 denique
1134 1115 1241 1166 pacis
1257 1121 1428 1165 tempore
1447 1121 1487 1153 et
1502 1114 1713 1161 foedemm,

252 1171 430 1222 capiebat
460 1179 500 1211 et
527 1176 760 1225 procurabat
785 1175 1002 1227 Philippus,
1028 1178 1162 1215 crebro
1194 1176 1397 1215 dictitante
1421 1189 1494 1222 me,
1514 1182 1555 1214 et
1576 1176 1710 1215 clami-

252 1239 371 1279 tante,
388 1233 552 1284 primum
567 1234 621 1273 ita
639 1243 682 1273 ut
701 1236 740 1274 in
755 1249 959 1277 commune
979 1238 1129 1276 consuli
1148 1238 1256 1283 solet,
1278 1238 1434 1284 deinde,
1454 1245 1498 1276 ut
1515 1239 1580 1288 qui
1595 1238 1710 1276 doce-

252 1308 334 1333 rem
353 1295 525 1345 ignaros,
540 1304 747 1347 postremo,
770 1306 813 1336 ut
832 1299 870 1336 in
890 1312 958 1337 eos
978 1300 1043 1350 qui
1063 1314 1104 1338 se
1122 1300 1404 1346 vendidissent,
1429 1298 1710 1351 impurissimos

251 1356 441 1404 homines,
460 1358 540 1397 sine
559 1359 640 1397 ulla
656 1360 962 1399 dissimulatione
987 1362 1206 1400 inveheret:
1237 1363 1302 1413 qui
1332 1369 1461 1400 autem
1493 1360 1553 1398 his
1583 1367 1711 1410 aperte

254 1418 525 1468 refragaretur,
546 1426 584 1457 et
603 1420 781 1458 omnibus
797 1427 876 1461 tam
894 1422 1008 1460 dictis
1033 1422 1141 1467 meis,
1156 1436 1273 1473 quam
1296 1423 1462 1461 decretis
1481 1421 1619 1460 vestr1s
1639 1420 1709 1458 ad-

259 1485 490 1524 versaretur,
505 1478 576 1517 iste
592 1480 677 1520 fuit.
735 1481 797 1517 An
816 1494 904 1519 vero
923 1483 1058 1520 eadem
1077 1483 1213 1520 ceteris
1234 1484 1348 1521 etiam
1375 1482 1513 1533 legatis
1534 1482 1712 1520 omnibus

252 1539 477 1590 placuerint,
497 1541 626 1578 statim
658 1541 800 1578 scietis.
858 1543 942 1592 Ego
976 1544 1076 1580 enim
1113 1544 1286 1580 nondum
1320 1545 1526 1594 quicquam
1552 1544 1601 1581 de
1630 1543 1713 1581 ullo

254 1601 354 1647 dico,
370 1613 495 1651 neque
515 1614 668 1650 queror,
681 1614 807 1651 neque
827 1603 947 1640 ullum
964 1617 1095 1641 eorum
1110 1612 1288 1641 coactum
1303 1605 1419 1642 hodie
1437 1605 1557 1643 videri
1570 1605 1714 1643 bonum

253 1662 376 1700 virum
396 1668 563 1712 oportet,
584 1661 654 1699 sed
674 1662 776 1700 ultro
795 1670 834 1700 et
848 1664 897 1701 ob
913 1663 1110 1702 vitandam
1132 1665 1322 1703 scelerum
1343 1666 1581 1704 societatem.
1611 1666 1713 1704 Nam

255 1736 303 1761 ea
320 1736 403 1761 esse
425 1722 569 1761 atrocia
585 1723 744 1773 flagitia,
777 1731 815 1762 et
846 1737 923 1762 non
953 1725 1125 1764 admissa
1144 1727 1275 1776 gratis,
1295 1739 1429 1765 omnes
1450 1740 1519 1765 vos
1537 1727 1712 1766 vidistis:

256 1798 415 1836 quorum
432 1785 497 1834 qui
515 1784 608 1822 socii
626 1784 780 1830 fuerint,
802 1799 862 1823 res
877 1786 960 1837 ipsa
973 1787 1166 1825 ostendet.
1206 1787 1271 1833 At,
1286 1787 1455 1834 hercule,
1475 1801 1522 1826 eo
1541 1794 1712 1840 tempore

251 1846 524 1897 jusjurandum
551 1859 574 1884 a
603 1846 714 1884 sociis
739 1856 965 1897 exegerunt,
993 1855 1060 1886 aut
1078 1848 1154 1886 alia
1171 1862 1259 1898 quae
1280 1849 1501 1887 decuissent
1520 1850 1714 1900 egerunt?

261 1907 429 1944 Multum
449 1913 552 1944 certe
572 1908 694 1944 abest.
752 1907 829 1945 Sed
854 1909 976 1948 tribus
1008 1909 1206 1947 mensibus
1237 1922 1396 1960 peregre
1427 1911 1654 1961 absumptis,
1676 1917 1716 1949 et

258 1969 362 2007 mille
379 1968 571 2006 drachmis
589 1968 627 2006 in
640 1969 818 2007 viaticum
833 1981 856 2008 a
873 1971 982 2009 vobis
998 1971 1184 2022 acceptis,
1202 1978 1390 2021 quantum
1404 1984 1427 2009 a
1442 1972 1548 2009 nulla
1561 1972 1715 2024 civitate

260 2030 451 2068 numerari
473 2029 581 2074 solet,
598 2042 723 2080 neque
738 2043 825 2068 cum
837 2030 901 2069 illo
917 2032 1261 2082 proficiscerentur,
1276 2045 1399 2082 neque
1412 2046 1498 2071 cum
1514 2033 1619 2071 illinc
1636 2033 1714 2071 huc

259 2091 439 2136 redirent,
450 2091 719 2142 jusjurandum
735 2099 962 2142 exegerunt,
976 2093 1045 2131 sed
1064 2093 1103 2130 in
1123 2106 1311 2143 caupona,
1328 2106 1414 2143 quae
1438 2101 1499 2132 est
1521 2101 1611 2132 ante
1637 2094 1714 2132 Ca-

261 2153 374 2192 storis
395 2160 434 2192 et
453 2152 713 2190 Pollucis—si
733 2153 818 2202 quis
835 2161 1006 2192 vestrum
1028 2154 1163 2193 Pheris
1179 2155 1262 2203 fuit,
1276 2155 1456 2206 intelligit
1474 2155 1567 2205 quid
1587 2156 1713 2193 dicam

259 2215 389 2262 —‚ibi
407 2214 679 2265 jusjurandum
695 2214 872 2263 dabatur,
892 2229 979 2254 cum
1004 2216 1086 2267 jam
1117 2229 1204 2254 cum
1235 2216 1620 2268 exercituPhilippus
1639 2216 1716 2254 huc

261 2276 580 2327 proficisceretur,
595 2275 758 2327 turpiter
778 2276 1050 2323 Athenienses,
1065 2284 1104 2316 et
1123 2290 1200 2316 non
1221 2291 1242 2315 e
1262 2284 1390 2316 vestra
1403 2277 1603 2328 dignitate.
1659 2277 1716 2316 Ut

266 2343 395 2375 autem
410 2336 477 2375 illa
493 2350 538 2375 eo
559 2337 675 2375 modo
690 2337 840 2383 fierent,
863 2337 902 2375 id
917 2338 1116 2390 Philippus
1137 2338 1305 2377 omnium
1326 2339 1479 2376 maximi
1500 2338 1714 2378 aestimavit.

261 2399 363 2438 Nam
378 2400 410 2437 si
427 2413 498 2438 nec
510 2412 646 2450 pacem
661 2399 726 2445 ita,
740 2400 796 2438 uti
814 2401 1059 2439 instituerant
1074 2401 1136 2439 isti
1155 2400 1331 2451 primum,
1347 2400 1553 2439 decernere
1571 2402 1717 2452 potuis-

263 2469 362 2506 sent,
381 2474 462 2498 exc
476 2474 498 2499 e
512 2461 610 2512 ptis
630 2462 684 2499 Al
697 2462 890 2501 ensibus
919 2470 964 2501 et
983 2463 1013 2499 P
1027 2461 1338 2505 hocensibus‚
1357 2461 1426 2499 sed
1439 2470 1598 2500 coactus
1611 2470 1716 2502 esset

264 2536 287 2561 a
301 2522 410 2561 nobis
425 2522 665 2561 Philocrates
686 2523 894 2573 iel-delere,
921 2537 966 2562 ac
996 2524 1199 2575 perspicue
1232 2536 1385 2576 ponere,
1404 2524 1660 2563 Athenienses
1678 2532 1718 2564 et

264 2583 563 2623 Atheniensium
578 2586 715 2631 socios,
729 2585 918 2624 noluisset
931 2585 970 2623 id
982 2585 1254 2636 jusjurandum
1269 2586 1317 2623 ab
1333 2584 1413 2623 ullo
1425 2586 1614 2624 sociorum
1627 2599 1716 2624 suo-

263 2659 347 2684 rum
362 2645 464 2683 dari:
486 2658 608 2695 neque
627 2646 728 2684 enim
747 2659 794 2684 ea
811 2660 899 2697 quae
918 2659 1020 2685 nunc
1038 2647 1146 2684 vobis
1165 2652 1298 2698 erepta
1311 2653 1431 2692 tenet,
1452 2653 1717 2698 oppugnatum

268 2708 324 2746 illi
346 2707 519 2753 ivissent,
540 2708 608 2746 sed
621 2709 891 2757 jusjurandum
910 2715 1188 2747 excusassem:
1217 2721 1343 2759 neque
1359 2722 1426 2748 eos
1439 2709 1616 2747 conscios
1633 2722 1720 2747 esse

265 2769 452 2808 voluisset
464 2770 795 2821 pollicitationum,
810 2770 949 2820 quibus
961 2783 1096 2821 pacem
1113 2771 1357 2822 impetrasset
1369 2784 1378 2809 ε
1398 2783 1524 2821 neque
1538 2769 1576 2807 id
1588 2777 1718 2808 osten-

267 2833 307 2871 di
325 2833 451 2884 palam
476 2832 668 2880 omnibus,
696 2845 773 2870 non
803 2833 996 2871 civitatem
1015 2833 1308 2872 Atheniensium
1334 2833 1582 2871 succubuisse
1601 2833 1719 2878 bello,

269 2896 335 2933 sed
351 2895 569 2947 Philippum
584 2909 668 2935 esse
682 2895 746 2947 qui
765 2908 898 2947 pacem
918 2902 1127 2948 expeteret,
1144 2903 1181 2934 et
1197 2896 1245 2934 ab
1266 2894 1568 2935 Atheniensibus
1587 2907 1722 2947 pacem
