1923 3149
684 105 998 143 PHILIPPICA
1029 105 1217 144 PRIMA.
1632 107 1678 144 15

846 294 1070 333 LITERAE.

282 401 342 442 14.
373 404 470 444 Haec
491 402 765 448 Athenienses,
785 414 871 452 quae
887 402 987 440 lecta
1002 407 1104 448 sunt,
1128 414 1217 439 vera
1235 402 1418 453 pleraque
1446 409 1549 448 sunt,
1569 415 1678 441 secus

226 477 342 515 quam
376 478 461 505 esse
489 465 677 506 debebat;
707 476 782 500 non
805 471 929 500 autem
951 463 1297 513 fortassejucunda
1316 470 1405 500 sunt
1424 463 1569 500 auditu.
1601 464 1679 501 Ve—

225 538 308 562 rum
327 526 356 563 si
377 527 516 571 omnia,
537 539 624 576 quae
645 525 815 562 oratione
835 524 918 574 quis
939 524 1263 575 praetergreditur,
1285 537 1332 561 ne
1353 524 1566 561 molestiam
1589 524 1682 561 affe-

224 594 326 632 rant,
339 601 375 625 re
388 589 502 625 etiam
517 599 605 625 vera
617 586 992 638 praetergredieiitur,
1010 586 1061 623 ad
1075 585 1307 636 voluptatem
1321 587 1537 622 audientium
1549 587 1681 624 eonci-

225 659 321 685 ones
337 648 583 686 instituendae
597 654 710 685 sunt:
731 648 787 684 sin
804 647 1230 695 orationisjucunditas,
1248 647 1372 684 alieno
1388 654 1556 697 tempore
1571 661 1682 685 usur-

224 715 331 758 pata,
351 711 469 761 reipsa
484 710 666 748 damnum
682 709 733 754 fit,
750 716 859 759 turpe
873 714 943 753 est,
957 708 1224 754 Athenienses,
1242 708 1469 759 semetipsos
1491 709 1682 759 decipere,

226 775 267 806 et
289 782 337 808 ea
356 772 484 808 omnia
501 784 587 822 quae
608 770 771 808 molesta
785 777 888 816 sunt,
909 769 1136 814 differendo,
1159 770 1354 820 negligere
1375 783 1509 807 omnes
1536 771 1587 807 rei
1616 784 1683 821 ge·-

225 831 358 869 rendae
373 832 595 870 occasiones
612 847 622 877 3
654 844 700 869 ac
715 845 764 869 ne
784 831 878 869 illud
899 831 1053 881 quidem
1069 844 1183 882 posse
1198 830 1425 881 intelligere,
1448 844 1579 869 eorum
1598 845 1682 870 esse

225 892 290 942 qui
309 899 413 931 recte
431 894 575 931 bellum
595 892 877 937 administrant,
893 905 971 930 non
993 892 1099 942 sequi
1115 905 1189 938 res,
1206 892 1275 929 scd
1294 893 1409 930 rebus
1425 894 1657 931 antecedere
1674 906 1684 937 3

227 960 266 991 et
285 954 609 1004 quemadmodum
630 954 809 992 exercitui
829 960 986 991 censeat
1013 953 1149 1004 aliquis
1166 953 1304 991 ducem
1325 954 1542 1004 praecedere
1573 968 1686 1006 opor-

226 1020 320 1060 tere,
342 1014 394 1053 ita
412 1022 452 1053 et
471 1015 636 1066 negotiis
656 1015 837 1053 cordatos
856 1014 1043 1060 homines,
1065 1022 1106 1051 ut
1126 1028 1213 1065 quae
1232 1016 1325 1066 ipsis
1345 1015 1428 1053 visa
1445 1016 1595 1061 fuerint,
1618 1030 1686 1068 ge-

226 1082 373 1121 rantur,
400 1089 478 1113 non
500 1083 542 1113 ut
560 1082 739 1113 eventum
759 1076 867 1125 sequi
888 1088 1043 1113 necesse
1064 1075 1243 1114 habeant.
1297 1076 1378 1113 Vos
1398 1084 1541 1123 autem,
1562 1078 1685 1116 Athe-

225 1135 391 1182 nienses,
413 1149 503 1174 cum
521 1125 650 1187 copias
682 1135 858 1173 habeatis
887 1136 1057 1173 omnium
1077 1137 1276 1182 maximas,
1296 1137 1482 1183 triremes,
1502 1139 1687 1189 legiones,

227 1197 387 1247 equites,
402 1197 579 1249 pecuniae
599 1197 758 1243 reditus,
777 1197 914 1235 harum
936 1198 1091 1248 quidem
1110 1211 1234 1235 rerum
1255 1197 1291 1235 in
1312 1197 1414 1236 hunc
1443 1212 1564 1249 usque
1585 1200 1687 1238 diem

227 1258 334 1296 nulla
348 1272 516 1309 unquam
535 1265 751 1310 opportune
765 1258 856 1311 estis
875 1259 946 1304 usi,
967 1266 1005 1296 et
1023 1258 1213 1296 neminem
1232 1272 1310 1296 non
1331 1260 1544 1310 sequimini.
1582 1262 1629 1299 Et
1646 1269 1689 1299 ut

226 1321 379 1358 barbari
398 1321 545 1371 pugiles
566 1320 746 1358 dimicare
762 1320 899 1365 solent,
919 1320 972 1358 ita
989 1334 1055 1358 vos
1082 1320 1224 1357 bellum
1242 1320 1372 1370 geritis
1393 1335 1480 1359 cum
1495 1322 1686 1374 Philippo.

229 1380 289 1418 Ex
304 1381 348 1419 iis
363 1381 477 1427 enim,
496 1382 527 1419 is
549 1381 614 1433 qui
631 1381 726 1419 ictus
747 1389 817 1427 est,
833 1381 925 1419 ictui
945 1395 1096 1432 semper
1113 1381 1296 1424 attendit;
1327 1382 1431 1432 quod
1447 1383 1478 1420 si
1497 1397 1583 1421 eum
1599 1385 1690 1423 alibi

226 1444 415 1488 verberes,
447 1443 512 1481 illo
537 1457 674 1481 manus
707 1443 911 1481 transfert:
945 1444 1063 1481 ictum
1093 1450 1221 1480 autem
1242 1443 1447 1494 depellere,
1469 1453 1536 1483 aut
1554 1454 1691 1484 contra

226 1505 376 1551 intueri,
396 1518 520 1554 neque
542 1505 626 1549 scit,
648 1517 772 1555 neque
792 1504 885 1542 vult.
943 1504 1003 1541 Ita
1032 1511 1072 1542 et
1098 1518 1180 1548 vos,
1212 1504 1243 1541 si
1269 1518 1354 1542 esse
1376 1505 1412 1541 in
1446 1506 1690 1545 Chersoneso

229 1564 450 1617 Philippum
470 1566 625 1610 auditis,
645 1565 737 1603 illuc
764 1565 954 1604 mittenda
981 1578 1067 1604 esse
1086 1566 1230 1604 auxilia
1246 1566 1474 1611 decernitis3
1506 1569 1536 1606 si
1556 1570 1593 1607 in
1614 1570 1692 1622 Py-

227 1627 287 1673 lis,
317 1628 429 1672 illuc;
459 1628 489 1665 si
519 1628 606 1665 alibi
628 1627 791 1678 uspiam,
820 1627 1064 1665 assectamini
1098 1641 1248 1666 sursum
1269 1627 1463 1666 deorsum.
1520 1630 1569 1668 Et
1588 1644 1690 1677 eum,

229 1696 274 1726 ut
301 1689 438 1726 ducem
471 1689 624 1734 milites,
660 1688 884 1738 sequimini;
915 1701 1039 1738 neque
1071 1689 1192 1726 ullum
1223 1689 1315 1727 utile
1341 1690 1387 1728 dc
1422 1691 1512 1729 belli
1532 1694 1691 1742 gerendi

233 1749 383 1788 ratione
416 1750 620 1788 consilium
660 1750 764 1788 initis
797 1750 882 1800 ipsi,
921 1763 1046 1800 neque
1081 1750 1185 1801 prius
1229 1751 1434 1801 quicquam
1460 1754 1693 1804 prospicitis,

231 1825 347 1864 quam
369 1818 436 1849 aut
454 1812 598 1849 factum
616 1825 702 1850 esse
717 1811 874 1862 aliquid,
895 1820 961 1849 aut
977 1811 1056 1849 fieri
1077 1811 1255 1850 audiatis.
1285 1812 1369 1850 Ista
1391 1827 1479 1851 vero
1499 1816 1578 1853 fieri
1598 1817 1690 1856 olim

230 1874 396 1913 fortasse
424 1881 642 1926 potuerunt,
672 1887 776 1913 nunc
807 1874 846 1912 in
874 1874 1002 1926 ipsum
1031 1872 1238 1912 discrimen
1267 1887 1393 1913 rerum
1427 1884 1586 1916 ventum
1615 1888 1693 1927 est,

230 1949 351 1987 quare
370 1949 444 1974 non
462 1939 543 1985 jam
565 1936 666 1974 idem
684 1936 788 1975 licet.

291 1999 352 2036 15.
382 1998 543 2036 Videtur
555 2006 682 2036 autem
695 1999 801 2044 mihi,
817 1996 1086 2045 Athenienses,
1097 1999 1257 2038 deorum
1274 2000 1425 2051 aliquis,
1440 2015 1550 2053 quem
1563 2010 1694 2043 nostrae

232 2061 338 2098 urbis
359 2060 494 2111 gratia,
514 2074 644 2098 eorum
660 2074 748 2111 quae
768 2062 877 2107 fiunt,
892 2062 1024 2112 pudet,
1039 2062 1144 2099 illum
1159 2076 1285 2100 rerum
1302 2064 1557 2113 gerendarum
1581 2067 1694 2106 ardo—

231 2134 312 2159 rem
333 2122 510 2173 injecisse
531 2122 724 2173 Philippo.
781 2123 857 2167 Qui
879 2123 909 2160 si
930 2136 1017 2174 quae
1039 2123 1192 2174 subegit
1210 2131 1250 2161 et
1264 2124 1477 2176 intercepit,
1498 2139 1544 2164 ea
1563 2135 1693 2167 tenere

233 2190 274 2221 et
305 2183 503 2232 quiescere
523 2183 652 2230 vellet,
673 2197 798 2235 neque
830 2185 1037 2235 quicquam
1071 2192 1256 2235 praeterea
1283 2186 1489 2233 moliretur,
1518 2197 1691 2228 vestrum

232 2243 389 2295 quidam
408 2257 455 2282 ea
474 2258 551 2283 non
582 2258 685 2296 aegre
713 2246 824 2284 laturi
855 2246 944 2283 mihi
962 2246 1197 2292 viderentur,
1218 2260 1305 2298 quae
1326 2247 1542 2299 reipublicae
1571 2251 1692 2290 dede-

234 2319 304 2344 cus
329 2312 369 2343 et
395 2306 558 2357 ignaviae
579 2307 722 2345 crimen
749 2314 789 2345 et
819 2321 969 2346 summa
991 2309 1120 2346 omnia
1149 2310 1291 2360 probra
1315 2310 1558 2349 attulissent:
1589 2326 1694 2353 nunc

234 2367 326 2405 dum
347 2380 495 2418 semper
510 2368 732 2419 aggreditur
746 2369 888 2419 aliquid
908 2376 946 2407 et
963 2369 1052 2421 plus
1065 2370 1224 2421 appetit,
1246 2371 1410 2409 fortasse
1422 2384 1490 2409 vos
1506 2376 1696 2421 evocabit,

234 2428 306 2466 nisi
325 2429 373 2466 de
393 2429 499 2466 vobis
519 2429 674 2467 omnino
690 2430 937 2481 desperastis.
995 2431 1080 2482 Ego
1094 2445 1186 2470 vero
1200 2432 1328 2478 miror,
1346 2432 1376 2469 si
1395 2446 1510 2472 nemo
1523 2443 1693 2475 vestrum

234 2503 361 2541 neque
380 2490 526 2541 cogitat
544 2505 669 2542 neque
688 2492 922 2543 indignatur,
944 2493 1099 2543 quando
1115 2493 1233 2539 videt,
1259 2494 1531 2540 Athenienses,
1550 2497 1693 2535 bellum

234 2552 396 2603 coepisse
415 2552 561 2590 initium
583 2553 630 2591 de
649 2553 874 2592 ulciscendo
891 2554 1084 2605 Philippo,
1113 2555 1227 2592 finem
1249 2561 1375 2592 autem
1391 2556 1430 2592 in
1448 2569 1494 2593 eo
1511 2557 1593 2607 jam
1608 2572 1695 2596 ver-

236 2613 326 2658 sari,
357 2626 406 2650 ne
435 2613 608 2652 cladibus
634 2613 841 2652 afficiamur
874 2627 897 2652 a
917 2615 1109 2666 Philippo.
1166 2616 1310 2652 Verum
1330 2629 1418 2654 eum
1446 2630 1523 2654 non
1544 2618 1693 2667 quietu-

231 2687 333 2721 -rum,
354 2674 600 2725 perspicuum
621 2682 694 2721 est,
725 2677 797 2714 nisi
829 2677 877 2714 ab
897 2676 1025 2728 aliquo
1046 2684 1282 2715 coerceatur.
1340 2678 1384 2715 Id
1404 2677 1520 2727 igitur
1539 2692 1608 2717 nos
1626 2694 1694 2718 ex-

236 2735 510 2786 spectabimus,
538 2742 579 2773 et
605 2736 776 2775 triremes
806 2751 949 2776 vacuas
980 2744 1019 2776 et
1049 2751 1156 2790 spem
1188 2751 1212 2776 a
1232 2738 1363 2776 nescio
1395 2751 1470 2788 quo
1498 2739 1640 2778 factam
1662 2744 1694 2782 si

232 2796 429 2843 miseritis,
449 2797 578 2835 omnia
596 2798 778 2848 praeclare
797 2812 835 2837 se
852 2799 992 2837 habere
1008 2800 1190 2850 putabitis
1205 2801 1219 2837 ’ζ
1276 2800 1363 2837 Non
1385 2803 1693 2843 conscendemus

236 2857 374 2898 naves?
402 2871 481 2898 non
500 2859 688 2899 exibimus
704 2860 775 2912 ipsi
796 2869 903 2914 parte
922 2862 1059 2902 saltem
1077 2862 1202 2914 aliqua
1221 2862 1517 2902 domesticorum
1533 2865 1693 2906 militum
