1923 3149
659 141 882 180 CONTRA
913 139 1139 177 M1D1AM.
1553 144 1623 178 351

164 241 240 288 isti,
261 243 340 280 suis
356 244 519 294 quisque
535 243 749 282 commodis
767 251 807 282 et
824 242 961 282 Midiae
982 243 1155 289 student,
1177 242 1230 281 ita
1249 254 1318 282 vos
1337 243 1444 282 vobis
1465 244 1572 295 ipsis,
1588 252 1626 282 et

165 303 332 354 legibus,
357 312 395 343 et
415 305 507 343 mihi
533 306 582 344 ad
602 319 669 344 vos
691 306 929 357 confugienti
949 305 1117 353 studete,
1138 311 1179 343 et
1201 305 1304 343 hanc
1326 306 1570 358 sententiam,
1589 307 1626 344 in

163 379 240 416 qua
259 380 363 405 nunc
385 368 493 414 estis,
514 369 690 407 retinete.

220 428 285 465 60.
318 428 417 467 Nam
447 430 653 480 siquidem,
676 430 952 476 Athenienses,
971 436 1066 467 tune
1086 442 1174 466 cum
1195 441 1267 479 ego
1287 441 1476 479 quererer,
1501 443 1540 467 re
1560 443 1628 468 au-

165 489 258 535 dita,
291 491 458 541 populus
490 492 651 529 Midiam
692 492 932 536 absolvisset,
972 504 1050 528 non
1082 490 1242 541 perinde
1276 503 1390 540 grave
1420 492 1627 531 videretur.

165 550 266 588 Nam
283 558 322 589 et
341 565 417 589 non
433 565 520 590 esse
539 552 662 590 factas
683 552 770 590 illas
791 552 964 603 injurias,
984 560 1023 589 et
1043 552 1138 589 nihil
1160 552 1210 589 ad
1230 551 1371 590 festum
1392 552 1567 598 attinere,
1590 560 1629 592 et

163 612 294 650 multis
316 613 401 651 aliis
421 614 545 651 modis
567 613 758 663 quispiam
780 626 820 650 se
841 613 1034 651 consolari
1053 613 1255 664 potuisset.
1288 613 1404 651 Nunc
1423 613 1496 651 hoc
1512 615 1628 653 etiam

162 674 332 711 omnium
353 674 640 712 acerbissimum
663 674 754 712 mihi
775 674 979 721 accideret,
1001 675 1032 712 si
1060 688 1126 712 vos
1148 688 1296 720 omnes,
1316 675 1382 725 qui
1402 675 1532 712 statim
1560 677 1628 715 ad·

162 734 289 772 missis
315 734 465 773 delictis
493 742 641 773 tantam
670 736 909 773 iracundiam
932 743 970 774 et
999 737 1246 774 acerbitatem
1269 743 1386 786 atque
1412 737 1631 775 molestiam

162 809 241 848 prae
262 797 368 835 vobis
388 798 589 843 tulissetis,
607 805 648 836 ut
670 798 943 849 Neoptolemo,
966 805 1005 836 et
1024 798 1314 843 Mnesarchide,
1337 805 1376 836 et
1394 798 1627 850 Philippide,

161 864 201 896 et
226 859 460 909 quibusdam
488 873 538 898 ex
568 860 642 898 isto
668 860 781 898 valde
800 860 1039 911 locupletum
1061 874 1193 911 grege,
1222 867 1262 898 et
1283 873 1306 898 a
1333 873 1393 898 me
1421 868 1459 898 et
1479 875 1501 898 a
1520 861 1629 899 vobis

163 922 508 967 contendentibus,
542 922 775 969 clamaretis,
803 936 872 961 vos
905 936 984 961 non
1013 923 1330 966 condonaturos3
1362 928 1413 968 et,
1443 935 1629 974 aggresso

161 994 221 1020 me
254 983 413 1035 Blepaeo
433 984 640 1029 mensario,
660 985 715 1023 ita
734 985 1038 1023 exclamaveritis
1057 985 1168 1036 quasi
1188 986 1236 1022 ab
1256 998 1301 1022 eo
1329 985 1534 1035 pecuniam
1561 999 1627 1024 ac·

163 1052 348 1095 cepturus
367 1059 505 1090 essem,
528 1052 571 1083 ut
589 1060 676 1097 ego,
705 1046 977 1092 Athenienses,
1005 1047 1178 1098 pallium,
1198 1053 1327 1084 vestro
1357 1046 1523 1083 tumultu
1544 1059 1629 1096 per-

163 1108 329 1155 territus,
346 1110 562 1160 abjicerem,
579 1116 619 1147 et
635 1110 912 1160 propemodum
927 1110 1054 1147 nudus
1071 1110 1108 1147 in
1125 1108 1299 1147 tunicula
1313 1108 1520 1155 adstarem,
1539 1109 1631 1146 dum

161 1168 284 1216 illum,
304 1184 391 1208 cum
413 1184 475 1208 me
495 1171 675 1216 traheret,
693 1172 910 1222 fugiebam3
941 1179 980 1210 et
999 1171 1138 1210 deinde
1155 1171 1305 1209 obviam
1320 1177 1480 1208 euntes:
1511 1184 1533 1207 v
1550 1170 1595 1208 id
1611 1183 1632 1208 e

163 1229 248 1275 sis,
283 1238 340 1268 ut
375 1233 709 1283 persequaris
752 1233 967 1284 judicio
1013 1234 1274 1271 nefarium
1310 1231 1487 1269 istum.
1538 1231 1631 1270 Ne-

162 1305 261 1342 que
295 1307 400 1331 cum
442 1308 498 1332 eo
534 1294 838 1344 transigas:
868 1295 1230 1332 observabunt
1264 1302 1311 1330 te
1352 1293 1629 1331 Athenien-

163 1367 180 1391 s
194 1366 216 1392 e
232 1367 264 1401 S,
292 1368 316 1405 q
332 1355 424 1392 uid
451 1355 503 1392 fa
516 1362 562 1392 ct
575 1369 598 1391 u
614 1369 631 1391 r
647 1369 672 1391 u
684 1369 700 1392 s
723 1356 759 1392 si
774 1368 817 1392 s:
847 1361 885 1391 et
899 1355 982 1406 ejus
1000 1355 1151 1405 generis
1169 1354 1244 1392 alia
1258 1354 1501 1392 dictitantes:
1522 1362 1629 1406 post-

161 1428 278 1466 quam
307 1428 396 1453 vero
417 1415 601 1466 suffragio
628 1416 826 1453 decretum
847 1422 918 1460 est,
941 1416 980 1453 id
1006 1417 1153 1453 factum
1173 1429 1258 1453 esse
1277 1417 1567 1463 contumeliam,
1593 1424 1632 1455 et

160 1476 198 1513 in
215 1476 372 1527 templo,
388 1477 452 1526 qui
466 1477 556 1515 huic
574 1476 788 1527 cognitioni
805 1484 896 1514 sunt
911 1477 1098 1527 praefecti,
1114 1477 1296 1515 sedentes
1310 1479 1629 1527 pronunciarunt,

160 1551 310 1589 egoque
331 1539 368 1575 in
390 1539 584 1576 sententia
603 1539 812 1588 permansi,
830 1545 869 1575 et
882 1551 1007 1588 neque
1023 1538 1145 1584 vobis,
1166 1551 1292 1589 neque
1309 1538 1399 1576 mihi
1414 1539 1495 1590 ipse
1510 1540 1628 1586 defui,

159 1605 242 1636 tum
268 1599 423 1637 demum
452 1613 520 1637 vos
548 1599 772 1637 absolvetis.
820 1599 981 1637 Minime
1013 1600 1199 1650 gentium.
1248 1600 1490 1650 Turpissima
1526 1602 1629 1640 enirn

160 1662 290 1700 omnia
306 1662 344 1699 in
365 1676 405 1700 re
426 1663 567 1700 insunt.
599 1659 736 1712 Neque
756 1674 844 1700 vero
864 1675 937 1712 ego
959 1675 1042 1700 sum
1062 1661 1116 1700 ita
1132 1662 1297 1701 ,meritus
1318 1661 1364 1700 de
1385 1664 1507 1701 vobis.
1550 1664 1627 1707 Qui

158 1730 261 1774 pote,
282 1724 553 1769 Athenienses,
580 1737 667 1762 cum
697 1723 893 1761 hominem
927 1736 1123 1768 accusem,
1145 1724 1211 1774 qui
1237 1731 1275 1762 et
1299 1731 1370 1770 est,
1399 1731 1438 1762 et
1465 1725 1628 1764 habetur

160 1784 366 1831 violentus,
387 1798 432 1823 ac
451 1785 768 1829 contumeliosus,
789 1785 854 1835 qui
883 1785 921 1822 in
941 1786 1081 1824 celebri
1103 1786 1282 1823 ludorum
1304 1794 1499 1825 conventu
1516 1796 1627 1839 petu-

157 1844 283 1883 lanter
302 1846 479 1897 deliquit,
494 1846 559 1897 qui
572 1846 818 1884 contumeliae
834 1860 914 1884 suae
931 1853 1052 1885 testes
1073 1847 1163 1885 fecit
1182 1860 1260 1885 non
1273 1848 1389 1885 modo
1404 1862 1489 1894 vos,
1507 1850 1575 1888 sed
1590 1858 1630 1888 et

160 1905 322 1945 Graecos
353 1909 468 1946 etiam
488 1921 622 1946 omnes
641 1908 706 1958 qui
727 1914 945 1958 spectatum
977 1908 1242 1947 advenerant?
1271 1909 1433 1948 Audivit
1459 1912 1627 1962 populus

157 1968 268 2006 istius
294 1969 480 2009 facinora.
511 1970 615 2013 Quid
647 1969 789 2020 igitur?
820 1969 1052 2021 Praejudicio
1071 1970 1296 2008 damnatum
1315 1971 1423 2009 vobis
1453 1973 1626 2012 tradidit,

160 2030 290 2074 Quare
319 2039 448 2070 vestra
470 2032 638 2082 cognitio
659 2044 730 2070 nec
756 2032 794 2069 in
824 2033 992 2070 obscuro
1018 2032 1113 2080 fieri,
1145 2046 1217 2071 nec
1242 2033 1364 2071 latere
1389 2040 1530 2083 potest,
1562 2042 1627 2073 aut

157 2091 328 2143 effugere
345 2094 653 2144 disquisitionem
667 2093 882 2139 hominum,
904 2094 1089 2143 quidnam
1110 2107 1149 2132 re
1171 2095 1276 2145 apud
1295 2108 1364 2132 vos
1385 2096 1543 2135 actitata
1559 2097 1626 2135 de-

158 2155 370 2193 creveritis.
420 2156 537 2200 Quod
557 2155 588 2193 si
617 2169 752 2206 poenas
773 2155 969 2206 infligetis,
996 2156 1207 2207 prudentes
1236 2163 1275 2194 et
1294 2158 1416 2195 bonos
1441 2159 1558 2204 virOS‚
1589 2167 1628 2199 et

157 2215 341 2267 improbis
361 2216 545 2256 infestos:
576 2216 632 2255 sin
652 2216 889 2263 dimiseritis,
916 2217 1044 2268 aliqua
1072 2218 1147 2256 alia
1167 2231 1206 2256 re
1227 2225 1427 2270 superatos
1451 2233 1537 2259 esse
1556 2233 1624 2259 vos

151 2277 396 2326 judicabunt.

211 2340 277 2378 61.
308 2341 448 2391 Neque
467 2339 568 2378 enim
590 2339 691 2378 civili
711 2340 842 2391 aliquo
863 2339 1007 2379 delicto
1028 2341 1214 2388 admisso,
1246 2348 1313 2380 aut
1339 2350 1382 2380 ut
1410 2343 1624 2396 Aristopho

157 2401 311 2440 coronis
332 2402 492 2440 redditis
521 2401 839 2454 conquestionem
867 2402 1064 2453 publicam
1093 2403 1281 2451 dissolvit,
1311 2404 1380 2442 sed
1408 2406 1458 2444 ob
1487 2413 1624 2444 contu-

158 2461 325 2508 meliam,
345 2469 384 2500 et
408 2463 500 2513 quia
519 2463 615 2501 nihil
633 2476 766 2501 eorum
786 2475 874 2514 quae
893 2463 999 2510 fecit,
1029 2464 1218 2516 corrigere
1246 2472 1390 2517 potest,
1420 2467 1459 2505 in
1473 2467 1625 2518 judicio

155 2530 344 2562 versatur.
377 2523 515 2562 Utrum
529 2524 647 2576 igitur
659 2525 735 2564 hoc
755 2525 877 2576 sacto,
891 2526 1099 2577 praestabat
1118 2540 1208 2565 eum
1226 2527 1317 2566 olim
1333 2528 1556 2580 aliquando,
1572 2543 1621 2567 an

157 2599 249 2624 vero
268 2598 374 2624 nunc
392 2585 549 2637 puniri?
578 2586 772 2638 Equidem
787 2600 892 2627 nunc
910 2588 1087 2627 arbitror.
1117 2589 1336 2628 Commune
1348 2590 1452 2629 enim
1468 2598 1530 2629 est
1546 2590 1622 2629 hoc

151 2646 340 2698 judicium
367 2653 409 2686 et
433 2646 561 2685 omnia
578 2648 751 2688 facInora
770 2649 820 2688 de
849 2650 987 2702 quibus
1019 2661 1242 2698 accusatur,
1270 2651 1491 2691 communia
1521 2659 1623 2691 sunt.

159 2709 356 2748 Praeterea
373 2721 453 2748 non
471 2721 532 2749 me
559 2711 797 2757 verberabat,
819 2711 1096 2761 Athenienses,
1117 2714 1243 2753 solum
1262 2713 1348 2759 iste,
1371 2725 1499 2764 neque
1527 2726 1623 2752 con-

158 2772 561 2824 tumeliis‘impetebat
593 2772 721 2812 animo
740 2781 780 2813 et
801 2775 1037 2827 cogitatione
1065 2789 1137 2814 sua
1162 2782 1257 2821 tum,
1288 2788 1376 2814 cum
1405 2775 1550 2814 faceret
1575 2788 1622 2816 ea

158 2847 247 2885 quae
266 2833 449 2879 faciebat,
472 2834 542 2873 sed
562 2847 715 2883 omnes,
739 2842 933 2889 quotquot
959 2844 1072 2889 putet.
1098 2837 1234 2889 aliquis
1262 2850 1304 2876 se
1331 2837 1474 2887 minus,
1505 2851 1621 2889 quam

160 2907 234 2946 ego
253 2908 329 2944 me,
349 2895 484 2935 ulcisci
503 2908 632 2947 posse.
681 2896 783 2935 Nam
804 2898 909 2948 quod
929 2911 1009 2936 non
1028 2911 1163 2937 omnes
1191 2897 1411 2937 verberibus
1441 2905 1508 2937 aut
1527 2911 1621 2937 con-
