1923 3149
271 204 348 252 422
669 200 896 239 CONTRA
933 199 1318 239 T1MoonATEM.

268 312 432 358 peccant
449 303 568 351 inviti,
587 304 698 342 venia
716 304 874 341 concedi
887 304 1015 348 debet,
1030 316 1107 341 non
1125 303 1172 341 iis
1192 303 1254 353 qui
1273 303 1322 340 de
1340 301 1529 339 industria
1540 306 1579 338 et
1597 313 1643 338 ex
1659 300 1714 336 in-

268 368 372 405 sidiis
385 366 631 415 delinquunt;
661 364 698 402 id
713 364 818 415 quod
831 371 869 402 te
889 377 991 401 nunc
1010 364 1137 401 facere
1156 369 1323 402 constat.

326 430 385 465 13.
415 426 493 465 Sed
517 426 616 464 enim
648 425 697 463 de
725 425 782 463 his
816 438 907 463 mox
941 424 1081 471 dicam,
1104 424 1188 475 jam
1219 436 1309 462 vero
1336 427 1559 473 sequentem
1595 418 1716 458 recita

267 491 406 541 legem.

932 606 1049 643 LEX.

311 704 343 735 Si
359 703 427 744 quis
443 701 622 743 supplicarit
638 700 669 730 in
686 704 804 736 senatu,
819 704 871 729 aut
889 700 969 738 apud
986 699 1146 739 populum,
1162 698 1201 728 iis
1217 697 1256 727 de
1272 697 1362 727 rebus
1378 699 1502 736 propter
1518 705 1592 734 quas
1608 693 1656 724 vel
1669 694 1719 732 ju-

270 755 396 790 dicium,
413 754 461 784 vel
486 756 618 787 senatus,
635 752 684 781 vel
701 751 834 790 populus
851 750 981 789 aliquem
998 750 1165 786 damnarit,
1187 749 1212 778 si
1229 749 1297 788 ipse
1319 747 1445 777 aerarius
1467 745 1640 785 priusquam
1659 744 1721 774 sol-

267 806 345 836 verit
362 802 553 843 supplicarit,
575 801 653 830 actio
670 801 700 830 in
718 811 784 830 eum
802 800 903 833 detur,
925 800 1052 838 perinde
1069 810 1102 828 ac
1119 799 1146 828 si
1164 799 1232 837 quis
1250 798 1376 827 aerarius
1392 796 1422 825 in
1441 796 1590 825 Heliaearn
1617 805 1649 824 se
1671 794 1719 823 in-

270 861 367 897 gerat.
397 856 448 884 Sin
463 853 531 892 quis
547 853 625 882 alius
642 862 698 891 pro
714 851 822 880 aerario
838 849 1048 880 intercesserit
1059 849 1233 887 priusquam
1248 848 1274 877 is
1289 848 1427 882 solverit,
1443 848 1520 875 bona
1536 847 1601 883 ejus
1618 844 1721 874 omnia

267 907 471 947 publicentur.
506 902 559 932 Sin
575 902 740 941 praesidum
757 900 867 939 aliquis
887 900 1011 930 dederit
1027 899 1117 928 alicui
1135 898 1347 937 suffragiorum
1361 899 1423 936 jus,
1439 897 1505 926 sive
1523 896 1584 935 ipsi
1600 895 1720 930 aerario,

268 959 334 989 sive
348 955 439 986 alicui
456 964 511 994 pro
528 964 563 983 eo
581 952 772 992 deprecanti,
788 951 964 990 priusquam
983 950 1118 985 solverit,
1134 948 1354 988 ignominiosus
1370 952 1447 976 esto.

269 1038 437 1080 Difficile
456 1037 582 1082 fuerit,
603 1035 873 1081 Athenienses,
900 1033 950 1071 de
971 1033 1146 1071 omnibus
1172 1032 1337 1082 legibuS‚
1362 1030 1500 1081 quibus
1527 1029 1599 1066 iste
1625 1040 1719 1066 con-

268 1102 386 1140 traria
405 1098 589 1144 decrevit,
618 1097 827 1134 disserere:
858 1095 889 1133 si
914 1101 1045 1132 tamen
1065 1094 1113 1131 de
1146 1092 1224 1130 ulla
1247 1092 1373 1129 dicere
1403 1103 1530 1141 operae
1554 1089 1720 1140 pretium

270 1170 346 1207 est,
363 1161 409 1198 de
430 1160 515 1204 hac,
538 1171 624 1208 quae
643 1157 760 1194 modo
775 1162 835 1194 est
854 1156 1027 1201 recitata,
1043 1154 1157 1192 fuerit
1176 1154 1214 1190 in
1226 1152 1370 1204 primis.
1401 1152 1502 1189 Nam
1517 1151 1581 1201 qui
1595 1150 1722 1200 legem

267 1224 382 1267 hanc,
398 1219 668 1264 Athenienses,
689 1217 789 1264 tulit,
809 1223 920 1254 norat
938 1216 1216 1253 humanitatem
1229 1221 1268 1252 et
1283 1213 1526 1251 clementiam
1541 1218 1722 1257 vestram,

269 1291 309 1323 et
335 1289 490 1334 propter
508 1280 611 1317 hanc
630 1279 785 1316 videbat
813 1277 851 1314 in
880 1276 1009 1314 multis
1036 1289 1104 1313 vos
1135 1277 1246 1313 rebus
1277 1275 1378 1312 ultro
1403 1275 1484 1325 jam
1515 1271 1722 1322 aliquando

268 1355 411 1394 magna
429 1341 572 1392 damna
586 1339 736 1377 fecisse.
768 1338 830 1375 Ne
848 1338 963 1388 igitur
976 1337 1093 1374 ullam
1114 1349 1269 1374 causam
1289 1335 1532 1384 relinqueret,
1548 1345 1625 1382 qua
1642 1345 1722 1370 res-

268 1405 424 1457 publica
447 1401 667 1445 laederetur,
687 1412 753 1437 eos
785 1398 851 1448 qui
877 1397 1044 1435 convicti
1070 1397 1237 1447 legibus,
1262 1396 1464 1441 sententia,
1485 1394 1722 1443 judicioque,

270 1465 490 1518 injuriarum
519 1461 690 1499 damnati
708 1466 852 1504 essent,
872 1465 1000 1496 vestra
1024 1458 1208 1495 facilitate
1229 1458 1301 1494 frui
1321 1457 1457 1502 noluit,
1485 1461 1637 1506 arrepta
1656 1468 1723 1492 oc-

270 1527 426 1568 casione
446 1521 693 1574 deprecandi,
712 1527 750 1558 et
773 1520 882 1557 vobis
907 1519 946 1556 in
967 1519 1076 1556 malis
1105 1517 1372 1570 supplicandi3
1395 1516 1474 1554 -sed
1492 1515 1645 1554 omnino
1665 1515 1724 1553 in-

271 1586 439 1632 terdixit,
455 1598 502 1622 ne
515 1584 574 1621 vel
587 1583 683 1633 ipse,
699 1581 759 1619 vel
774 1581 977 1631 quisquam
995 1580 1109 1629 alius,
1122 1593 1189 1630 pro
1204 1579 1344 1617 talibus
1359 1578 1420 1616 vel
1435 1579 1553 1615 verba
1566 1578 1724 1624 faceret,

270 1649 332 1687 vel
360 1644 639 1689 intercederet,
654 1655 699 1680 ac
713 1641 829 1693 jussit
846 1654 994 1686 omnes,
1007 1640 1117 1691 justa
1146 1653 1233 1691 quae
1254 1648 1358 1685 sunt,
1378 1639 1530 1676 silentio
1549 1639 1722 1689 exsequi.

272 1710 314 1746 Si
345 1708 428 1758 quis
460 1705 576 1756 igitur
594 1717 662 1741 vos
683 1709 804 1753 roget,
825 1701 920 1739 utris
952 1701 1078 1751 potius
1101 1701 1262 1752 obsequi
1291 1700 1468 1746 malletis,
1497 1713 1725 1750 quacunque

271 1772 312 1809 in
330 1783 384 1815 re,
405 1765 724 1818 supplicantibus,
744 1777 794 1800 an
814 1762 1104 1813 imperantibus,
1126 1763 1205 1801 scio
1233 1775 1316 1808 vos,
1340 1762 1646 1812 supplicantibus
1666 1774 1725 1799 re-

272 1841 496 1883 sponsuros.
529 1827 618 1864 Hoc
637 1825 738 1862 enim
756 1824 940 1862 bonitatis
961 1829 1033 1869 est,
1053 1824 1150 1860 illud
1170 1823 1345 1874 ignaviae.
1376 1823 1431 1859 At
1456 1822 1563 1872 leges
1592 1835 1725 1860 omnes

271 1895 474 1943 imperant,
489 1887 581 1939 quid
595 1886 816 1924 faciendum
829 1885 902 1922 sit:
927 1884 991 1934 qui
1006 1897 1097 1923 vero
1113 1884 1298 1922 sordidati
1314 1884 1452 1921 olivam
1465 1883 1725 1934 praetendunt,

272 1952 501 2004 supplicant.
539 1948 655 1990 Quod
675 1947 706 1984 si
727 1946 944 1996 supplicare
963 1958 1041 1983 non
1060 1945 1163 1988 licet,
1186 1945 1312 1995 legem
1338 1956 1425 1981 cum
1452 1943 1612 1993 imperio
1632 1956 1724 1980 con-

268 2016 446 2067 junctam
478 2008 671 2047 inculcare
699 2005 858 2044 licebit?
907 2006 1095 2056 Equidem
1128 2018 1203 2042 non
1238 2005 1388 2055 opinor.
1431 2004 1582 2042 Etenim
1614 2010 1725 2054 turpe

273 2076 401 2119 fuerit,
428 2085 515 2123 quae
533 2082 605 2107 nec
626 2067 867 2120 gratificandi
887 2067 1016 2104 studio
1037 2066 1296 2104 condonanda
1314 2065 1492 2113 censetis,
1511 2065 1550 2102 in
1573 2065 1648 2110 his,
1670 2065 1726 2102 in-

274 2136 362 2175 vitis
377 2134 499 2177 vobis,
519 2144 565 2168 ca
583 2129 706 2168 sinere
723 2128 875 2173 confici,
893 2140 979 2177 quae
998 2127 1154 2177 quidam
1175 2126 1321 2164 volunt.

332 2198 394 2234 14.
424 2192 562 2232 Recita
580 2190 720 2242 legem,
741 2202 828 2241 quae
846 2188 947 2228 hanc
961 2188 1094 2226 ordine
1115 2186 1303 2238 sequitur.

941 2335 1053 2373 LEX.

323 2445 442 2483 Quibus
458 2445 496 2474 de
513 2443 763 2483 rebusjudioium
774 2443 857 2482 prius
873 2443 996 2476 factum,
1010 2445 1062 2470 aut
1076 2440 1210 2470 rationes
1224 2439 1338 2473 relatae,
1349 2442 1400 2467 aut
1413 2437 1557 2476 suffragia
1572 2437 1632 2466 lata
1648 2442 1731 2474 sunt,

280 2498 346 2528 sive
363 2497 391 2525 in
413 2495 542 2533 judicio,
559 2495 624 2524 sive
640 2494 782 2533 privatim
799 2494 866 2523 sive
883 2492 1018 2532 publice,
1035 2496 1085 2520 aut
1106 2501 1165 2530 qua
1185 2491 1222 2520 de
1239 2500 1271 2518 re
1288 2488 1442 2527 publicum
1467 2488 1621 2517 decretum
1638 2488 1732 2517 inter-

280 2547 385 2582 cessit,
401 2546 438 2574 de
455 2545 502 2574 bis
525 2555 562 2574 ne
585 2544 665 2574 aetio
681 2545 815 2576 daturin
837 2543 966 2582 judicio,
991 2551 1088 2579 neque
1113 2540 1360 2570 novemviroruni
1377 2538 1538 2577 quisquam
1560 2538 1732 2574 decernito,

281 2607 378 2636 neque
394 2605 535 2624 accusare
551 2595 672 2623 sinunto
689 2605 734 2630 ea,
751 2605 818 2632 quae
834 2594 919 2633 leges
937 2592 1132 2621 interdicunt.

280 2680 517 2716 Timocrates
529 2690 630 2722 vero,
647 2683 839 2726 tamquam
854 2674 1114 2713 testimonium
1128 2663 1283 2710 suarum
1298 2673 1517 2723 injuriarum
1534 2671 1730 2716 scriberet,

281 2740 411 2778 statim
431 2738 538 2775 initio
558 2750 637 2775 suae
657 2736 752 2787 legis
780 2737 839 2773 his
859 2735 1048 2773 contraria
1068 2734 1166 2771 tulit.
1215 2735 1316 2770 Nam
1344 2733 1411 2769 illa
1432 2745 1510 2770 non
1537 2730 1730 2775 concedit,

282 2800 421 2851 quibus
440 2798 488 2836 de
515 2800 629 2836 rebus
651 2797 769 2835 semel
801 2797 839 2833 in
854 2795 1000 2847 judicio
1021 2795 1071 2832 sit
1090 2794 1169 2832 lata
1196 2793 1401 2839 sententia,
1434 2793 1482 2830 de
1514 2792 1572 2829 his
1601 2791 1730 2828 denuo

285 2861 439 2904 referre,
467 2865 535 2896 aut
561 2851 820 2909 respondere:
850 2857 923 2895 iste
951 2869 1040 2894 vcro
1070 2856 1219 2893 etiamsi
1249 2855 1333 2906 quis
1365 2854 1451 2904 lege
1478 2860 1544 2891 aut
1574 2851 1730 2889 decreto

285 2921 489 2960 damnatus
508 2920 636 2965 fuerit,
653 2920 687 2958 ei
708 2918 891 2970 populum
910 2917 1145 2969 respondere
1161 2916 1284 2967 jubet,
1303 2922 1344 2954 ut
1360 2920 1399 2954 et
1412 2913 1559 2964 judicio
1576 2912 1731 2950 decreta
