1923 3149
652 138 874 178 CONTRA
908 139 1136 176 MIDIAM.
1557 140 1632 176 :335

174 253 260 290 quoe
289 241 414 292 periit,
436 241 663 292 designasse
696 242 950 286 existimaret,
981 241 1177 291 fidemque
1207 240 1333 278 verbis
1363 247 1633 278 accusatorum

171 303 401 348 adhibebat3
433 317 479 341 nc
500 310 580 341 tum
602 304 759 355 quidem
781 303 838 341 sic
867 302 1075 340 decuisset.
1134 301 1344 338 Moderata
1367 302 1468 338 enim
1490 301 1634 339 amico-

170 378 251 402 rum
274 378 388 415 poena
402 365 486 403 haec
506 373 579 413 est,
596 367 626 403 si
646 365 738 416 quid
757 365 924 403 atrocius
944 363 1170 414 designasse
1187 362 1401 408 videantur,
1415 364 1462 400 ab
1481 363 1633 400 illorum

170 427 451 465 consuetudine
479 427 662 478 deinceps
690 434 728 465 te
758 439 976 476 segregare.
1036 424 1180 462 Ulcisci
1209 430 1338 460 autem
1367 431 1405 461 ct
1436 424 1630 474 persequi,

171 486 274 525 laesis
308 494 425 538 atque
454 487 616 526 immicis
649 487 888 538 relinquitur.
947 485 1025 523 Sed
1057 485 1133 523 hoc
1165 485 1199 522 ei
1229 497 1322 522 sane
1355 483 1632 522 condonemus.

170 548 237 585 Sin
257 556 385 586 autern
405 549 572 599 hospitio
592 550 675 600 ejus
696 562 823 594 usum,
845 556 882 585 et
903 548 974 585 sub
996 547 1172 598 ejusdem
1192 552 1296 584 tecto
1317 552 1512 582 versatum
1535 559 1633 590 esse,

170 618 353 661 tanquam
375 610 499 648 omnis
519 611 686 648 criminis
707 609 894 661 expertis,
916 609 1124 654 constabit,
1155 608 1220 645 illa
1239 620 1329 645 vero
1351 607 1495 645 dixisse
1517 615 1633 657 atquc

171 671 356 722 objecisse
377 671 639 709 calumniandi
665 672 740 709 mei
773 684 916 709 causa:
948 684 1076 708 nonne
1098 669 1243 716 decies,
1264 670 1324 707 vel
1344 669 1473 707 decies
1497 669 1634 706 millies

171 733 314 783 potius,
329 733 416 783 jure
437 733 653 784 meritoque
674 732 895 771 occidetur?
954 732 1072 782 Atqui
1093 745 1153 769 me
1177 744 1265 769 vera
1285 731 1428 775 dicere,
1449 737 1488 768 et
1512 730 1634 781 pridie

170 807 285 844 quam
313 794 395 832 haec
429 795 661 845 loqueretur,
683 795 799 833 istum
830 795 1048 833 accessisse
1080 801 1120 832 et
1149 807 1363 831 sermonem
1397 793 1632 837 contulisse;

170 855 433 906 postridieque
472 857 757 906 iterum—quid
798 869 886 894 vero
922 857 970 894 ad
1003 869 1190 894 summam
1225 856 1339 893 istam
1373 855 1633 905 impuritatem

173 918 263 955 addi
284 925 423 969 potest,
444 918 703 957 Athenienses
719 918 893 956 ?—domi
924 919 1032 955 iilum
1064 918 1306 962 convenisse,
1329 924 1367 954 et
1394 916 1507 967 juxta
1537 917 1634 954 assi-

173 979 345 1025 dentem,
366 980 524 1018 dextera
543 981 699 1031 injecta,
718 981 975 1031 praesentibus
997 980 1142 1025 multis,
1163 986 1252 1030 post
1279 979 1352 1016 ista
1370 978 1489 1015 verba
1509 977 1548 1015 in
1575 991 1635 1015 se-

173 1047 281 1086 natu,
304 1042 444 1092 quibus
478 1042 745 1080 Aristarchum
779 1048 821 1079 ut
850 1042 1085 1079 homicidam
1107 1041 1313 1087 detulerat,
1334 1040 1634 1091 gravissimeque

172 1103 393 1142 criminatus
422 1103 562 1149 fuerat,
589 1104 844 1155 adjurantem,
865 1105 1024 1141 exitium
1044 1104 1170 1154 ipsum
1192 1103 1264 1140 sibi
1291 1103 1579 1153 imprecantem,
1604 1102 1635 1140 si

172 1164 266 1214 quid
296 1165 344 1202 de
383 1165 448 1203 illo
481 1166 571 1203 mali
599 1165 773 1211 dixisset,
808 1179 879 1203 nec
915 1165 1184 1203 reformidasse
1214 1163 1436 1216 perjurium,
1459 1164 1635 1214 quamvis

172 1229 253 1275 ejus
275 1226 328 1263 rei
343 1227 488 1264 conscii
509 1227 715 1270 adessent;
748 1241 793 1265 ac
824 1241 890 1277 per
923 1240 1009 1265 eum
1045 1227 1239 1265 studuisse
1272 1226 1394 1264 redire
1424 1239 1577 1263 mecum
1597 1225 1635 1263 in

173 1287 347 1338 gratiam,
370 1288 425 1325 uti
445 1295 620 1325 constet:
651 1288 768 1326 etiarn
788 1289 937 1334 horum,
956 1301 1022 1326 eos
1050 1289 1116 1338 qui
1148 1287 1369 1333 interfuere,
1389 1293 1508 1325 testes
1528 1287 1637 1325 vobis

171 1349 260 1387 cito.
320 1349 459 1387 Nonne
491 1362 580 1387 vero
613 1349 816 1401 indignum
841 1349 993 1388 facinus
1027 1357 1100 1394 est,
1126 1349 1399 1395 Athenienses,
1433 1361 1478 1386 ac
1508 1348 1636 1399 potius

172 1410 345 1462 impium,
376 1424 548 1449 asserere
576 1411 808 1450 homicidam
839 1425 925 1450 esse
957 1412 1139 1457 eundem,
1170 1424 1215 1449 ac
1247 1425 1395 1455 rursus,
1416 1411 1454 1448 id
1485 1425 1524 1449 se
1557 1424 1636 1449 non

173 1472 332 1518 dixisse,
347 1473 509 1524 ejurare,
525 1474 666 1524 cuique
681 1475 829 1512 caedem
845 1475 1042 1525 objecerit,
1058 1487 1145 1512 cum
1168 1473 1235 1511 illo
1251 1474 1321 1511 sub
1343 1473 1481 1511 eodem
1495 1475 1636 1512 versari

173 1534 306 1572 tecto?
363 1535 479 1577 Quod
511 1535 541 1573 si
568 1549 641 1586 ego
672 1536 788 1573 istum
809 1535 1001 1581 dimisero,
1030 1541 1159 1573 vestro
1191 1534 1230 1571 in
1257 1534 1373 1572 istum
1408 1534 1636 1586 praejudicio

173 1596 340 1642 deserto,
361 1597 455 1634 nihil
476 1597 673 1648 delinquo,
702 1598 733 1635 si
767 1597 837 1635 diis
866 1597 1007 1648 placet.
1065 1597 1132 1634 Sin
1156 1597 1221 1648 jus
1253 1609 1380 1634 meum
1412 1610 1637 1648 persequor,

174 1658 329 1696 ordines
345 1658 512 1705 deserui,
533 1660 640 1698 caede
660 1660 746 1697 sum
765 1660 950 1711 pollutus,
971 1672 1031 1697 me
1052 1659 1134 1697 tolli
1154 1651 1306 1710 oportet
1325 1672 1345 1696 e
1365 1659 1505 1696 medio.
1549 1660 1637 1710 Ego

171 1733 261 1758 vero
281 1726 416 1758 contra
433 1721 580 1760 sentio:
598 1722 629 1759 si
648 1721 764 1760 istum
779 1721 1025 1768 dimisissem,
1042 1735 1115 1768 me,
1130 1721 1401 1767 Athenienses,
1415 1720 1636 1759 relicturum

174 1781 292 1820 fuisse
318 1782 480 1833 justitiae
518 1783 704 1829 ordinem,
737 1783 904 1834 mihique
936 1783 1021 1834 jure
1047 1783 1147 1821 diem
1185 1783 1379 1820 homicidii
1418 1782 1636 1821 dicendum.

175 1843 277 1882 Nam
295 1843 335 1881 id
356 1844 387 1881 si
408 1844 602 1890 fecissem,
624 1858 702 1883 non
725 1844 857 1895 utique
877 1845 1004 1882 vivere
1024 1857 1086 1882 me
1108 1844 1316 1882 decuisset.

229 1906 293 1943 35.
325 1905 380 1942 Ut
396 1904 512 1956 igitur
530 1905 615 1945 haec
635 1919 790 1958 quoque
810 1919 897 1944 vere
922 1919 945 1944 a
975 1919 1037 1944 me
1069 1906 1145 1944 dici
1178 1913 1344 1953 constet,
1366 1906 1480 1944 etiam
1501 1906 1636 1945 horum

175 1980 271 2006 voca
290 1966 381 2004 mihi
401 1972 536 2006 testes.

803 2089 1020 2128 TESTES.

206 2181 407 2222 Lysimachus
431 2182 644 2221 Alopecensis,
668 2183 784 2212 Demea
801 2182 974 2219 Suniensis,
991 2184 1105 2213 Chares
1121 2182 1294 2217 Thoricins,
1312 2183 1452 2213 Philemo
1467 2183 1639 2223 Sphettius,

177 2234 326 2264 Moschus
345 2233 547 2269 Paeanieusis,
564 2234 674 2272 quibus
691 2235 884 2273 temporibus
900 2235 1096 2264 Aristarchus
1113 2235 1234 2264 Moschi
1249 2234 1329 2264 filius
1345 2236 1424 2274 apud
1443 2241 1579 2265 senatum
1592 2240 1639 2266 est

176 2286 306 2320 delatus,
321 2285 361 2313 de
378 2284 482 2313 occiso
495 2284 680 2319 Nicodemo,
698 2285 812 2314 scimus
829 2285 970 2321 Midiam,
987 2286 1039 2325 qui
1065 2296 1083 2315 a
1114 2285 1335 2321 Demosthene,
1359 2286 1408 2315 cui
1430 2287 1638 2316 testimonium

175 2336 318 2370 dicimus,
334 2340 505 2370 accusatur,
521 2336 558 2365 ad
573 2340 712 2365 senatum
730 2336 896 2375 ingressum
910 2337 1026 2371 dicere,
1051 2347 1109 2366 non
1135 2336 1228 2365 alium
1253 2337 1349 2367 ullum
1378 2347 1448 2366 esse
1475 2337 1639 2367 Nicodemi

175 2387 413 2421 interfectorem,
427 2397 514 2425 quam
539 2387 764 2422 Aristarchum,
781 2387 832 2426 qui
855 2387 886 2416 id
908 2388 1030 2417 facinus
1042 2388 1106 2417 suis
1122 2388 1258 2418 manibus
1283 2392 1515 2427 perpetrasset3
1540 2390 1639 2419 consi-

176 2438 312 2477 liumque
328 2437 452 2467 dedisse
469 2438 601 2473 senatui,
618 2439 695 2467 utin
714 2438 881 2468 Aristarchi
905 2440 988 2468 aedes
1013 2439 1092 2468 sacto
1114 2439 1230 2478 impetu
1249 2449 1316 2468 eum
1334 2440 1638 2478 comprehenderent.

177 2489 256 2518 Haec
273 2494 372 2518 autem
389 2488 426 2517 ad
444 2493 579 2518 senatum
600 2490 734 2526 dicebat,
751 2500 842 2529 quum
860 2490 960 2529 pridie
977 2500 1044 2519 cum
1063 2490 1240 2519 Aristarcho
1257 2495 1286 2519 et
1302 2490 1462 2520 nobiscum
1483 2496 1565 2520 esset
1579 2502 1640 2520 coe—

176 2545 276 2569 natus.
321 2539 441 2568 Scimus
457 2549 548 2578 porro
561 2540 702 2576 Midiam,
719 2545 751 2570 ut
768 2550 784 2569 a
801 2545 907 2570 senatu
929 2546 1100 2570 recesserat
1121 2546 1152 2570 et
1169 2551 1204 2570 ea
1222 2542 1313 2571 verba
1329 2541 1463 2576 dixerat,
1481 2542 1579 2570 denuo
1602 2541 1640 2569 ad

177 2591 388 2622 Aristarchum
402 2589 588 2629 ingressum,
599 2591 704 2631 illique
722 2592 800 2634 [sio]
815 2592 1003 2631 injicientem
1016 2593 1155 2622 dextram
1168 2603 1176 2629 ;
1199 2597 1230 2622 et
1243 2603 1309 2621 cnm
1320 2593 1484 2622 devotione
1500 2592 1545 2621 sui
1559 2592 1643 2631 capi-

176 2643 216 2672 tis
229 2644 381 2681 jurantem
396 2641 468 2671 nihil
480 2651 512 2671 se
529 2641 558 2670 iu
575 2647 682 2672 senatu
698 2643 770 2672 mali
786 2644 825 2674 de
843 2654 880 2673 eo
903 2643 1033 2680 dixisse,
1046 2648 1137 2683 atque
1155 2644 1192 2672 ab
1217 2643 1396 2673 Aristarcho
1425 2647 1591 2683 petentem,
1608 2647 1643 2672 ut

178 2694 236 2724 sibi
257 2693 494 2723 Demosthenem
510 2693 736 2723 reconciliaret.

179 2778 280 2822 Quid
301 2778 418 2829 igitur
438 2776 529 2814 addi
547 2777 706 2828 potest?
726 2791 812 2828 quae
831 2780 943 2817 istius
963 2778 1098 2816 similis
1121 2778 1203 2822 suit,
1225 2784 1292 2815 aut
1311 2777 1394 2814 fieri
1411 2784 1555 2827 potest,
1571 2776 1640 2814 im-

178 2839 378 2891 probitas?
392 2839 456 2890 qui
475 2839 669 2877 hominem
689 2840 970 2887 calamitosum,
991 2854 1014 2877 a
1032 2854 1109 2890 quo
1130 2839 1236 2877 nulla
1252 2852 1290 2876 re
1310 2839 1428 2876 laesus
1448 2839 1642 2884 fuerat,—

180 2901 312 2939 omitto
339 2901 466 2939 dicere
493 2901 726 2949 amicum—,
753 2902 867 2940 simul
888 2910 927 2940 et
953 2901 1266 2940 calumniandum
1292 2899 1456 2947 censuit,
1472 2907 1510 2938 et
1529 2913 1641 2938 oran-
