1923 3149
345 306 745 347 ARGUMENTUM
778 308 1074 347 ORATIONIS
1106 308 1163 347 IN
1194 309 1505 348 ONETOREM

795 369 952 409 UNDE
980 370 1053 408 VI.

240 490 418 525 Arnonus,
449 489 657 520 Demosthene
685 489 834 519 actionem
860 489 964 518 tutelae
992 493 1100 518 contra
1131 498 1200 518 eum
1232 488 1421 524 instituente,
1453 488 1544 520 duxit
1570 488 1654 519 One·

198 539 274 569 toris
291 549 427 569 sororem
455 540 514 569 sibi
539 551 556 570 a
580 541 682 580 priore
698 541 807 570 marito
819 540 1008 576 Timocrate,
1024 539 1075 579 qui
1101 539 1248 580 pupillam
1263 541 1394 569 dotatam
1409 541 1557 570 ducturus
1577 544 1654 575 erat,

197 589 391 629 desponsam.
437 591 514 622 Post
537 591 664 627 Onetor,
682 593 746 630 jam
770 601 822 621 reo
846 591 924 620 facto
941 591 1072 629 Aphobo
1089 590 1192 620 tutelae
1208 590 1340 626 nomine,
1358 595 1390 620 ut
1407 596 1508 620 orator
1529 592 1655 621 demon·

199 645 287 678 strat,
317 651 453 672 sororem
485 646 674 672 commentus
704 642 814 671 secisse
845 641 1009 670 divortium
1043 641 1081 671 ad
1110 651 1143 670 se
1170 641 1310 671 abduxit.
1361 642 1573 680 Damnatoque
1591 643 1654 680 jam

198 692 341 733 Aphobo,
362 694 392 723 in
418 694 497 723 bona
513 694 578 731 ejus
594 697 624 722 et
639 693 749 722 fundos
765 691 960 722 invadentem
978 697 1127 722 oratorem
1152 692 1276 732 dejicit3
1305 693 1420 722 sororis
1442 702 1511 722 esse
1534 692 1656 726 fundos,

198 744 238 773 ob
254 743 357 773 dotem
380 743 499 784 pignori
515 736 687 782 oppositos,
706 744 758 773 ait.
805 744 879 773 Eam
904 744 942 772 ob
965 754 1028 773 rem
1054 744 1278 773 Demosthenes
1302 744 1380 772 unde
1400 743 1429 772 vi
1446 752 1513 772 cum
1532 752 1569 772 eo
1583 742 1658 781 agit,

199 799 339 834 tanquam
355 795 394 825 de
410 795 534 834 praediis
550 795 671 834 Aphobi
687 795 815 829 dudum,
838 804 916 824 nuno
934 805 1006 824 vero
1029 794 1092 824 suis
1109 794 1198 824 factis
1214 795 1365 833 dejectus,
1383 803 1450 823 cum
1467 803 1526 822 non
1542 793 1659 827 dotem,

198 846 252 875 sed
275 845 433 876 mulierem
458 846 618 882 duntaxat,
641 846 789 883 Aphobus
811 844 988 885 acceperit:
1010 845 1091 884 quod
1108 846 1234 880 Onetor,
1257 855 1324 874 cum
1349 844 1509 883 Aphobum
1530 845 1658 882 ejusque

200 907 264 927 rem
279 896 454 927 familiarem
473 898 503 927 in
519 898 658 937 periculo
676 907 743 927 esse
761 897 889 933 videret,
904 897 1006 926 dotem
1025 897 1052 926 ei
1071 906 1228 926 numerato
1245 896 1408 925 noluisset.
1451 896 1540 925 Nunc
1566 894 1660 934 igitur

200 949 452 985 commentitium,
464 949 574 988 inquit,
589 955 636 979 est
651 948 830 983 divortium,
847 948 957 978 fundus
972 952 1072 978 autem
1087 948 1117 978 in
1131 958 1227 977 meam
1243 947 1389 982 fraudem,
1402 952 1528 986 propter
1542 956 1578 976 ea
1591 955 1659 984 quae

199 1009 258 1029 non
274 999 396 1039 accepit
409 1000 570 1040 Aphobus,
588 1000 708 1040 pignori
725 999 888 1039 oppositus
910 1009 976 1029 esse
999 999 1121 1028 dicitur.
1167 999 1285 1028 Nomen
1309 996 1422 1037 ἐξούλης
1438 997 1576 1028 Atticum
1599 1001 1660 1025 est.

201 1048 323 1089 ὂξίλλιιν
338 1050 416 1081 enim
435 1052 581 1081 vocabant
600 1051 764 1081 extrudere
781 1056 869 1088 utque
887 1050 1044 1089 expellere
1062 1050 1102 1079 vi.

566 1363 1301 1419 DEMOSTHENIS

424 1495 506 1542 IN
561 1496 1029 1544 ONETOREM
1087 1495 1303 1544 UNDE
1354 1496 1432 1541 VI

680 1621 925 1663 ORATIO
962 1620 1181 1663 PRIOR.

264 1741 298 1778 1.
333 1740 449 1787 Ετει,
479 1740 655 1788 Judiees‚
691 1755 766 1780 non
794 1755 929 1793 parum
959 1741 1143 1788 laboravi,
1169 1748 1212 1780 ut
1241 1754 1368 1792 neque
1394 1753 1442 1779 ea
1467 1753 1554 1791 quae
1574 1752 1663 1778 cum

210 1800 375 1852 Aphobo
389 1800 481 1839 mihi
500 1801 574 1840 fuit
592 1803 790 1841 contentio
810 1802 1012 1849 incideret,
1033 1815 1161 1854 neque
1180 1802 1265 1840 haec
1285 1815 1371 1853 quae
1392 1814 1496 1839 nunc
1519 1807 1578 1839 est
1597 1800 1666 1838 ad·-

207 1874 341 1901 versus
363 1863 574 1902 Onetorem
594 1865 750 1902 affinem
768 1865 867 1916 ejus,
887 1864 1091 1915 propositis
1111 1864 1264 1915 utrique
1285 1863 1412 1901 multis
1431 1863 1552 1913 aequis
1572 1874 1668 1900 con-

209 1921 434 1972 ditionibus,
455 1925 550 1963 nihil
571 1927 672 1976 aequi
698 1933 828 1964 tamen
859 1927 1064 1977 impetrare
1090 1926 1212 1978 potui,
1232 1926 1302 1964 sed
1323 1926 1441 1963 istum
1459 1924 1525 1962 illo
1546 1923 1669 1962 multo

208 1985 442 2036 asperiorem
469 1986 590 2037 reperi
610 1994 649 2027 et
666 2001 783 2040 poena
808 1988 923 2038 longe
953 1987 1180 2038 digniorem.
1237 1987 1339 2024 Nam
1367 1999 1454 2025 cum
1478 1992 1671 2037 putarem,

210 2045 318 2083 illum
338 2045 479 2085 debere
508 2047 607 2085 inter
634 2049 779 2087 amicos
800 2062 952 2087 mecum
978 2050 1193 2099 transigere
1222 2048 1523 2087 controversiam
1542 2060 1668 2098 neque

210 2106 316 2157 apud
332 2120 399 2145 vos
419 2108 595 2158 experiri,
615 2121 703 2149 eum
721 2110 913 2149 adducere
927 2123 1004 2149 non
1019 2111 1128 2162 potui
1143 2123 1152 2148 ε
1177 2111 1293 2148 istum
1311 2116 1440 2148 autem
1458 2122 1545 2147 cum
1556 2109 1671 2160 jube-

211 2179 290 2205 rem
308 2167 435 2218 ipsum
457 2168 528 2206 sibi
549 2167 630 2206 fieri
641 2169 831 2218 judicem,
847 2178 890 2208 ut
909 2184 958 2209 ne
978 2171 1082 2222 apud
1102 2184 1170 2209 vos
1199 2171 1492 2222 periclitaretur,
1510 2170 1564 2208 ita
1582 2182 1668 2208 sum

211 2234 470 2279 contemptus,
500 2235 542 2267 ut
569 2243 648 2268 non
676 2231 793 2269 modo
811 2244 1040 2283 responsum
1065 2232 1157 2270 mihi
1177 2232 1268 2270 dare
1291 2231 1579 2282 dedignaretur,
1600 2231 1671 2269 sed

211 2288 326 2326 etiam
343 2301 363 2326 e
382 2289 517 2336 fundo,
537 2303 650 2341 quem
672 2291 843 2343 possedit
862 2292 1048 2343 Aphobus
1077 2305 1166 2330 cum
1200 2305 1223 2330 a
1258 2305 1319 2330 me
1343 2291 1491 2343 judicio
1510 2291 1669 2329 damna-

214 2356 331 2397 retur,
349 2350 630 2390 contumeliose
651 2352 805 2390 omnino
824 2353 949 2404 ejecit.
1007 2353 1221 2403 Postquam
1241 2353 1357 2404 igitur
1377 2353 1471 2391 meis
1499 2365 1560 2390 me
1581 2364 1670 2403 spo·

213 2410 295 2455 liat,
314 2417 354 2448 et
380 2417 462 2448 tum
488 2411 599 2450 affine
619 2413 740 2452 fretus
760 2420 840 2451 tum
861 2414 998 2465 opibus
1022 2415 1101 2453 suis
1132 2421 1247 2465 atque
1267 2414 1436 2453 artificiis
1457 2414 1507 2453 ad
1527 2426 1594 2452 vos
1613 2413 1671 2451 in-

214 2484 374 2522 gressus
406 2480 478 2518 est,
499 2472 573 2511 hoc
604 2475 717 2513 nobis
750 2481 810 2513 est
836 2475 1026 2526 reliquum
1052 2476 1108 2513 uti
1134 2483 1263 2514 vestro
1293 2475 1435 2514 auxilio
1455 2476 1519 2527 jus
1546 2476 1594 2513 ab
1624 2487 1672 2512 eo

216 2538 388 2571 nostrum
408 2535 593 2585 consequi
613 2536 851 2574 studeamus.
911 2536 1105 2588 Equidem
1126 2537 1220 2583 scio,
1241 2536 1416 2584 Judices,
1433 2543 1569 2575 contra
1587 2548 1672 2573 ver-

216 2594 352 2630 borum
379 2602 588 2644 apparatus
607 2603 646 2633 et
664 2602 785 2634 testes
807 2609 885 2635 non
912 2609 1005 2635 vera
1023 2596 1296 2636 testificaturos
1328 2610 1410 2635 esse
1437 2596 1528 2634 mihi
1547 2602 1671 2634 certa-

217 2665 327 2692 rnen:
357 2655 531 2694 bonitate
549 2668 681 2695 causae
703 2671 764 2696 me
783 2665 893 2696 tanto
913 2659 1149 2710 superiorem
1169 2672 1216 2697 eo
1235 2659 1317 2697 fore
1335 2657 1502 2703 confido,
1524 2664 1581 2703 ut,
1600 2657 1671 2696 etsi

218 2716 303 2766 quis
323 2722 494 2754 vestrum
512 2716 702 2756 hactenus
720 2731 808 2757 eum
827 2732 912 2758 esse
938 2719 1154 2771 improbum
1174 2733 1250 2758 non
1270 2719 1512 2765 existimavit,
1541 2725 1674 2758 tamen

217 2776 278 2816 vel
296 2790 345 2815 ex
364 2777 446 2828 ejus
465 2776 504 2814 in
522 2789 585 2815 me
599 2777 714 2816 factis
733 2780 922 2831 cognituri
935 2781 1032 2826 sitis,
1050 2781 1240 2819 hactenus
1253 2793 1340 2819 eum
1357 2793 1545 2818 summam
1560 2792 1671 2818 suam

220 2838 504 2890 improbitatem
523 2846 561 2877 et
582 2839 806 2891 injustitiam
831 2843 993 2881 celasse.
1051 2843 1336 2881 Demonstrabo
1361 2843 1476 2889 enim,
1496 2854 1581 2880 eum
1604 2841 1675 2880 do—

221 2905 300 2939 tem
319 2913 395 2940 non
412 2900 528 2939 modo
548 2907 625 2941 non
641 2914 872 2950 numerasse,
892 2904 941 2942 ob
957 2916 1072 2954 quam
1093 2916 1197 2943 nunc
1217 2903 1377 2942 fundum
1400 2902 1504 2942 illum
1524 2902 1672 2955 pignori
