1923 3149
561 114 918 153 OLYNTHIACA
951 116 965 153 Ι
997 113 1082 167 (11).
1502 115 1555 154 23

97 228 212 268 quam
233 215 366 268 gessit,
386 229 433 255 ea
450 216 641 255 recenseri
661 229 705 254 ac
727 216 883 266 coargui
898 215 1039 263 omnia,
1065 217 1275 255 orationem
1300 228 1376 257 non
1396 217 1553 269 longam

98 277 310 328 postulare,
324 277 469 315 etmihi
486 277 638 328 quidem
654 277 803 314 duabus
819 277 868 315 de
881 278 1007 315 causis
1023 278 1130 315 utilia
1142 292 1227 316 esse
1241 279 1344 318 dictu
1355 280 1551 323 videntum

96 346 176 377 tum
197 346 240 378 ut
259 339 437 385 illum,id
465 338 567 390 quod
589 352 649 376 res
680 347 750 384 est,
770 338 982 388 improbum
1009 352 1095 376 esse
1122 346 1286 385 constet,
1314 348 1393 378 tum
1424 347 1466 378 ut
1489 341 1555 391 qui

96 400 264 452 Philippi
283 402 414 438 timore
436 400 586 438 attoniti
615 407 718 445 sunt,
739 400 847 451 quasi
878 400 910 438 is
941 400 1111 450 superari
1131 414 1207 438 non
1233 401 1369 451 possit,
1399 402 1556 439 videant

96 474 184 500 eum
203 462 434 513 percurrisse
461 461 602 507 omnia,
620 461 758 511 quibus
777 460 921 497 dudum
942 461 1115 498 homines
1149 461 1368 499 ludificatus
1395 462 1432 498 in
1453 463 1553 500 hanc

95 524 397 575 magnitudinem
416 522 599 567 excrevit,
615 529 653 559 et
672 521 722 559 ad
743 522 868 572 ipsum
883 522 1068 559 accedere
1084 522 1196 559 finem
1211 536 1271 560 res
1287 523 1381 573 ejus.
1435 523 1555 573 Equi-

95 585 198 631 dem,
209 583 588 630 Athenienses,valde
604 583 783 621 ducerem
798 591 836 621 et
851 583 932 634 ipse
950 583 1228 620 formidabilem
1241 597 1326 621 esse
1338 591 1377 621 et
1391 584 1556 622 admira-

94 646 210 684 bilem
226 645 459 696 Philippum,
475 644 505 681 si
527 643 699 681 honestis
718 656 806 681 eum
824 643 989 681 crevisse
1005 643 1213 681 rationibus
1228 643 1397 681 viderem
1412 654 1421 681 :
1451 657 1555 682 nunc

94 720 198 752 vero,
213 719 298 745 cum
318 719 398 744 rem
418 705 621 755 diligenter
640 705 853 750 considero,
874 705 1022 755 reperio
1042 718 1118 742 eum
1133 711 1302 742 nostram
1326 705 1447 755 primo
1463 705 1555 742 sim-⁴

94 768 320 819 plicitatem,
340 781 417 819 quo
438 773 609 817 tempore
630 766 834 818 Olynthios
855 766 1008 817 quidam
1034 765 1124 803 hinc
1145 766 1366 817 repulerunt
1392 766 1554 817 cupidos

95 829 294 867 nobiscum
330 827 653 874 communicandi,
686 841 774 866 cum
808 841 847 865 se
882 826 1142 879 Amphipolim
1177 828 1288 865 nobis
1322 828 1553 865 traditurum

95 890 240 928 diceret
255 896 295 927 et
320 902 502 927 arcanum
531 889 625 926 illud
654 889 758 939 quod
787 888 992 939 aliquando
1015 889 1237 939 jactabatur
1269 889 1432 927 subdole
1461 902 1553 926 con-

95 958 254 997 texeret,
276 952 328 989 ita
344 951 546 1001 pellexisse
562 964 572 988 2
603 950 873 1001 Olynthiorum
886 950 1027 987 deinde
1040 950 1243 988 amicitiam
1261 951 1328 987 sibi
1347 951 1555 1000 adjunxisse

95 1013 356 1064 expugnanda
375 1012 564 1057 Potidaea,
586 1019 718 1050 nostro
738 1012 895 1063 oppido,
917 1020 955 1049 et
971 1019 1140 1063 ereptam
1154 1012 1265 1050 nobis
1285 1012 1472 1063 prioribus
1489 1025 1553 1050 so—

94 1074 162 1111 ciis
182 1087 250 1124 per
270 1074 456 1124 injuriam,
477 1073 551 1110 illis
570 1072 760 1110 tradendo
777 1086 786 1111 ε
818 1073 1026 1110 Thessalos
1046 1087 1149 1111 nunc
1173 1080 1366 1124 postremo
1385 1075 1453 1110 sibi
1471 1087 1553 1111 con-

91 1135 231 1172 ciliasse
257 1134 513 1186 promittendo
534 1147 575 1171 se
596 1134 650 1171 eis
671 1134 912 1184 Magnesiam
936 1135 1179 1181 traditurum,
1210 1142 1249 1173 et
1267 1135 1486 1186 recipiendo
1513 1149 1555 1173 se

93 1196 293 1234 Phocense
314 1196 458 1234 bellum
487 1208 555 1246 pro
576 1195 630 1232 eis
651 1202 862 1245 gesturum.
920 1195 1098 1246 Denique
1118 1208 1230 1234 nemo
1251 1203 1311 1233 est
1330 1209 1461 1234 eorum
1489 1196 1555 1247 qui

90 1257 176 1309 ipso
197 1258 252 1295 usi
275 1264 376 1304 sunt,
399 1270 513 1307 quem
533 1268 611 1292 non
630 1256 847 1307 deceperit:
877 1256 937 1293 his
958 1256 1058 1294 enim
1079 1257 1222 1294 artibus
1239 1257 1369 1302 crevit,
1390 1263 1434 1294 ut
1453 1270 1553 1294 sem-

90 1334 159 1372 per
186 1333 317 1358 eorum
345 1334 367 1358 a
392 1320 530 1370 quibus
556 1318 794 1369 ignoraretur
814 1319 1110 1370 imprudentiam
1130 1319 1423 1358 circumveniret
1439 1326 1553 1370 atque

93 1382 340 1420 adscisceret.
372 1382 425 1418 Ut
442 1381 557 1431 igitur
580 1392 647 1430 per
674 1380 744 1418 hos
773 1380 850 1418 alte
869 1381 1054 1427 ascendit,
1076 1380 1168 1417 dum
1188 1380 1347 1430 quisque
1368 1380 1493 1431 aliquo
1513 1393 1555 1418 se

90 1446 139 1483 ab
158 1457 204 1483 eo
220 1443 410 1482 beneficio
431 1443 612 1482 affectum
632 1442 675 1480 iri
695 1443 870 1493 putabat,
890 1443 943 1480 sic
962 1456 1031 1494 per
1050 1442 1209 1480 eosdem
1224 1442 1341 1480 hosce
1354 1443 1468 1479 etiam
1485 1442 1553 1479 de-

87 1506 154 1558 jici
174 1520 304 1544 rursus
320 1519 407 1544 eum
428 1511 592 1557 oportet,
612 1511 817 1556 postquam
836 1510 1075 1557 compertum
1095 1510 1153 1543 est
1172 1515 1257 1542 eum
1280 1504 1330 1542 ad
1351 1517 1459 1542 suam
1478 1503 1554 1542 uti-

91 1567 241 1605 litatem
260 1567 398 1605 referre
418 1567 557 1605 omnia.

143 1631 183 1665 4.
214 1628 257 1664 In
273 1641 318 1665 eo
337 1628 451 1678 igitur
465 1628 551 1665 loco
571 1640 632 1665 res
647 1627 813 1678 Philippi
830 1640 932 1665 nunc
947 1634 1052 1673 sunt,
1073 1627 1353 1665 Athenienses:
1375 1633 1442 1665 aut
1460 1639 1550 1679 pro-

91 1688 182 1725 deat
196 1688 348 1739 aliquis,
363 1688 517 1734 etmihi,
534 1701 579 1726 ac
599 1688 726 1739 potius
745 1688 866 1733 vobis,
887 1688 1069 1726 ostendat
1085 1689 1145 1726 vel
1157 1688 1241 1727 haee
1262 1702 1285 1726 a
1303 1701 1362 1726 me
1375 1702 1450 1726 non
1464 1702 1551 1727 vere

92 1749 180 1794 dici,
206 1750 266 1787 vel
300 1750 363 1800 qui
390 1755 480 1787 ante
509 1749 660 1801 decepti
681 1755 772 1787 sunt
797 1749 845 1786 de
876 1749 1022 1799 reliquo
1052 1750 1087 1787 ei
1116 1750 1232 1787 fidem
1255 1749 1466 1796 habituros,
1491 1751 1554 1789 vel

91 1818 224 1850 contra
251 1811 419 1862 ipsorum
447 1811 670 1861 dignitatem
688 1811 870 1849 servitute
891 1824 1094 1862 oppressos
1116 1811 1325 1849 Thessalos
1344 1825 1448 1849 nunc
1475 1824 1554 1849 non

92 1874 214 1911 teneri
236 1873 424 1910 desiderio
445 1873 720 1923 recuperandae
738 1872 935 1910 libertatis.
994 1872 1109 1916 Quod
1130 1872 1161 1909 si
1181 1872 1265 1923 quis
1281 1879 1448 1910 vestrum
1466 1872 1551 1911 haec

91 1934 246 1986 quidem
274 1934 327 1971 ita
347 1947 430 1971 esse
460 1934 579 1978 ducit,
602 1934 670 1972 sed
698 1946 786 1971 eum
812 1933 847 1970 vi
867 1940 1107 1972 retenturum
1135 1933 1334 1984 imperium
1363 1934 1553 1985 opinatur,

98 1995 202 2046 quod
235 1995 321 2032 loca
353 2002 392 2033 et
420 2001 552 2046 portus
573 2002 612 2033 et
642 1994 718 2032 alia
744 1994 825 2045 ejus
858 1997 1007 2046 generis
1036 1995 1330 2045 praeoccupant,
1352 2008 1428 2032 non
1448 2002 1553 2033 recte

92 2057 284 2107 opinatur.
333 2057 430 2095 Cum
446 2058 547 2094 enim
561 2055 830 2094 benevolentia
842 2069 901 2093 res
915 2062 1192 2107 componantur
1214 2062 1253 2093 et
1267 2056 1444 2094 omnibus
1460 2057 1554 2094 belli

91 2117 205 2155 sociis
225 2117 359 2155 eadem
388 2118 608 2168 expediant,
637 2123 711 2154 tum
731 2125 769 2155 et
800 2118 971 2156 conferre
991 2130 1145 2168 operam
1166 2125 1205 2155 et
1233 2117 1331 2155 ferre
1358 2131 1550 2155 aerumnas

89 2184 130 2216 et
149 2191 389 2229 perseverare
413 2179 547 2216 volunt
570 2178 763 2217 homines:
795 2180 826 2218 si
852 2179 937 2230 quis
958 2184 1086 2216 autem
1106 2191 1173 2228 per
1203 2178 1400 2215 avaritiam
1422 2185 1461 2216 et
1479 2178 1550 2215 im·-

89 2239 331 2291 probitatem,
351 2246 393 2278 ut
418 2239 495 2285 ille,
516 2240 560 2277 fit
578 2246 731 2290 potens,
758 2240 882 2292 prima
901 2252 1063 2290 quaeque
1083 2239 1234 2277 occasio
1254 2245 1294 2276 et
1311 2239 1405 2277 levis
1427 2238 1550 2277 offen-

90 2300 148 2339 sio
168 2295 384 2349 omniajam
403 2300 572 2339 excussit
586 2307 625 2338 et
644 2301 832 2339 dissolvit.
888 2301 978 2338 Non
991 2299 1094 2337 enim
1110 2300 1205 2345 fieri,
1218 2313 1294 2338 non
1310 2300 1389 2338 fieri
1404 2307 1548 2352 potest,

91 2362 359 2409 Athenienses,
379 2369 422 2400 ut
437 2376 505 2414 per
525 2362 681 2414 injurias
704 2370 743 2401 et
769 2363 931 2415 perjuria
959 2369 998 2401 et
1029 2361 1230 2400 mendacia
1258 2363 1434 2400 stabilem
1466 2364 1551 2413 quis

89 2424 299 2474 potentiam
316 2431 528 2475 comparet,
549 2424 617 2462 sed
633 2425 727 2463 talia
741 2425 895 2476 quidem
912 2424 1027 2462 semel
1043 2432 1081 2461 et
1096 2424 1145 2461 ad
1163 2425 1277 2462 breve
1288 2431 1440 2475 tempus
1457 2437 1552 2462 con-

91 2483 246 2530 sistunt,
266 2493 304 2522 et
321 2498 555 2536 magnopere
574 2486 737 2524 fortasse
759 2500 827 2537 spe
843 2485 1100 2529 efflorescunt,
1120 2492 1290 2535 tempore
1313 2493 1442 2523 autem
1470 2486 1551 2523 fur-

90 2545 159 2582 tim
192 2547 423 2584 subruuntur
451 2554 490 2584 et
515 2547 564 2584 ad
590 2548 798 2598 primordia
824 2560 893 2585 sua
918 2546 1111 2584 recidunt.
1169 2547 1272 2584 Nam
1292 2560 1376 2584 mea
1395 2547 1551 2597 quidem

90 2607 294 2653 sententia,
313 2613 357 2645 ut
374 2608 515 2645 aedium
535 2617 574 2646 et
592 2609 700 2646 navis
721 2616 759 2646 et
785 2609 942 2646 aliarum
969 2621 1093 2645 rerum
1115 2608 1197 2659 ejus
1228 2610 1378 2659 generis
1401 2609 1552 2645 infimas

88 2674 218 2717 partes
240 2668 474 2705 firmissimas
491 2682 575 2707 esse
595 2677 760 2720 oportet,
781 2670 836 2707 sic
856 2669 970 2707 etiam
984 2670 1179 2707 actionum
1200 2670 1386 2721 principia
1405 2676 1444 2706 et
1463 2669 1552 2706 fun-

90 2728 272 2767 damenta
292 2743 382 2767 vera
400 2730 556 2781 etjusta
575 2745 659 2771 esse
680 2733 871 2771 convenit.
927 2732 976 2770 Id
995 2745 1086 2771 vero
1108 2746 1186 2771 non
1206 2733 1308 2771 inest
1326 2731 1480 2770 nuncin
1494 2744 1552 2770 re-

89 2789 163 2829 bus
179 2803 202 2830 a
221 2791 403 2844 Philippo
421 2791 556 2842 gestis.
