1923 3149
666 181 736 218 DE
764 181 1002 219 CORONA.
1509 180 1585 215 209

144 284 389 334 perspexerit,
410 291 491 322 tum
511 297 557 322 ex
580 285 624 322 iis
644 285 805 323 maxime
824 296 910 334 quoe
937 282 985 319 de
1004 281 1158 318 fortuna
1182 281 1371 319 disseruit.
1419 280 1588 318 Omnino

143 345 319 394 equidem
347 359 432 396 ego,
452 346 622 396 quisquis
644 346 758 384 homo
778 358 865 384 cum
884 344 932 382 sit
949 342 1093 380 homini
1113 342 1301 379 fortunam
1323 343 1502 392 objectat,
1532 341 1589 378 fa-

143 411 248 442 tuum
269 413 307 443 et
327 407 525 444 vecordem
552 420 639 445 eum
669 407 794 444 duco:
824 418 911 442 nam
933 416 1021 441 cum
1042 403 1087 449 is,
1107 403 1170 453 qui
1196 403 1338 453 optime
1368 416 1496 439 secum
1527 402 1589 451 agi

142 473 253 515 putat
274 474 313 504 et
331 468 585 518 prosperrima
615 481 655 505 se
683 468 736 504 uti
763 466 929 510 fortuna,
958 464 1194 515 exploratum
1223 476 1299 500 non
1329 463 1480 506 habeat,
1506 476 1589 499 eam

142 528 257 566 talem
277 542 361 566 esse
377 542 594 567 mansuram
615 542 735 579 usque
752 528 801 566 ad
821 538 1029 577 vesperam,
1049 525 1113 575 qui
1133 524 1313 563 convenit
1327 523 1376 561 de
1394 523 1466 560 hac
1486 523 1592 572 loqui

142 596 209 626 aut
241 602 323 627 eam
359 590 464 627 alteri
496 588 754 640 exprobrare?
800 588 943 626 Verum
974 585 1151 637 quoniam
1181 592 1316 636 praeter
1355 584 1430 621 alia
1456 583 1592 626 multa,

141 649 188 687 de
225 651 283 688 his
310 663 463 700 quoque
500 651 709 688 orationem
746 649 880 687 habuit
915 647 1125 686 insolentias
1155 646 1322 697 plenam,
1351 644 1590 682 considerate

142 710 397 748 Athenienses
416 718 455 748 et
469 717 654 761 spectate,
676 717 819 760 quanto
835 723 907 760 ego
924 709 1048 747 verius
1069 709 1142 745 isto
1162 714 1381 757 quantoque
1401 705 1450 743 ad
1468 704 1591 742 homi-

140 783 231 807 num
249 771 508 807 conditionem
527 772 654 821 aptius
675 772 722 809 de
742 772 894 809 fortuna
913 771 1119 821 disputem.
1150 768 1234 818 Ego
1255 767 1416 805 civitatis
1436 766 1591 816 quidem

140 831 254 882 hujus
274 831 464 868 fortunam
481 832 621 868 bonam
640 843 726 868 esse
746 832 917 876 arbitror,
938 838 1051 880 atque
1070 830 1144 867 hoc
1164 829 1274 867 video
1295 836 1331 866 et
1352 828 1488 865 Jovem
1510 827 1590 864 Do-

139 891 316 929 donaeum
343 891 449 929 vobis
478 899 516 929 et
544 891 766 942 Apollinem
794 891 976 942 Pythium
1004 890 1252 928 vaticinatum
1285 902 1392 927 esse:
1422 888 1592 926 omnium

139 967 229 992 vero
247 954 456 1000 hominum,
489 967 572 992 eam
595 954 747 1004 quidem
768 966 855 1003 quae
874 966 977 990 nunc
995 959 1120 1002 urget,
1151 951 1326 989 miseram
1355 956 1467 1000 atque
1487 962 1592 987 acer-

139 1015 252 1058 bam;
283 1016 368 1065 quis
398 1016 497 1053 enim
518 1015 742 1053 Graecorum
764 1021 830 1052 aut
847 1015 930 1064 quis
958 1014 1203 1051 barbarorum
1223 1026 1299 1051 non
1320 1011 1460 1049 multas
1489 1010 1592 1048 cala-

140 1075 294 1114 mitates
314 1077 388 1115 hoc
417 1083 588 1127 tempore
607 1083 665 1114 est
683 1074 891 1126 expertus?
931 1074 1046 1117 Quod
1070 1074 1182 1125 igitur
1206 1072 1478 1111 honestissima
1495 1084 1593 1121 prae-

140 1137 337 1175 tulerimus
368 1138 548 1188 quodque
569 1137 660 1188 ipsis
681 1136 753 1174 illis
784 1135 932 1174 Graecis
953 1136 1016 1187 qui
1035 1142 1220 1186 putarunt
1242 1147 1297 1179 se,
1320 1134 1351 1172 si
1380 1146 1452 1171 nos
1481 1132 1593 1170 dese-

138 1198 315 1243 ruissent,
335 1199 447 1236 beate
466 1199 644 1244 victuros,
662 1197 846 1235 feliciores
869 1197 999 1243 simus,
1018 1197 1093 1234 hoc
1121 1198 1234 1234 bonae
1265 1196 1428 1233 fortunae
1449 1200 1592 1231 nostrae

137 1259 298 1297 civitatis
318 1267 520 1310 acceptum
539 1260 619 1297 fero
642 1273 650 1296 :
680 1259 785 1309 quod
805 1265 933 1296 autem
953 1258 1223 1296 offenderimus
1238 1270 1362 1307 neque
1377 1256 1505 1294 omnia
1522 1268 1592 1292 no-

137 1320 196 1358 bis
215 1333 262 1358 ex
282 1321 397 1359 animi
419 1320 609 1358 sententia
626 1319 894 1371 processerint,
916 1320 955 1357 in
977 1332 1022 1357 eo
1042 1319 1200 1357 aliorum
1217 1318 1412 1356 hominum
1427 1317 1593 1354 fortunae

138 1387 259 1418 ratam
291 1382 486 1432 quandam
516 1388 661 1432 partem
691 1381 741 1418 ad
772 1394 842 1419 nos
871 1380 1125 1432 pertinentem
1153 1379 1289 1417 tulisse
1316 1385 1410 1430 puto
1439 1390 1593 1428 rempu-

138 1441 292 1480 blicam.
322 1443 375 1480 At
386 1442 571 1492 privatam
587 1455 710 1480 meam
723 1448 762 1479 et
776 1441 962 1493 cujusque
982 1448 1154 1479 nostrum
1169 1440 1360 1478 fortunam
1379 1439 1418 1476 in
1436 1439 1593 1490 privatis

138 1502 282 1552 exquiri
301 1504 415 1541 rebus
438 1517 591 1554 aequum
613 1517 699 1541 esse
720 1503 833 1541 duco.
868 1503 952 1554 Ego
972 1503 1087 1553 igitur
1106 1502 1161 1540 sic
1180 1502 1227 1540 de
1247 1503 1400 1540 fortuna
1419 1515 1591 1552 quaeren-

140 1563 232 1600 dum
252 1577 408 1610 censeo,
433 1572 536 1602 recte
557 1572 671 1615 atque
685 1565 804 1616 juste,
823 1578 910 1603 mea
928 1564 1082 1614 quidem
1104 1563 1308 1609 sententia,
1321 1569 1416 1613 puto
1429 1562 1542 1600 etiam
1556 1569 1595 1600 et

138 1631 285 1662 vestra:
315 1625 386 1664 iste
404 1632 530 1664 autem
550 1626 736 1676 privatam
755 1626 947 1663 fortunam
966 1638 1089 1663 meam
1110 1625 1354 1663 valentiorem
1374 1637 1460 1662 esse
1479 1637 1593 1674 quam

138 1685 329 1734 publicam
348 1686 510 1724 civitatis
541 1686 606 1731 ait,
632 1693 787 1723 tenuem
815 1699 858 1724 ac
879 1687 1068 1737 dejectam
1096 1699 1212 1736 quam
1238 1685 1445 1723 secundam
1477 1692 1591 1736 atque

138 1746 317 1795 amplam.
361 1747 407 1784 Id
429 1760 517 1784 vero
537 1747 618 1784 fieri
635 1747 699 1797 qui
718 1747 875 1798 potest?

192 1808 256 1844 77.
286 1808 428 1845 Verum
449 1808 550 1845 enim
571 1807 601 1845 si
621 1808 658 1844 in
678 1814 800 1845 meam
821 1808 1008 1857 inquirere
1021 1808 1211 1845 fortunam
1232 1807 1387 1844 omnino
1407 1812 1591 1844 statutum

137 1867 271 1914 habes,
291 1868 487 1915 AEschine,
509 1868 640 1906 confer
659 1880 745 1905 eam
765 1880 851 1904 cum
873 1874 953 1911 tua,
973 1875 1012 1904 et
1033 1868 1063 1904 si
1093 1881 1215 1905 meam
1246 1868 1477 1918 compereris
1506 1880 1592 1904 esse

138 1935 205 1966 tua
222 1929 430 1976 meliorem,
445 1930 524 1980 jam
547 1942 632 1966 eam
652 1928 816 1966 desinito
840 1927 1057 1965 conviciari.
1103 1929 1318 1964 Considera
1336 1928 1450 1977 igitur
1468 1941 1591 1978 usque

139 2003 162 2027 a
174 1989 507 2040 principia—Sed
526 2002 576 2027 ne
595 2002 656 2026 me
670 1989 884 2039 quisquam,
903 2002 970 2039 per
988 1988 1128 2025 Jovem
1145 1988 1316 2038 deosque
1336 2001 1417 2035 oro,
1436 1988 1589 2026 insulsi-

139 2050 226 2088 tatis
244 2051 425 2100 postulet.
456 2051 540 2100 Ego
561 2049 661 2087 enim
681 2062 807 2100 neque
828 2049 859 2087 si
879 2050 963 2100 quis
993 2055 1254 2099 paupertatem
1283 2049 1446 2087 ludibrio
1466 2057 1593 2095 vexat,

139 2124 245 2149 sanae
267 2125 354 2149 eum
373 2111 511 2149 mentis
531 2123 614 2148 esse
633 2118 741 2160 puto,
760 2123 883 2161 neque
905 2110 935 2147 si
954 2111 1038 2160 quis
1066 2110 1103 2146 in
1134 2124 1258 2148 rerum
1287 2110 1479 2149 affluentia
1497 2112 1590 2149 edu-

138 2178 250 2210 catus
270 2185 316 2209 eo
332 2172 485 2210 nomine
506 2171 703 2222 superbit:
734 2184 862 2208 verum
884 2171 993 2208 istius
1013 2172 1215 2221 importuni
1236 2172 1449 2210 maledictis
1469 2179 1508 2210 et
1527 2185 1590 2210 ca-

138 2233 292 2271 lumniis
310 2233 349 2271 in
368 2233 468 2271 hanc
487 2233 699 2271 orationem
727 2245 845 2284 cogor
863 2233 1044 2277 incidere,
1071 2234 1131 2270 cui
1151 2240 1294 2279 tamen,
1314 2240 1357 2272 ut
1382 2234 1436 2272 rei
1455 2242 1592 2272 natura

138 2296 247 2345 feret,
265 2302 453 2346 quantum
468 2295 631 2332 maxime
650 2307 809 2345 possum
830 2295 1069 2332 moderabor.

191 2358 258 2397 78.
286 2356 382 2393 Mihi
397 2370 489 2408 ergo
508 2356 681 2406 contigit,
703 2355 899 2400 AEschine,
917 2369 1004 2394 cum
1023 2368 1117 2406 puer
1136 2368 1271 2402 essem,
1287 2356 1446 2394 idoneos
1464 2357 1591 2395 litera-

141 2429 226 2454 rum
243 2416 356 2454 ludos
374 2417 632 2467 frequentare,
653 2430 773 2467 eaque
801 2416 929 2454 omnia
948 2416 1088 2454 habere
1107 2430 1192 2466 quae
1212 2430 1309 2468 opus
1339 2425 1429 2455 sunt
1446 2418 1592 2456 homini

142 2476 234 2514 nihil
251 2483 362 2528 turpe
389 2478 604 2516 admissuro
635 2484 790 2528 propter
811 2484 1024 2528 egestatem
1040 2491 1050 2521 ;
1082 2491 1239 2528 egresso
1260 2487 1387 2517 autem
1408 2493 1430 2517 e
1449 2480 1589 2530 pueris,

140 2539 198 2576 his
214 2531 472 2577 consentanea
487 2552 614 2590 agere,
633 2539 790 2589 choragi
808 2552 947 2576 munus
963 2539 1078 2583 obire,
1097 2540 1345 2578 trierarchum
1363 2554 1460 2587 esse,
1474 2553 1590 2591 pecu-

142 2602 225 2640 nias
247 2602 434 2647 conferre,
462 2601 556 2639 nulli
583 2602 645 2639 vel
674 2601 833 2653 privatae
866 2601 926 2639 vel
953 2601 1118 2652 publicae
1147 2602 1416 2640 munificentiae
1443 2603 1590 2647 deesse,

144 2663 214 2701 sed
233 2675 293 2701 me
325 2669 365 2700 et
382 2661 600 2712 reipublicae
632 2669 671 2701 et
699 2662 829 2700 amicis
850 2662 982 2700 utilem
1008 2669 1215 2713 praestare:
1246 2663 1401 2708 deinde,
1422 2677 1509 2701 cum
1539 2661 1589 2699 ad

143 2737 272 2775 remp:
286 2722 467 2762 accedere
497 2722 620 2760 visum
652 2730 712 2761 est
737 2723 840 2770 mihi,
871 2736 956 2761 eam
984 2723 1271 2762 administrandi
1301 2725 1487 2761 rationem
1507 2723 1593 2759 milii

143 2786 297 2836 contigit
325 2784 447 2835 sequi,
471 2784 575 2821 unde
593 2790 674 2822 tum
694 2798 717 2822 a
742 2785 867 2835 patria
893 2792 974 2823 tum
1003 2799 1026 2824 a
1053 2786 1201 2824 eaeteris
1232 2785 1379 2822 Graecis
1410 2797 1589 2835 saepenu-

145 2860 250 2885 mero
281 2859 421 2884 corona
453 2845 616 2883 donatus
656 2845 740 2890 sim,
776 2859 901 2897 neque
927 2859 996 2885 vos
1027 2846 1179 2897 quidem
1206 2846 1361 2890 inimici,
1390 2858 1466 2882 non
1494 2858 1590 2896 prae-

146 2908 251 2946 clara
278 2920 361 2946 esse
391 2919 438 2944 ea
462 2919 548 2956 quae
579 2906 730 2956 agenda
758 2908 922 2958 suscepi,
955 2907 1081 2946 dicere
1113 2907 1193 2945 sitis
1226 2907 1366 2944 conati.
1407 2906 1491 2945 Hac
1518 2919 1590 2957 ego

827 2970 852 3005 2
884 2981 906 3005 E
1512 2987 1515 2989 >
