1923 3149
295 145 369 180 214
849 147 922 186 DE
953 150 1190 190 CORONA.

294 243 500 296 hospitium
520 248 586 286 tibi
607 261 694 288 cum
713 263 758 289 eo
778 251 1025 298 intercedere,
1046 253 1095 290 ad
1115 265 1264 303 operam
1286 254 1555 292 mercenariam
1577 256 1729 294 nomina

294 306 368 344 ista
396 321 592 359 perperam
618 312 848 350 traducens:
878 327 963 364 quae
993 315 1092 352 enim
1115 326 1225 363 aequa
1245 317 1427 361 autjusta
1456 323 1581 365 potest
1607 316 1731 354 afferri

294 379 411 405 causa
426 377 577 420 propter
595 385 722 422 quam,
739 374 930 420 AEschine,
947 374 1199 412 Glaucotheae
1214 375 1485 425 tympanistriae
1500 376 1575 413 filio
1589 377 1728 427 hospes

293 435 358 465 aut
377 430 521 468 amicus
542 439 608 469 aut
627 441 739 471 notus
755 443 854 472 esset
874 435 1098 486 Philippus?
1129 435 1210 484 Ego
1228 435 1405 484 equidem
1421 448 1496 473 non
1516 437 1640 482 video,
1661 438 1729 474 sed

291 490 466 528 mercede
487 496 533 529 ab
553 506 598 530 eo
625 495 840 532 conductus
860 509 901 533 es
922 504 965 534 ut
990 497 1125 533 horum
1146 496 1348 533 commoda
1367 495 1628 534 labefactares.
1680 498 1730 535 Et

290 555 432 595 tamen,
451 565 536 589 cum
557 554 608 591 ita
628 555 826 592 manifesto
847 558 893 594 ab
909 557 965 594 his
987 557 1153 607 proditor
1169 556 1428 606 deprehensus
1448 557 1498 594 sis
1519 564 1556 595 et
1575 557 1612 594 in
1633 559 1728 609 teip-

290 622 373 647 sum
401 620 486 661 post
519 621 654 651 eventa
674 628 797 652 rerum
817 616 932 653 index
957 617 1161 662 exstiteris,
1188 616 1278 653 mihi
1299 616 1492 654 maledicis
1517 630 1638 667 eaque
1663 630 1728 654 ex-

287 673 459 721 probras,
480 686 640 722 quorum
655 676 824 725 quemvis
840 677 964 726 potius
985 690 1099 728 quam
1121 690 1179 714 me
1201 684 1393 714 auctorem
1412 677 1530 715 fuisse
1549 678 1727 728 reperies.

344 734 406 769 88.
437 733 578 771 Multas
598 748 655 772 res
675 743 714 773 et
732 749 889 786 magnas
918 745 957 774 et
975 738 1174 788 praeclaras
1195 738 1326 775 civitas
1351 746 1479 775 nostra
1498 745 1536 776 et
1562 740 1730 789 suscepit

288 799 327 830 et
346 793 506 831 feliciter
525 796 644 844 gessit
662 810 720 834 me
741 804 907 844 auctore,
929 799 1122 845 AEschine,
1141 812 1301 849 quarum
1323 812 1399 836 non
1419 799 1535 837 oblita
1555 806 1625 837 est.
1666 799 1727 837 Id-

287 868 361 904 que
381 854 453 892 hoc
473 856 667 895 declarat:
698 859 800 907 quod
819 872 907 896 cum
926 861 1090 910 populus
1112 861 1274 910 aliquem
1295 873 1423 897 creare
1439 860 1553 897 vellet
1567 860 1629 910 qui
1644 873 1728 898 ora-

286 915 427 953 tionem
447 916 494 953 de
514 924 747 955 mortuorum
766 919 944 957 laudibus
963 921 1134 966 haberet,
1148 921 1293 957 recenti
1307 919 1434 957 adhuc
1449 920 1572 966 clade,
1592 933 1669 957 non
1688 928 1727 959 te

285 976 428 1014 creavit
457 977 520 1026 qui
546 978 763 1016 nominatus
792 992 890 1025 eras,
918 980 1159 1030 quantumvis
1189 980 1370 1025 vocalem,
1393 993 1470 1017 non
1498 980 1728 1027 Demadem,

284 1036 349 1085 qui
369 1037 482 1074 modo
501 1050 637 1088 pacem
662 1040 817 1085 fecerat,
838 1052 915 1077 non
940 1040 1178 1090 Hegemona‚
1204 1053 1281 1077 non
1303 1053 1531 1090 quemquam
1561 1040 1726 1092 denique

285 1097 400 1134 alium
421 1105 598 1143 vestrum,
614 1100 683 1137 sed
702 1113 773 1138 me.
806 1101 856 1138 Et
874 1114 960 1138 cum
978 1101 1017 1138 in
1035 1101 1204 1139 medium
1223 1101 1446 1152 prodissetis
1466 1108 1507 1139 tu
1527 1110 1564 1139 et
1583 1102 1728 1154 Pytho-

284 1159 363 1196 cles
388 1159 627 1210 impudenter
646 1168 760 1211 atque
784 1162 1009 1208 immaniter,
1030 1176 1098 1212 per
1121 1163 1213 1200 deos
1242 1162 1473 1201 immortales
1494 1167 1502 1200 !
1523 1171 1561 1200 et
1585 1176 1645 1200 me
1667 1164 1727 1202 his

283 1219 375 1270 ipsis
392 1221 623 1266 criminibus,
636 1223 773 1272 quibus
791 1230 832 1260 tu
853 1236 967 1276 nunc,
986 1223 1268 1269 insimularetis,
1284 1230 1322 1260 et
1334 1223 1516 1261 conviciis
1532 1226 1726 1274 peteretis,

284 1287 393 1319 tanto
414 1282 525 1318 etiam
553 1282 779 1333 propensius
799 1296 859 1321 me
877 1283 1029 1321 creavit.
1072 1284 1239 1322 Causam
1268 1284 1337 1321 etsi
1365 1297 1435 1321 nec
1455 1284 1535 1334 ipse
1561 1285 1726 1334 ignoras,

283 1351 412 1379 tamen
432 1350 470 1380 et
488 1356 560 1394 ego
579 1344 647 1381 tibi
666 1344 805 1382 dicam.
853 1344 1066 1395 Utrumque
1097 1352 1280 1382 noverant
1303 1345 1376 1389 isti,
1408 1353 1447 1381 et
1475 1357 1597 1382 meam
1618 1344 1655 1381 in
1684 1341 1724 1382 se

280 1403 584 1442 benevolentiam
612 1417 811 1455 meamque
830 1405 868 1442 in
896 1406 1055 1455 agendis
1086 1407 1198 1443 rebus
1227 1405 1475 1450 alacritatem,
1504 1412 1542 1441 et
1562 1411 1726 1442 vestram

283 1463 538 1512 iniquitatem:
569 1478 656 1514 quae
692 1466 806 1510 enirn,
837 1466 924 1503 laeto
952 1479 1078 1502 rerum
1107 1472 1221 1510 statu,
1251 1465 1367 1512 jurati
1395 1465 1613 1514 negavistis,
1642 1465 1725 1503 haec

283 1522 418 1560 eadem
445 1525 510 1561 ubi
529 1524 742 1563 offenderat
768 1526 985 1575 respublica
1002 1526 1165 1576 professi
1187 1526 1292 1563 estis.
1343 1525 1419 1563 Eos
1448 1525 1578 1575 igitur,
1597 1526 1662 1575 qui
1686 1526 1725 1563 in

282 1585 474 1622 communi
503 1585 719 1623 calamitate
749 1587 993 1624 consiliorum
1020 1599 1172 1624 suorum
1203 1586 1466 1637 impunitatem
1490 1586 1723 1631 invenerant,

280 1645 415 1683 hostes
433 1645 586 1696 quidem
600 1647 681 1697 jam
701 1654 828 1692 antea,
849 1654 941 1685 tunc
956 1654 995 1685 et
1013 1647 1235 1684 manifestos
1252 1660 1334 1684 esse
1355 1647 1632 1685 existimarunt.
1666 1648 1725 1685 Si-

282 1707 437 1757 mulque
455 1707 656 1745 convenire
676 1709 845 1746 arbitrati
868 1716 969 1753 sunt,
992 1721 1079 1746 eum
1098 1708 1160 1758 qui
1181 1708 1229 1745 de
1249 1708 1406 1745 mortuis
1426 1708 1635 1745 orationem
1655 1708 1724 1746 ha-

280 1768 427 1807 biturus
445 1775 550 1807 esset
563 1782 768 1819 eorumque
782 1771 959 1807 virtutem
980 1770 1254 1814 celebraturus,
1275 1781 1398 1817 neque
1413 1769 1724 1806 contubernalem

281 1843 405 1879 neque
433 1829 656 1867 foederatum
678 1829 796 1867 fuisse
822 1830 866 1867 iis
886 1830 950 1879 qui
975 1829 1157 1866 adversus
1177 1829 1261 1866 illos
1290 1829 1477 1865 instructa
1504 1828 1583 1865 acie
1603 1828 1724 1879 depu-

281 1898 504 1941 gnaverant‚
519 1903 643 1940 neque
659 1903 745 1928 cum
756 1890 834 1928 illic
849 1890 1115 1929 comissaretur
1129 1890 1369 1940 hymnosque
1382 1896 1537 1926 caneret
1551 1891 1599 1927 ob
1612 1890 1724 1926 Grae-

280 1964 411 1989 corum
438 1951 568 1989 clades
594 1963 671 1988 una
689 1964 776 1988 cum
793 1951 885 2002 ipsis
915 1951 1031 1988 caedis
1053 1950 1320 2001 patratoribus,
1347 1949 1421 1986 huc
1439 1962 1631 1987 reversum
1656 1949 1723 1987 ho-

280 2026 371 2050 nore
398 2012 498 2050 affici
518 2018 704 2063 oportere,
726 2025 848 2062 neque
868 2012 1048 2050 simulata
1073 2024 1167 2049 voce
1193 2011 1339 2048 illorum
1359 2010 1552 2048 fortunam
1577 2010 1723 2048 lamen-

279 2073 363 2118 tari,
385 2073 453 2110 sed
473 2085 520 2110 ex
539 2073 667 2110 animo
683 2073 795 2110 simul
815 2071 958 2110 dolere.
989 2072 1076 2109 Hoc
1096 2078 1222 2109 autem
1241 2070 1422 2107 videbant
1438 2070 1475 2107 in
1491 2082 1532 2107 se
1553 2076 1666 2121 atque
1685 2071 1723 2108 in

279 2146 340 2171 me
361 2146 462 2178 esse,
489 2133 525 2169 in
545 2133 652 2171 vobis
672 2146 762 2170 vero
782 2133 945 2170 minime.
986 2133 1191 2183 Propterea
1210 2145 1269 2168 me
1288 2131 1525 2181 delegerunt,
1544 2144 1620 2168 non
1639 2144 1721 2169 vos.

281 2194 415 2244 Neque
435 2206 547 2244 porro
572 2193 624 2231 ita
642 2194 734 2231 fecit
752 2194 930 2245 populus,
951 2201 1187 2231 mortuorum
1208 2199 1335 2230 autem
1359 2198 1488 2242 patres
1514 2198 1626 2241 atque
1645 2192 1721 2229 fra-

280 2261 370 2300 tres,
391 2254 439 2292 ad
466 2255 581 2291 funus
599 2255 881 2305 procurandum
908 2268 931 2292 a
948 2255 1090 2305 populo
1117 2261 1209 2291 tunc
1231 2252 1355 2298 electi,
1379 2264 1505 2297 secus,
1536 2251 1603 2289 sed
1631 2265 1720 2289 cum

279 2316 370 2353 dare
386 2329 451 2353 eos
472 2323 664 2365 oporteret
681 2316 836 2366 epulum
850 2315 1058 2366 parentale,
1077 2315 1150 2352 hoc
1171 2314 1305 2364 ipsum,
1319 2319 1501 2362 tanquam
1517 2312 1620 2362 apud
1635 2325 1720 2350 eum

278 2377 341 2427 qui
372 2384 538 2413 mortuos
573 2389 720 2414 summa
745 2376 1030 2414 necessitudine
1051 2376 1268 2426 attingeret,
1295 2373 1615 2423 quemadmodum
1647 2374 1722 2412 alia

278 2437 358 2474 fieri
378 2438 514 2481 solent,
531 2437 633 2487 apud
652 2451 712 2474 me
731 2438 927 2474 fecerunt:
957 2450 1079 2487 neque
1101 2436 1248 2487 injuria.
1291 2434 1441 2472 Genere
1461 2435 1561 2472 enim
1581 2435 1721 2485 singuli

279 2497 436 2548 singulis
456 2504 566 2534 erant
590 2510 647 2533 me
665 2497 968 2547 propinquiores,
989 2496 1239 2534 communiter
1258 2502 1384 2532 autern
1405 2495 1588 2532 universis
1607 2508 1721 2534 nemo

278 2557 541 2609 conjunctior:
571 2569 658 2594 nam
680 2560 787 2605 cujus
812 2557 990 2594 intererat
1009 2557 1169 2594 maxime
1196 2556 1321 2594 salvos
1342 2569 1424 2593 esse
1455 2555 1539 2593 illos
1566 2568 1610 2593 ac
1635 2555 1717 2593 feli-

278 2619 372 2656 citer
392 2631 470 2655 rem
491 2631 632 2668 gerere,
653 2619 683 2654 is
704 2625 956 2668 posteaquam
973 2630 1018 2655 ea
1033 2617 1241 2662 subierunt,
1258 2631 1344 2667 quae
1361 2617 1505 2654 utinam
1524 2629 1717 2666 nunquam

280 2679 496 2724 subiissent,
517 2678 657 2715 doloris
677 2679 845 2715 omnium
866 2678 1018 2715 interitu
1040 2679 1206 2728 suscepti
1228 2685 1372 2728 partem
1397 2676 1597 2715 maximam
1618 2676 1715 2714 tulit.

281 2739 418 2777 Recita
436 2751 523 2777 vero
543 2739 602 2776 isti
616 2739 688 2776 hoc
708 2739 955 2789 epigramma,
975 2739 1076 2788 quod
1097 2740 1247 2789 publice
1268 2739 1310 2776 iis
1330 2738 1462 2776 civitas
1481 2737 1631 2775 inscribi
1652 2750 1715 2774 vo-

281 2800 372 2837 luit:
402 2808 444 2838 ut
462 2813 508 2838 ex
526 2799 598 2837 hoc
618 2800 729 2837 etiam
751 2799 954 2849 intelligas,
978 2800 1169 2847 AEschiue,
1190 2800 1358 2850 iniquum
1382 2811 1466 2837 esse
1492 2804 1529 2836 te
1548 2804 1587 2835 et
1606 2810 1715 2849 syco-

281 2861 461 2909 phantam
480 2868 518 2899 et
532 2860 749 2898 scelestum.
801 2859 949 2898 Recita.
