1923 3149
522 178 577 216 lN
608 175 916 214 ONETOREM
950 173 1104 213 UNDE
1133 172 1189 211 V1
1221 172 1274 210 11.
1546 173 1623 209 509

165 279 314 330 judicio
345 279 556 323 sustulisse,
581 285 700 317 testes
734 277 785 315 rei
817 288 958 328 gnaros
985 275 1090 313 vobis
1117 274 1323 313 adducam.
1381 271 1490 324 Cape
1518 271 1624 311 testi-

172 353 354 380 monium.

692 486 1097 527 TESTIMONIUM.

171 584 339 622 Constat
370 584 498 635 igitur,
530 596 617 621 eum
651 583 786 634 viginti
830 583 942 621 minis
974 583 1081 620 oedes
1115 581 1388 634 oppigneratas
1421 581 1627 627 indicasse,

169 645 358 696 praedium
379 646 540 692 talento,
568 652 608 683 et
637 645 748 696 quasi
774 645 976 695 octoginta
994 644 1119 682 minas
1139 642 1310 681 dedisset
1329 643 1628 681 controversiam

169 706 288 744 fuisse
307 707 512 745 facturum.
567 706 684 750 Quod
705 706 828 757 igitur
848 706 1136 744 mendaciorum
1165 705 1248 756 ejus
1268 703 1510 742 manifestius
1531 703 1628 740 indi-

168 768 268 805 cium
300 768 501 818 requiritis,
535 781 650 819 quam
681 767 786 818 quod
811 781 899 806 eum
932 780 1037 806 nunc
1071 766 1176 805 aliud
1202 778 1317 817 quam
1347 764 1453 803 initio
1488 764 1629 802 dixisse

168 828 343 866 constat?
371 828 470 867 Mihi
484 829 638 879 quidem
659 829 734 867 hoc
753 829 902 867 nullum
923 828 1076 867 videtur
1089 827 1250 866 inveniri
1270 839 1384 879 posse
1399 826 1628 865 evidentius.

224 891 260 927 3.
291 890 545 929 Considerate
564 890 680 942 igitur
700 890 867 929 hominis
887 890 1181 942 impudentiam,
1203 890 1268 941 qui
1288 889 1394 940 apud
1413 901 1483 927 vos
1503 888 1629 926 dicere

169 962 286 988 ausus
302 951 386 996 fuit,
407 965 448 990 se
469 958 615 1002 quanto
633 952 672 990 id
688 952 737 990 sit
757 952 874 1003 pluris
894 965 1009 1003 quam
1030 952 1179 998 talenti,
1196 963 1242 989 eo
1259 964 1320 988 me
1339 963 1418 988 non
1437 949 1630 994 fraudare,

169 1012 285 1062 idque
310 1025 398 1050 cum
427 1013 545 1064 ipsius
577 1013 831 1052 aestimatione
858 1026 934 1051 non
961 1014 1011 1051 sit
1034 1013 1170 1064 pluris.
1226 1011 1331 1056 Quid
1352 1010 1452 1048 enim
1473 1009 1541 1047 tibi
1563 1023 1628 1047 vo-

169 1072 273 1110 luisti
293 1086 381 1111 cum
403 1080 492 1112 ante
506 1074 640 1125 viginti
662 1075 776 1112 minis
797 1075 904 1112 aedes
917 1075 1189 1126 oppigneratas
1209 1086 1295 1110 esse
1315 1071 1520 1117 indicares,
1538 1071 1629 1108 dum

168 1135 366 1185 octoginta
384 1135 507 1172 minas
529 1135 702 1184 petebas,
724 1136 755 1172 si
777 1136 963 1184 praedium
990 1135 1101 1183 pretii
1131 1133 1286 1183 majoris
1305 1131 1390 1177 fuit,
1412 1145 1457 1171 ac
1485 1145 1564 1170 non
1591 1133 1629 1169 in

168 1208 214 1233 eo
233 1195 362 1246 potius
391 1194 507 1232 etiam
539 1193 606 1231 illa
635 1193 713 1232 duo
741 1193 860 1232 millia
884 1193 1155 1231 drachmarum
1176 1193 1404 1231 collocasti?
1447 1194 1508 1231 An
1527 1207 1630 1240 vero,

169 1269 258 1295 cum
279 1256 346 1295 tibi
366 1256 490 1294 visum
517 1254 632 1293 fuerit
650 1268 786 1293 omnes
812 1255 966 1306 Aphobi
994 1267 1088 1305 opes
1117 1255 1227 1302 tueri,
1256 1262 1348 1293 tune
1367 1255 1552 1306 praedium
1572 1263 1631 1293 ta-

167 1317 263 1354 lenti
282 1317 474 1355 duntaxat
490 1316 574 1359 erit‚
591 1323 630 1354 et
648 1315 752 1354 aedes
769 1315 923 1354 duobus
942 1315 1215 1353 drachmarum
1234 1315 1401 1354 millibus
1421 1315 1631 1354 aestimatas

168 1377 374 1429 adjunges,
405 1384 444 1416 et
472 1377 544 1415 dos
572 1377 772 1428 octoginta
800 1377 916 1414 minae
946 1384 1073 1423 erunt,
1093 1384 1132 1414 et
1161 1377 1332 1428 utrisque
1366 1377 1480 1428 potiri
1499 1377 1631 1415 voles:

167 1448 303 1478 contra
319 1439 386 1477 ubi
404 1439 473 1476 tibi
493 1439 593 1476 istuc
611 1451 688 1476 non
703 1438 898 1490 expediet,
916 1438 1034 1485 aedes,
1050 1437 1155 1489 quod
1170 1451 1245 1489 ego
1264 1451 1328 1476 eas
1343 1437 1481 1486 habeo,
1494 1439 1630 1476 talenti

168 1507 295 1545 erunt,
326 1499 364 1537 id
391 1513 480 1538 vero
509 1499 613 1551 quod
644 1500 692 1538 de
723 1499 871 1551 praedio
902 1506 1090 1550 superest,
1121 1512 1200 1537 non
1230 1499 1388 1538 minoris
1417 1500 1488 1537 erit
1517 1513 1629 1550 quam

168 1562 333 1601 duorum
352 1561 556 1609 talentum,
577 1568 619 1599 ut
637 1575 710 1613 ego
730 1562 917 1600 damnum
933 1560 997 1599 isti
1018 1561 1125 1608 dare,
1141 1575 1219 1600 non
1236 1561 1338 1599 affici
1358 1562 1407 1599 ab
1420 1574 1466 1599 eo
1482 1561 1629 1611 injuria,

167 1622 322 1661 videar?
364 1623 497 1670 Vides,
520 1630 561 1661 ut
592 1630 629 1661 te
659 1623 811 1662 dedisse
841 1623 974 1662 dotem
1004 1624 1175 1670 simules,
1205 1637 1250 1662 ac
1282 1632 1320 1662 te
1350 1624 1504 1662 dedisse
1523 1623 1633 1661 nulla

168 1697 325 1736 prorsus
346 1685 495 1723 ratione
516 1685 726 1737 appareat?
768 1686 848 1724 Res
870 1686 972 1724 enim
992 1699 1094 1724 verae
1113 1685 1297 1736 nullaque
1316 1685 1454 1723 fraude
1473 1685 1631 1723 concin-

168 1754 286 1794 natae,
305 1747 540 1799 simpliciter,
559 1754 604 1785 ut
622 1747 730 1787 initio
750 1755 873 1799 gestae
893 1754 996 1795 sunt,
1015 1748 1069 1786 ita
1087 1754 1272 1786 manent:
1303 1755 1347 1786 tu
1365 1760 1454 1785 vero
1475 1752 1631 1785 contra-

169 1808 266 1846 rium
286 1808 424 1847 secisse
444 1808 680 1847 convinceris
703 1809 752 1847 ad
773 1822 843 1847 nos
863 1809 901 1846 in
921 1808 1024 1848 illius
1040 1809 1203 1861 gratiam
1219 1808 1604 1848 circumscribendos.

223 1871 262 1906 4.
283 1869 372 1907 Jam
392 1883 440 1908 ex
459 1869 517 1907 his
532 1870 646 1921 quale
661 1870 943 1921 jusjurandum,
963 1870 995 1909 si
1018 1871 1105 1921 quis
1129 1871 1310 1918 deferret,
1326 1871 1486 1920 juraret,
1500 1869 1631 1908 videre

169 1936 228 1968 est
247 1943 374 1982 operae
394 1931 571 1982 pretium.
627 1931 704 1975 Qui
723 1933 825 1969 enim
850 1932 1052 1983 octoginta
1070 1932 1193 1970 minas
1214 1932 1310 1970 dixit
1328 1932 1459 1970 dotem
1480 1944 1580 1978 esse,
1601 1931 1633 1969 si

168 1991 255 2041 quis
275 1998 357 2029 tum
385 1992 419 2029 ei
449 1992 611 2042 largitus
641 1999 759 2042 esset,
788 2000 830 2030 ut
857 1993 950 2030 dato
969 1992 1222 2044 jurejurando
1243 2006 1282 2031 se
1303 2005 1395 2031 vera
1420 1993 1539 2043 loqui,
1566 2005 1631 2031 eas

171 2052 352 2100 auferret,
373 2052 558 2104 quidnam
590 2053 763 2091 facturus
795 2052 889 2090 suit?
935 2053 1076 2090 Nonne
1103 2059 1256 2091 constat
1283 2066 1371 2091 eum
1394 2053 1512 2092 fuisse
1544 2065 1632 2104 pro-

170 2116 403 2156 missurum?
451 2115 555 2159 Quid
575 2115 676 2153 enim
699 2115 818 2161 dicet,
849 2129 918 2154 cur
949 2128 990 2153 se
1024 2121 1105 2153 tum
1125 2115 1344 2166 juraturum
1363 2115 1481 2153 fuisse
1501 2120 1631 2166 neget,

170 2190 258 2215 cum
278 2190 381 2216 nunc
402 2184 478 2215 tam
498 2177 631 2228 iniqua
650 2176 848 2228 postulet?
898 2177 1165 2228 Pejeraturum
1191 2176 1307 2228 igitur
1334 2177 1468 2224 fuisse,
1489 2190 1530 2215 se
1548 2178 1631 2228 ipse

170 2238 298 2290 arguit
311 2252 320 2282 ;
334 2238 399 2289 qui
418 2251 521 2277 nunc
541 2233 620 2276 non
633 2238 832 2289 octoginta
846 2237 982 2284 minas,
1001 2238 1069 2276 sed
1083 2237 1273 2277 talentum
1287 2251 1328 2277 se
1344 2237 1498 2276 dedisse
1513 2238 1631 2276 dicat.

170 2300 248 2344 Qui
278 2300 402 2351 magis
420 2300 537 2351 igitur
559 2312 663 2345 eum,
687 2300 718 2338 si
739 2299 971 2351 conjecturis
992 2299 1186 2351 agendum
1207 2306 1279 2346 est,
1299 2299 1338 2337 in
1364 2298 1439 2337 illis
1458 2312 1573 2350 quam
1592 2298 1632 2336 in

169 2360 228 2398 his
245 2364 502 2412 pejeraturum
523 2360 780 2399 existimetis?
808 2359 889 2398 Aut
909 2360 1003 2412 quid
1023 2360 1071 2399 de
1091 2373 1138 2399 eo
1150 2362 1238 2409 jure
1258 2360 1387 2398 sentiri
1406 2365 1545 2412 potest,
1565 2358 1631 2410 qui

170 2421 252 2472 ipse
271 2434 312 2460 se
330 2422 487 2473 perjurii
506 2422 618 2460 facile
640 2421 888 2460 manifestum
906 2421 1025 2460 facit?

226 2484 263 2520 5.
289 2484 342 2520 At
360 2483 522 2522 fortasse
542 2496 620 2521 non
642 2484 695 2522 sic
715 2484 764 2521 ab
784 2496 830 2522 eo
852 2483 1121 2522 administrata
1139 2490 1231 2523 sunt
1248 2483 1347 2531 haec,
1362 2495 1436 2521 nec
1457 2481 1630 2534 undique

171 2551 393 2584 commenta
409 2545 492 2596 ejus
519 2546 680 2597 patent?
713 2545 790 2584 imo
815 2553 855 2584 et
881 2545 1036 2597 Aphobi
1059 2545 1206 2584 talento
1226 2545 1332 2583 litem
1350 2543 1570 2588 aestimavit,
1591 2551 1631 2581 et

170 2606 253 2658 ipse
271 2605 312 2644 id
331 2618 372 2644 se
391 2606 501 2644 nobis
520 2606 756 2646 redditurum
780 2606 1016 2658 spopondit?
1060 2605 1138 2645 Sed
1165 2606 1419 2652 considerate,
1445 2604 1520 2642 hoc
1547 2617 1630 2642 esse

171 2666 403 2712 testimonio,
431 2679 509 2705 non
538 2667 654 2706 modo
685 2667 886 2706 mulierem
919 2680 1004 2706 esse
1037 2667 1193 2719 Aphobi
1222 2665 1553 2706 matremfamilias
1592 2673 1632 2704 et

173 2729 290 2767 istum
308 2728 343 2766 ei
361 2729 460 2767 bene
480 2741 637 2780 cupere,
657 2729 728 2767 sed
742 2729 872 2768 dotem
893 2729 1008 2768 etiam
1028 2742 1106 2767 non
1123 2742 1208 2767 esse
1228 2733 1482 2766 numeratam.
1532 2726 1630 2770 Quis

174 2790 275 2830 enim
293 2789 491 2828 hominum
509 2790 563 2829 ita
582 2790 724 2829 stultus
746 2797 818 2837 est,
845 2791 910 2841 qui
935 2797 1044 2829 tanta
1068 2790 1235 2841 pecunia
1253 2789 1359 2835 data,
1376 2795 1465 2840 post
1484 2788 1630 2839 praedio

175 2859 423 2890 controverso
455 2864 525 2903 pro
551 2851 711 2903 pignore
745 2859 919 2903 accepto,
940 2858 1077 2903 praeter
1104 2863 1150 2889 ea
1177 2850 1319 2889 damna
1337 2863 1423 2902 quae
1442 2849 1547 2902 prius
1573 2848 1629 2886 fe-

175 2912 282 2960 cerit,
302 2925 371 2965 pro
391 2912 613 2964 injuriarum
639 2919 811 2961 auctore,
832 2920 1014 2964 tanquam
1035 2924 1102 2963 pro
1122 2912 1221 2962 bene
1242 2911 1392 2959 merito,
1415 2924 1456 2951 se
1477 2910 1627 2963 judica·
