1923 3149
659 157 1080 197 ARGUMENTUM.
1550 157 1601 194 99

136 263 205 298 ,nin
210 262 397 308 funestum
414 261 645 308 portendebat.
694 260 942 296 Demosthenes
955 260 1083 294 idcirco
1094 259 1286 305 plurimum
1305 272 1424 295 eornm
1439 261 1600 295 interesse

138 324 321 356 monstrat,
338 317 463 351 hostem
478 317 604 359 arceri,
620 317 702 363 jam
725 315 823 362 quasi
845 315 958 359 portis
981 313 1323 359 appropinquantem.
1374 315 1465 349 Haec
1483 315 1599 360 itaque

137 373 250 407 oratio
261 374 297 407 in
310 374 439 407 duabus
452 374 550 407 rebus
562 374 709 407 vertitur
719 371 916 417 prm-ipae:
944 376 980 402 ut
999 369 1127 403 ,Euboea
1143 368 1178 401 in
1196 369 1387 402 liam-tatem
1400 377 1575 404 asseratur
1587 384 1598 408 ‚-

137 435 170 463 ει
186 435 224 462 ‘ut
243 429 435 463 Perinthus
455 429 611 474 Byzauti
616 439 747 473 umque,
766 438 852 472 quas
869 425 966 459 urbes
983 431 1054 458 tum
1068 436 1271 469 oppugnare
1284 424 1444 469 parabat,
1460 432 1492 458 et
1506 425 1599 459 breui

137 494 258 517 revera
275 495 462 529 aggressus
478 490 526 517 esc
543 483 740 528 Philippus,
767 486 1063 515 conservarentur.
1114 479 1288 517 Quoniam
1307 490 1385 512 vero
1402 480 1550 513 civitatis
1562 481 1602 514 in

137 550 173 572 se
190 538 420 572 dissentientis
433 538 522 571 vires
544 537 640 571 bellis
661 536 812 571 externis
834 536 990 579 sufficere
1006 539 1189 579 nequeunt,
1207 533 1453 567 Demosthenes
1476 534 1599 568 civium
1653 572 1656 575 Δ

138 593 270 626 animos
288 592 431 638 placare
447 598 603 633 conatur,
628 597 659 625 et
681 591 803 624 divites
822 601 1058 635 pauperesque
1073 588 1213 633 (quibus
1229 589 1269 622 de
1280 588 1438 633 pecunice
1452 588 1598 633 publicoe

135 647 296 682 divisione
312 647 575 692 haudquaquam
592 645 830 690 conveniebat)
855 645 892 678 in
913 645 1066 689 qratiam
1087 643 1322 677 rec-omiliare.
1371 643 1598 689 Lag-ationem

137 703 258 737 deinde
273 703 366 736 mitti
372 702 485 748 jubet,
513 714 588 747 quoe
606 702 700 748 apud
715 701 851 747 Regem
875 701 916 735 de
934 701 1073 746 findere
1089 700 1236 734 ineundo
1253 706 1349 745 agat.
1399 700 1598 740 Postremo,

135 756 240 790 etiam
255 764 352 802 atque
365 756 467 790 etiam
473 756 629 801 flagyitaig
642 763 678 790 ut
697 755 966 790 exterminentur
979 755 1196 801 proditores;
1219 765 1302 799 quos
1315 765 1431 787 omnes
1447 754 1598 799 affatur,

135 810 340 844 nominatim
363 809 620 844 Aristodemum
642 809 856 856 compellans.
907 809 1029 855 Neque
1051 808 1165 842 inanis
1178 807 1259 853 ficit
1277 808 1445 853 fulminis
1469 809 1600 843 Demo-

131 866 277 901 sthenici
290 866 454 913 impetus.-
467 865 692 900 Athenienses
701 866 825 900 etenim
835 866 1002 905 commoti,
1013 865 1138 910 copias,
1152 863 1343 898 Phocionis
1353 864 1469 907 ductu,
1484 864 1600 899 Thra-

135 922 223 956 ciam
247 922 382 956 mittere
402 928 649 967 properarunt.
699 921 757 956 Ibi
783 923 852 956 dux
869 921 925 956 ille
951 920 1142 967 praelarus
1169 927 1313 955 veterem
1336 932 1433 954 suam
1447 920 1598 965 yloriam

135 976 321 1022 superavit.
371 976 571 1022 Byzantini
597 976 766 1010 obsidione
787 977 910 1022 pressi,
936 983 1069 1021 portas,
1092 987 1177 1021 quas
1202 974 1346 1009 Chai-eti
1373 976 1599 1019 occluserant,

137 1029 220 1076 (qui
233 1030 333 1076 prius
349 1031 537 1065 exercitum
563 1032 732 1076 duaeerat)
750 1031 782 1064 ei
795 1032 911 1065 statim
928 1042 1094 1075 aperuere
1110 1044 1120 1065 .·
1147 1030 1243 1075 isque
1261 1029 1467 1065 obsidionem
1483 1031 1597 1072 solvit,

136 1084 408 1131 Philippumque
419 1085 645 1127 vulneratum,
664 1098 804 1120 suorum
821 1086 938 1121 multis
962 1085 1109 1125 amissis,
1126 1086 1302 1119 absc-edere
1318 1087 1441 1132 coegit.
1487 1086 1601 1121 Coete-

136 1152 213 1174 rum
234 1140 343 1184 plura
369 1139 424 1173 hic
445 1152 636 1178 occurrere,
655 1152 730 1185 quae
753 1147 784 1174 el
801 1141 838 1175 in
860 1139 1039 1186 prioribus
1062 1140 1154 1173 dicta
1170 1147 1261 1179 suut,
1285 1141 1532 1175 animadvertet
1553 1141 1598 1175 le-

130 1201 219 1229 ctor.
248 1193 360 1239 Atqui
371 1206 444 1227 cum
460 1194 533 1229 haec
548 1195 659 1229 oratio
674 1195 712 1228 in
728 1196 872 1229 materia
883 1202 1052 1235 versatur,
1068 1201 1141 1228 octo
1152 1195 1422 1240 proecedentibus
1435 1196 1598 1231 exhausta

125 1249 208 1295 jam
219 1260 327 1295 prope
338 1255 375 1282 et
390 1249 555 1294 confecta,
573 1249 784 1294 necessefuit
794 1251 1039 1295 quodammodo
1057 1250 1172 1283 eadem
1188 1261 1278 1282 nunc
1296 1256 1449 1295 repetere
1461 1264 1473 1290 ,-
1490 1264 1598 1297 neque

133 1303 174 1338 id
188 1304 419 1338 damnandum
435 1303 579 1338 videtur.
630 1304 829 1343 Quinetiam
850 1305 1023 1350 prioribus
1048 1304 1242 1338 coronidem
1266 1304 1412 1349 imponit
1437 1305 1507 1339 hoec
1519 1319 1597 1341 ora-

134 1358 195 1400 tio,
211 1358 310 1404 quusi
327 1370 446 1392 earum
470 1358 637 1405 epilogus.
688 1359 844 1393 Revocat
859 1360 975 1404 itaque
993 1365 1113 1392 orator
1129 1366 1343 1402 aryumenta,
1358 1360 1480 1405 quibus
1495 1368 1596 1395 antea

133 1426 217 1449 usus
231 1421 301 1448 est:
326 1414 491 1449 revocatis
505 1421 618 1449 autem
634 1427 754 1450 novam
780 1416 850 1450 vim
876 1415 1048 1457 conciliat,
1067 1421 1140 1449 tum
1160 1413 1377 1450 collocatione
1394 1416 1595 1462 artificiosa,

132 1475 208 1504 tum
218 1469 379 1516 pluribus
394 1480 469 1515 quae
486 1471 650 1506 accedunt
665 1470 771 1506 novis,

527 1636 1190 1658 m

251 1768 456 1807 LIBANII
487 1767 893 1806 ARGUMENTUM
925 1767 982 1804 IN
1013 1767 1376 1807 PHILIPPICAM
1408 1770 1475 1806 IV.

175 1866 268 1896 IDEM
289 1868 320 1894 et
335 1863 426 1903 hujus
440 1863 587 1894 orationis
603 1867 813 1903 argumentum
838 1866 895 1898 est,
912 1864 995 1904 quod
1022 1864 1227 1903 praecedentis
1243 1875 1251 1902 ;
1273 1875 1368 1904 neque
1384 1864 1543 1904 quicquam
1561 1865 1593 1895 iu

132 1928 169 1948 ea
181 1917 259 1946 inest
274 1915 404 1955 amplius
421 1919 473 1945 aut
489 1915 656 1954 peculiare,
673 1920 785 1955 praeler
800 1914 881 1944 illam
900 1915 938 1944 de
961 1916 1124 1945 concordia
1140 1916 1287 1946 rationem
1301 1928 1307 1946 ;
1329 1927 1397 1946 cnm
1417 1918 1495 1946 enim
1512 1917 1593 1946 divi-

131 1975 179 1999 tes
192 1979 209 1998 a
225 1967 411 2007 pauperibus
428 1967 617 2002 dissentiant,
630 1967 855 1996 Demosthenes
870 1966 976 1995 sedare
992 1972 1120 1997 conatur
1134 1967 1331 2003 discordiam,
1349 1968 1433 2007 plebi
1447 1968 1591 2004 suadens,

132 2030 190 2050 nou
206 2029 274 2048 esse
290 2018 473 2057 publicanda
487 2018 675 2057 locupletum
691 2018 787 2053 bona3
810 2017 975 2057 opulentis,
991 2028 1048 2047 non
1066 2029 1133 2047 esse
1156 2018 1352 2048 invidendam
1369 2019 1511 2058 inopibus
1533 2030 1591 2058 pu-

131 2070 240 2100 blicam
249 2069 452 2108 largitionem.
483 2069 597 2099 Suadet
609 2069 700 2098 etiam
717 2068 966 2104 Atheniensibus,
982 2074 1016 2098 at
1032 2071 1069 2099 ad
1088 2070 1253 2100 Persarum
1270 2080 1375 2110 regem
1390 2070 1429 2099 de
1444 2070 1590 2101 societate

130 2122 250 2162 legatos
262 2120 392 2151 mittant.

566 2384 1147 2473 DEMOSTHENIS

538 2547 1041 2595 PHILIPPICA
1084 2547 1169 2594 IV.

187 2673 220 2708 1.
250 2669 352 2708 CUM
374 2675 412 2706 et
435 2671 612 2719 gravibus
638 2684 720 2717 vos,
744 2671 1015 2717 Athenienses,
1041 2678 1080 2709 et
1106 2672 1330 2723 reipublicae
1362 2672 1584 2710 necessariis

130 2733 178 2770 de
197 2732 311 2769 rebus
331 2729 543 2768 deliberare
561 2739 707 2782 putem,
734 2745 889 2783 operam
907 2733 1008 2770 dabo
1028 2740 1071 2770 ut
1097 2746 1142 2770 ea
1155 2734 1294 2779 dicam,
1323 2747 1410 2784 quae
1431 2746 1451 2770 e
1471 2747 1584 2784 repu-

127 2794 230 2831 blica
244 2805 329 2830 esse
346 2791 524 2829 arbitror:
545 2805 765 2843 quanquam
779 2801 905 2831 autem
922 2801 1085 2844 peccata
1100 2808 1174 2832 non
1191 2807 1318 2845 pauca
1337 2800 1440 2839 sunt,
1460 2808 1586 2846 neque

127 2866 244 2905 parvo
260 2860 428 2904 tempore
449 2853 657 2898 cumulata,
676 2867 743 2904 per
766 2867 852 2905 quae
876 2855 914 2892 in
942 2855 1023 2892 haec
1044 2856 1146 2893 mala
1175 2855 1391 2900 incidimus,
1411 2855 1502 2893 nihil
1525 2863 1584 2894 ta-

129 2928 214 2953 men
234 2914 400 2953 omnium
426 2920 497 2958 est,
524 2914 791 2960 Athenienses,
819 2915 857 2953 in
884 2916 1090 2966 praesentia
1115 2915 1321 2961 difficilius,
1341 2930 1453 2968 qnam
1479 2918 1584 2968 quod
