1923 3149
306 172 376 208 108
825 175 1132 215 PHILIPPICA
1164 177 1231 215 [V.

303 285 391 310 cum
424 273 556 320 Oritis,
585 274 767 315 militibus
798 278 833 315 in
863 292 993 317 eorum
1027 292 1119 329 agro
1151 280 1415 317 versantibus:
1446 293 1519 318 nec
1548 286 1636 318 ante
1663 292 1751 318 cum

304 332 489 379 Pheraeis,
521 336 741 387 priusquam
762 339 796 375 in
817 341 955 377 moenia
974 340 1115 378 faceret
1144 341 1349 392 impetum:
1387 355 1458 379 nec
1480 343 1642 392 primum
1665 353 1751 378 cum

306 393 516 446 Olynthiis,
536 397 660 437 donec
692 400 730 437 in
749 400 917 451 ipsorum
947 416 1038 453 agro
1057 416 1145 441 cum
1174 405 1343 441 exercitu
1369 404 1538 442 adesset.
1587 406 1651 442 An
1671 411 1752 441 tum

305 469 456 507 quoque
477 471 560 506 eos,
579 460 644 510 qui
662 461 737 499 vim
758 464 978 513 propulsare
992 465 1146 515 jubent,
1174 466 1366 503 concitare
1383 465 1528 502 bellum
1553 463 1754 503 dicamus?

306 515 394 555 Hoc
413 518 528 569 igitur
546 529 605 560 est
624 522 824 573 reliquum,
844 531 887 562 ut
910 526 1117 564 serviamus
1133 540 1141 564 :
1171 539 1242 564 nec
1257 526 1356 564 enim
1376 526 1580 575 quicquam
1601 532 1660 563 est
1678 533 1754 563 ter-

304 578 411 617 tium.
469 581 700 633 Quanquam
729 598 806 622 non
835 586 913 635 pari
932 599 999 624 vos
1030 600 1118 625 cum
1147 588 1293 625 caeteris
1321 587 1492 638 periculo
1521 586 1751 624 decertatis:

303 653 383 678 non
402 642 502 680 enim
529 643 687 694 imperio
707 658 777 683 suo
801 647 993 685 civitatem
1019 648 1205 699 subjicere
1223 648 1306 686 vult
1336 648 1536 698 Philippus
1567 655 1754 696 nostram,

305 713 405 746 non;
435 704 504 741 sed
523 706 674 755 penitus
700 708 952 746 exscindere:
983 710 1075 746 satis
1104 710 1205 746 enim
1226 710 1419 760 intelligit,
1439 709 1577 746 servire
1597 721 1664 746 vos
1686 722 1753 746 ne—

306 775 382 813 que
401 764 513 811 velle,
542 779 666 816 neque
697 767 728 804 si
747 768 884 813 velitis,
904 781 1036 819 posse;
1066 782 1153 806 nam
1177 770 1361 820 imperare
1381 770 1655 807 consuevistis:
1689 783 1754 807 ne-

308 825 413 874 gotia
430 839 520 864 vero
539 828 574 864 ei
592 827 798 874 facessere,
821 829 853 867 si
875 830 984 867 detur
1004 830 1169 875 occasio,
1189 843 1304 880 posse
1320 831 1433 881 plura
1456 844 1570 881 quam
1590 831 1755 882 reliquos

304 884 481 925 homines
506 887 702 927 universos
723 903 731 927 ε
762 897 994 942 quapropter
1014 891 1119 929 vobis
1148 904 1225 928 non
1246 899 1390 942 parcet,
1412 892 1443 930 si
1465 905 1590 931 rerum
1609 893 1754 943 potitus

307 945 433 986 fuerit.

365 1009 426 1046 16.
457 1009 624 1051 Proinde
644 1014 754 1064 quasi
786 1014 834 1053 de
854 1029 1002 1053 summa
1026 1029 1152 1054 rerum
1181 1016 1312 1055 essetis
1338 1015 1586 1061 decertaturi,
1615 1016 1669 1052 ita
1686 1027 1755 1053 vos

307 1076 458 1120 oportet
482 1083 568 1110 esse
600 1075 734 1112 animis
761 1075 935 1123 affectos,
955 1077 1097 1128 quique
1127 1091 1166 1116 se
1198 1078 1251 1115 illi
1273 1084 1402 1128 aperte
1424 1077 1694 1122 vendiderunt,
1718 1083 1759 1114 et

307 1130 397 1168 odio
415 1135 672 1183 prosequendi
690 1142 729 1174 et
756 1137 795 1174 in
813 1138 1022 1176 cruciatum
1046 1139 1257 1190 abripiendi
1290 1146 1403 1176 sunt:
1433 1151 1512 1176 non
1538 1139 1637 1176 enim
1664 1138 1757 1184 fieri,

307 1204 386 1228 non
407 1193 487 1230 fieri
506 1202 647 1244 potest,
667 1203 710 1235 ut
727 1199 878 1236 externi
896 1199 1030 1237 hostes
1052 1206 1292 1250 superentur,
1310 1200 1382 1236 nisi
1402 1199 1506 1249 prius
1526 1198 1758 1236 domesticos

307 1252 441 1292 hostes
453 1256 674 1306 punieritis;
705 1260 775 1297 sed
794 1273 953 1298 necesse
973 1267 1046 1306 est,
1065 1260 1155 1298 dum
1175 1261 1213 1297 in
1227 1261 1296 1298 hos
1317 1268 1499 1311 tanquam
1519 1260 1557 1296 in
1577 1259 1758 1309 scopulos

309 1313 532 1367 impingitis,
562 1326 606 1356 ut
624 1319 696 1359 illis
717 1321 797 1359 sitis
815 1322 1070 1372 posteriores:
1101 1322 1240 1359 etenim
1270 1335 1338 1359 cur
1365 1334 1454 1359 eum
1482 1321 1535 1358 ita
1563 1326 1759 1357 contume-

308 1375 405 1414 liose
436 1379 545 1417 vobis
582 1379 767 1421 insultare
799 1396 900 1421 nunc
928 1384 1096 1434 putatis;
1138 1383 1230 1420 nihil
1259 1383 1361 1420 enim
1391 1382 1495 1420 aliud
1524 1394 1639 1431 agere
1668 1380 1761 1418 mihi

309 1438 464 1486 quidem
489 1441 641 1480 videtur
671 1444 743 1481 nisi
771 1444 860 1491 hoc,
881 1451 921 1482 et
947 1458 1034 1483 curn
1057 1445 1150 1482 alios
1170 1444 1459 1489 benefaciendo,
1485 1443 1515 1480 si
1541 1456 1618 1480 non
1641 1442 1759 1487 aliud,

309 1498 444 1537 saltem
466 1503 640 1549 seducat,
659 1505 767 1543 vobis
780 1508 860 1553 jam
881 1506 995 1544 etiam
1024 1506 1198 1544 minitari.
1244 1506 1372 1543 Veluti
1400 1505 1606 1542 Thessalos
1632 1504 1760 1542 multis

307 1559 504 1600 beneficiis
534 1564 693 1614 pellexit
718 1565 756 1602 in
788 1566 889 1605 hanc
920 1568 1164 1605 servitutem:
1205 1580 1331 1617 neque
1363 1566 1528 1604 dicendo
1558 1565 1761 1615 quisquam

309 1622 496 1672 consequi
513 1625 651 1674 possit,
675 1639 788 1676 quam
819 1628 949 1665 multis
968 1630 1081 1666 rebus
1106 1627 1265 1665 miseros
1296 1627 1514 1678 Olynthios,
1544 1626 1636 1663 data
1655 1626 1761 1676 prius

311 1680 500 1729 Potidaea,
519 1684 724 1736 multisque
745 1687 842 1734 aliis,
863 1688 1083 1739 deceperit:
1113 1688 1314 1726 Thebanos
1334 1701 1437 1725 nunc
1458 1687 1682 1738 subjugum
1705 1686 1761 1724 al-

310 1740 404 1787 licit,
425 1744 566 1782 tradita
583 1746 638 1783 eis
663 1747 827 1790 Boeotia,
849 1756 1103 1799 posteaquam
1124 1761 1190 1786 eos
1219 1762 1358 1798 magno
1385 1749 1565 1799 gravique
1589 1748 1691 1786 bello
1716 1749 1762 1786 li-

309 1803 482 1842 beravit:
512 1805 642 1856 itaque
672 1807 711 1845 hi
736 1821 882 1853 omnes,
912 1809 1004 1846 dum
1034 1809 1160 1858 aliqua
1185 1809 1455 1847 commoditate
1480 1809 1671 1855 fruuntur,
1699 1809 1762 1847 alii

305 1863 388 1913 jam
402 1867 574 1915 perpessi
593 1880 638 1904 ea
656 1875 759 1913 sunt,
781 1883 868 1920 quae
888 1882 1021 1907 omnes
1041 1876 1204 1912 norunt;
1235 1869 1296 1906 alii
1317 1869 1452 1914 ferent,
1474 1870 1653 1921 quicquid
1675 1878 1762 1908 tan-

314 1925 402 1962 dem
422 1927 647 1978 contigerit:
678 1938 718 1968 at
736 1944 818 1977 vos,
838 1945 924 1982 quae
946 1932 1140 1977 amisistis,
1158 1938 1268 1969 taceo
1285 1945 1294 1974 ;
1327 1931 1395 1968 sed
1423 1932 1461 1968 in
1480 1932 1565 1982 ipsa
1582 1933 1763 1982 pacifica-

312 1987 430 2033 tione,
447 1990 596 2039 quoties
616 1990 796 2043 decepti?
825 2006 938 2043 quam
958 1993 1087 2030 multis
1107 1992 1256 2043 spoliati
1276 1993 1396 2030 estis?
1426 1993 1565 2031 Nonne
1585 1993 1762 2032 Phocen-

314 2048 446 2086 sibus?
474 2063 602 2089 nonne
623 2051 729 2103 Pylis
748 2053 764 2090 ’ξ
792 2067 922 2092 nonne
940 2054 1127 2092 Thracia?
1158 2054 1336 2100 Dorisco,
1352 2055 1492 2100 Serrio,
1513 2055 1763 2107 Cersoblepte

313 2110 420 2160 ipso?
449 2125 577 2151 nonne
595 2114 773 2153 Cardiam
790 2130 891 2154 nunc
904 2117 1022 2154 habet
1036 2125 1074 2154 et
1092 2117 1294 2154 confitetur
1310 2117 1324 2153 7.
1355 2118 1434 2154 Cur
1454 2118 1567 2167 igitur
1587 2131 1633 2155 eo
1647 2118 1763 2157 modo

316 2185 403 2209 cum
419 2173 494 2210 illis
515 2181 553 2211 et
572 2175 646 2213 alia
662 2177 808 2215 ratione
822 2178 1020 2216 vobiscum
1040 2178 1144 2228 agit?
1174 2178 1290 2220 Quod
1305 2178 1342 2215 in
1361 2179 1432 2216 hac
1446 2192 1523 2216 una
1537 2187 1763 2218 cunctarum

315 2233 478 2279 urbium,
505 2235 661 2286 impune
682 2238 847 2277 hostium
866 2253 994 2277 causae
1015 2240 1245 2290 patrocinari
1264 2240 1376 2283 licet:
1408 2253 1452 2277 ac
1481 2241 1512 2277 si
1538 2240 1624 2290 quis
1644 2254 1762 2292 pecu-

315 2294 419 2333 niam
439 2297 600 2347 accepit,
630 2300 885 2339 concionandi
905 2308 1136 2353 potestatem
1157 2302 1237 2352 ipse
1270 2302 1396 2346 habet,
1426 2302 1573 2340 etiamsi
1601 2316 1669 2341 vos
1696 2316 1765 2341 ve-

316 2356 404 2394 stris
425 2357 562 2407 opibus
582 2360 735 2411 spoliati
765 2362 870 2401 estis.
917 2362 1006 2399 Non
1031 2369 1156 2400 tutum
1187 2363 1260 2400 fuit
1278 2362 1439 2414 Olynthi
1471 2376 1628 2401 causam
1648 2377 1764 2415 agere

317 2417 497 2469 Philippi,
538 2421 660 2459 donec
694 2424 860 2473 populus
903 2424 1169 2475 Olynthiorum
1198 2424 1308 2461 simul
1342 2425 1523 2463 delinitus
1556 2433 1661 2464 esset
1698 2427 1765 2466 illo

317 2480 468 2518 traditae
498 2482 681 2521 Potidaeae
705 2485 903 2523 beneficio.
952 2484 1041 2522 Non
1059 2492 1184 2521 tutum
1215 2485 1287 2522 fuit
1310 2485 1347 2522 in
1368 2485 1571 2524 Thessalia
1598 2487 1766 2540 Philippi

317 2554 474 2580 causam
488 2556 614 2593 agere,
630 2545 753 2582 donec
767 2545 969 2583 multitudo
984 2545 1253 2583 Thessalorum
1272 2547 1447 2584 beneficii
1466 2554 1612 2597 partem
1632 2561 1765 2599 perce-

318 2602 452 2652 pisset,
463 2605 592 2655 ejectis
609 2618 632 2642 a
645 2606 835 2656 Philippo,
850 2607 1017 2657 ipsorum
1035 2619 1166 2652 causa,
1182 2608 1366 2658 tyrannis,
1379 2616 1418 2646 et
1434 2608 1566 2659 Pylaea
1578 2609 1764 2647 restituta.

319 2663 411 2701 Non
431 2664 502 2702 suit
517 2666 656 2704 Thebis
682 2673 822 2713 tutum,
851 2674 938 2705 ante
958 2667 1146 2705 redditam
1169 2668 1372 2714 Boeotiam,
1399 2677 1438 2707 ct
1458 2669 1678 2708 Phocenses
1696 2671 1764 2709 de-

319 2725 434 2763 letos.
464 2726 606 2765 Verum
625 2728 802 2773 Athenis,
815 2741 902 2765 cum
924 2742 999 2767 non
1020 2728 1134 2766 modo
1155 2730 1410 2781 Amphipolim
1429 2737 1468 2768 et
1488 2730 1764 2769 Cardianorum

322 2787 516 2837 regionem
546 2788 744 2839 Philippus
767 2790 956 2840 cripuerit,
978 2789 1047 2827 sed
1068 2797 1106 2827 ct
1135 2790 1318 2828 Euboeam
1339 2798 1474 2829 contra
1493 2805 1561 2829 nos
1581 2798 1763 2841 tanquam

322 2860 446 2889 ,arcem
478 2850 666 2897 munierit,
687 2857 726 2890 et
745 2863 845 2889 nunc
866 2850 915 2888 ad
944 2850 1167 2902 135zantium
1196 2852 1372 2898 accedat,
1401 2859 1524 2891 tutum
1552 2859 1611 2891 est
1639 2852 1765 2891 dicere
