<?xml version="1.0" encoding="UTF-8"?>
<!DOCTYPE html PUBLIC "-//W3C//DTD XHTML 1.0 Transitional//EN"
    "http://www.w3.org/TR/xhtml1/DTD/xhtml1-transitional.dtd">
<html xmlns="http://www.w3.org/1999/xhtml" xml:lang="en" lang="en">
 <head>
  <title>
</title>
<meta http-equiv="Content-Type" content="text/html;charset=utf-8" />
  <meta name='ocr-system' content='tesseract 3.04.00' />
  <meta name='ocr-capabilities' content='ocr_page ocr_carea ocr_par ocr_line ocrx_word'/>
</head>
<body>
  <div class='ocr_page' id='page_1' title='image "./oratoresatticie15dobs_0308.png"; bbox 0 0 1923 3149; ppageno 0'>
   <div class='ocr_carea' id='block_1_1' title="bbox 268 211 1274 256">
    <p class='ocr_par' dir='ltr' id='par_1_1' title="bbox 268 211 1274 256">
     <span class='ocr_line' id='line_1_1' title="bbox 268 211 1274 256; baseline 0 -4"><span class='ocrx_word' id='word_1_1' title='bbox 268 215 343 253; x_wconf 77' lang='lat'>292</span> <span class='ocrx_word' id='word_1_2' title='bbox 668 216 954 256; x_wconf 86' lang='lat' dir='ltr'>ADVERSUS</span> <span class='ocrx_word' id='word_1_3' title='bbox 984 211 1274 254; x_wconf 86' lang='lat' dir='ltr'><strong>LEPTINEM.</strong></span> 
     </span>
    </p>
   </div>
   <div class='ocr_carea' id='block_1_2' title="bbox 269 313 1739 1957">
    <p class='ocr_par' dir='ltr' id='par_1_2' title="bbox 269 313 1739 1957">
     <span class='ocr_line' id='line_1_2' title="bbox 269 313 1720 370; baseline 0.002 -18"><span class='ocrx_word' id='word_1_4' title='bbox 269 317 386 353; x_wconf 88' lang='lat' dir='ltr'>tantis</span> <span class='ocrx_word' id='word_1_5' title='bbox 406 317 643 368; x_wconf 85' lang='lat' dir='ltr'><strong>temporibus</strong></span> <span class='ocrx_word' id='word_1_6' title='bbox 659 317 772 356; x_wconf 83' lang='lat' dir='ltr'>utiles</span> <span class='ocrx_word' id='word_1_7' title='bbox 791 319 1051 370; x_wconf 78' lang='lat' dir='ltr'>praebuerunt,</span> <span class='ocrx_word' id='word_1_8' title='bbox 1068 317 1199 368; x_wconf 84' lang='lat' dir='ltr'>qualia</span> <span class='ocrx_word' id='word_1_9' title='bbox 1215 316 1332 370; x_wconf 86' lang='lat' dir='ltr'>paulo</span> <span class='ocrx_word' id='word_1_10' title='bbox 1351 324 1440 355; x_wconf 84' lang='lat' dir='ltr'>ante</span> <span class='ocrx_word' id='word_1_11' title='bbox 1461 313 1642 355; x_wconf 81' lang='lat' dir='ltr'>Phormio</span> <span class='ocrx_word' id='word_1_12' title='bbox 1662 327 1720 355; x_wconf 85' lang='lat' dir='ltr'>re·</span> 
     </span>
     <span class='ocr_line' id='line_1_3' title="bbox 270 377 1719 430; baseline 0.002 -17"><span class='ocrx_word' id='word_1_13' title='bbox 270 377 432 423; x_wconf 89' lang='lat' dir='ltr'>censuit,</span> <span class='ocrx_word' id='word_1_14' title='bbox 450 387 489 416; x_wconf 88' lang='lat' dir='ltr'>et</span> <span class='ocrx_word' id='word_1_15' title='bbox 504 391 577 430; x_wconf 88' lang='lat' dir='ltr'>ego</span> <span class='ocrx_word' id='word_1_16' title='bbox 597 379 713 418; x_wconf 88' lang='lat' dir='ltr'>modo</span> <span class='ocrx_word' id='word_1_17' title='bbox 731 380 829 424; x_wconf 85' lang='lat' dir='ltr'>dixi;</span> <span class='ocrx_word' id='word_1_18' title='bbox 860 380 927 418; x_wconf 90' lang='lat' dir='ltr'>sed</span> <span class='ocrx_word' id='word_1_19' title='bbox 948 380 1058 417; x_wconf 90' lang='lat' dir='ltr'>multi</span> <span class='ocrx_word' id='word_1_20' title='bbox 1077 380 1194 418; x_wconf 89' lang='lat' dir='ltr'>etiam</span> <span class='ocrx_word' id='word_1_21' title='bbox 1215 379 1293 430; x_wconf 83' lang='lat' dir='ltr'>alii,</span> <span class='ocrx_word' id='word_1_22' title='bbox 1320 378 1384 429; x_wconf 93' lang='lat' dir='ltr'>qui</span> <span class='ocrx_word' id='word_1_23' title='bbox 1407 384 1507 416; x_wconf 86' lang='lat' dir='ltr'>totas</span> <span class='ocrx_word' id='word_1_24' title='bbox 1530 378 1719 423; x_wconf 83' lang='lat' dir='ltr'>civitates,</span> 
     </span>
     <span class='ocr_line' id='line_1_4' title="bbox 270 439 1722 491; baseline 0.001 -16"><span class='ocrx_word' id='word_1_25' title='bbox 270 439 413 487; x_wconf 87' lang='lat' dir='ltr'>patrias</span> <span class='ocrx_word' id='word_1_26' title='bbox 430 452 531 486; x_wconf 87' lang='lat' dir='ltr'>suas,</span> <span class='ocrx_word' id='word_1_27' title='bbox 551 440 748 480; x_wconf 85' lang='lat' dir='ltr'>Laconico</span> <span class='ocrx_word' id='word_1_28' title='bbox 766 441 885 490; x_wconf 92' lang='lat' dir='ltr'>bello,</span> <span class='ocrx_word' id='word_1_29' title='bbox 907 443 1094 480; x_wconf 88' lang='lat' dir='ltr'>societate</span> <span class='ocrx_word' id='word_1_30' title='bbox 1108 440 1309 479; x_wconf 90' lang='lat' dir='ltr'>nobiscum</span> <span class='ocrx_word' id='word_1_31' title='bbox 1328 440 1623 491; x_wconf 84' lang='lat' dir='ltr'>conjunxerunt,</span> <span class='ocrx_word' id='word_1_32' title='bbox 1642 446 1722 478; x_wconf 87' lang='lat' dir='ltr'>tum</span> 
     </span>
     <span class='ocr_line' id='line_1_5' title="bbox 270 498 1722 553; baseline 0.002 -18"><span class='ocrx_word' id='word_1_33' title='bbox 270 498 436 537; x_wconf 88' lang='lat' dir='ltr'>dicendo</span> <span class='ocrx_word' id='word_1_34' title='bbox 457 514 543 551; x_wconf 87' lang='lat' dir='ltr'>quae</span> <span class='ocrx_word' id='word_1_35' title='bbox 567 502 788 553; x_wconf 79' lang='lat' dir='ltr'>reipublicae</span> <span class='ocrx_word' id='word_1_36' title='bbox 812 509 950 540; x_wconf 82' lang='lat' dir='ltr'>vestrae</span> <span class='ocrx_word' id='word_1_37' title='bbox 976 503 1217 553; x_wconf 85' lang='lat' dir='ltr'>prodessent,</span> <span class='ocrx_word' id='word_1_38' title='bbox 1244 509 1326 540; x_wconf 89' lang='lat' dir='ltr'>tum</span> <span class='ocrx_word' id='word_1_39' title='bbox 1357 500 1531 552; x_wconf 84' lang='lat' dir='ltr'>agendo:</span> <span class='ocrx_word' id='word_1_40' title='bbox 1560 513 1722 551; x_wconf 89' lang='lat' dir='ltr'>quorum</span> 
     </span>
     <span class='ocr_line' id='line_1_6' title="bbox 273 553 1725 615; baseline 0.003 -21"><span class='ocrx_word' id='word_1_41' title='bbox 273 558 389 608; x_wconf 89' lang='lat' dir='ltr'>aliqui</span> <span class='ocrx_word' id='word_1_42' title='bbox 409 562 458 598; x_wconf 91' lang='lat' dir='ltr'>ob</span> <span class='ocrx_word' id='word_1_43' title='bbox 482 562 786 601; x_wconf 83' lang='lat' dir='ltr'>benevolentiam</span> <span class='ocrx_word' id='word_1_44' title='bbox 806 575 900 614; x_wconf 86' lang='lat' dir='ltr'>erga</span> <span class='ocrx_word' id='word_1_45' title='bbox 918 577 984 601; x_wconf 93' lang='lat' dir='ltr'>vos</span> <span class='ocrx_word' id='word_1_46' title='bbox 1003 564 1128 615; x_wconf 84' lang='lat' dir='ltr'>patria</span> <span class='ocrx_word' id='word_1_47' title='bbox 1150 570 1294 602; x_wconf 86' lang='lat' dir='ltr'>carent.</span> <span class='ocrx_word' id='word_1_48' title='bbox 1324 553 1382 600; x_wconf 77' lang='lat' dir='ltr'>Ac</span> <span class='ocrx_word' id='word_1_49' title='bbox 1405 562 1504 600; x_wconf 90' lang='lat' dir='ltr'>inter</span> <span class='ocrx_word' id='word_1_50' title='bbox 1522 561 1622 607; x_wconf 84' lang='lat' dir='ltr'>illos,</span> <span class='ocrx_word' id='word_1_51' title='bbox 1649 562 1725 599; x_wconf 80' lang='lat' dir='ltr'>Co-</span> 
     </span>
     <span class='ocr_line' id='line_1_7' title="bbox 274 618 1726 675; baseline 0.002 -20"><span class='ocrx_word' id='word_1_52' title='bbox 274 618 497 658; x_wconf 86' lang='lat' dir='ltr'>rinthiorum</span> <span class='ocrx_word' id='word_1_53' title='bbox 519 624 672 660; x_wconf 89' lang='lat' dir='ltr'>exsules</span> <span class='ocrx_word' id='word_1_54' title='bbox 698 624 808 673; x_wconf 89' lang='lat' dir='ltr'>primi</span> <span class='ocrx_word' id='word_1_55' title='bbox 839 632 1068 662; x_wconf 91' lang='lat' dir='ltr'>occurrunt:</span> <span class='ocrx_word' id='word_1_56' title='bbox 1101 637 1220 675; x_wconf 85' lang='lat' dir='ltr'>cogor</span> <span class='ocrx_word' id='word_1_57' title='bbox 1246 631 1372 661; x_wconf 87' lang='lat' dir='ltr'>autem</span> <span class='ocrx_word' id='word_1_58' title='bbox 1399 636 1444 661; x_wconf 87' lang='lat' dir='ltr'>ea</span> <span class='ocrx_word' id='word_1_59' title='bbox 1469 623 1596 660; x_wconf 87' lang='lat' dir='ltr'>dicere</span> <span class='ocrx_word' id='word_1_60' title='bbox 1623 621 1726 672; x_wconf 86' lang='lat' dir='ltr'>apud</span> 
     </span>
     <span class='ocr_line' id='line_1_8' title="bbox 273 683 1726 735; baseline 0.003 -19"><span class='ocrx_word' id='word_1_61' title='bbox 273 691 354 725; x_wconf 87' lang='lat' dir='ltr'>vos,</span> <span class='ocrx_word' id='word_1_62' title='bbox 374 695 460 731; x_wconf 87' lang='lat' dir='ltr'>quae</span> <span class='ocrx_word' id='word_1_63' title='bbox 476 684 555 732; x_wconf 85' lang='lat' dir='ltr'>ipsc</span> <span class='ocrx_word' id='word_1_64' title='bbox 575 697 595 720; x_wconf 96' lang='lat' dir='ltr'>e</span> <span class='ocrx_word' id='word_1_65' title='bbox 616 692 708 721; x_wconf 85' lang='lat' dir='ltr'>natu</span> <span class='ocrx_word' id='word_1_66' title='bbox 729 685 935 735; x_wconf 86' lang='lat' dir='ltr'>majoribus</span> <span class='ocrx_word' id='word_1_67' title='bbox 951 685 1047 723; x_wconf 88' lang='lat' dir='ltr'>inter</span> <span class='ocrx_word' id='word_1_68' title='bbox 1061 699 1129 724; x_wconf 93' lang='lat' dir='ltr'>vos</span> <span class='ocrx_word' id='word_1_69' title='bbox 1145 685 1286 723; x_wconf 85' lang='lat' dir='ltr'>audivi.</span> <span class='ocrx_word' id='word_1_70' title='bbox 1317 686 1379 722; x_wconf 92' lang='lat' dir='ltr'>Ac</span> <span class='ocrx_word' id='word_1_71' title='bbox 1392 692 1522 722; x_wconf 88' lang='lat' dir='ltr'>cetera</span> <span class='ocrx_word' id='word_1_72' title='bbox 1535 683 1574 721; x_wconf 91' lang='lat' dir='ltr'>in</span> <span class='ocrx_word' id='word_1_73' title='bbox 1587 684 1726 733; x_wconf 88' lang='lat' dir='ltr'>quibus</span> 
     </span>
     <span class='ocr_line' id='line_1_9' title="bbox 273 742 1728 796; baseline 0.002 -18"><span class='ocrx_word' id='word_1_74' title='bbox 273 742 384 779; x_wconf 90' lang='lat' dir='ltr'>nobis</span> <span class='ocrx_word' id='word_1_75' title='bbox 405 743 549 781; x_wconf 84' lang='lat' dir='ltr'>utiliter</span> <span class='ocrx_word' id='word_1_76' title='bbox 569 745 833 791; x_wconf 89' lang='lat' dir='ltr'>inservierunt,</span> <span class='ocrx_word' id='word_1_77' title='bbox 854 747 1039 784; x_wconf 85' lang='lat' dir='ltr'>omittam.</span> <span class='ocrx_word' id='word_1_78' title='bbox 1084 747 1174 792; x_wconf 86' lang='lat' dir='ltr'>Sed,</span> <span class='ocrx_word' id='word_1_79' title='bbox 1197 760 1282 784; x_wconf 86' lang='lat' dir='ltr'>cum</span> <span class='ocrx_word' id='word_1_80' title='bbox 1309 759 1492 796; x_wconf 82' lang='lat' dir='ltr'>magnum</span> <span class='ocrx_word' id='word_1_81' title='bbox 1518 745 1612 782; x_wconf 90' lang='lat' dir='ltr'>illud</span> <span class='ocrx_word' id='word_1_82' title='bbox 1639 757 1728 782; x_wconf 91' lang='lat' dir='ltr'>cum</span> 
     </span>
     <span class='ocr_line' id='line_1_10' title="bbox 274 801 1728 859; baseline 0.003 -20"><span class='ocrx_word' id='word_1_83' title='bbox 274 801 581 842; x_wconf 74' lang='lat' dir='ltr'>Lacedaemoniis</span> <span class='ocrx_word' id='word_1_84' title='bbox 608 805 782 856; x_wconf 76' lang='lat' dir='ltr'>proelium</span> <span class='ocrx_word' id='word_1_85' title='bbox 811 807 860 844; x_wconf 82' lang='lat' dir='ltr'>ad</span> <span class='ocrx_word' id='word_1_86' title='bbox 891 807 1121 845; x_wconf 86' lang='lat' dir='ltr'>Corinthum</span> <span class='ocrx_word' id='word_1_87' title='bbox 1149 808 1481 846; x_wconf 77' lang='lat' dir='ltr'>committeretur:</span> <span class='ocrx_word' id='word_1_88' title='bbox 1511 806 1728 859; x_wconf 77' lang='lat' dir='ltr'>deliberan-</span> 
     </span>
     <span class='ocr_line' id='line_1_11' title="bbox 274 863 1729 920; baseline 0.003 -21"><span class='ocrx_word' id='word_1_89' title='bbox 274 863 376 901; x_wconf 89' lang='lat' dir='ltr'>tibus</span> <span class='ocrx_word' id='word_1_90' title='bbox 392 865 450 902; x_wconf 88' lang='lat' dir='ltr'>his</span> <span class='ocrx_word' id='word_1_91' title='bbox 469 866 533 915; x_wconf 87' lang='lat' dir='ltr'>qui</span> <span class='ocrx_word' id='word_1_92' title='bbox 552 866 590 904; x_wconf 91' lang='lat' dir='ltr'>in</span> <span class='ocrx_word' id='word_1_93' title='bbox 610 868 702 905; x_wconf 88' lang='lat' dir='ltr'>urbe</span> <span class='ocrx_word' id='word_1_94' title='bbox 728 874 849 914; x_wconf 84' lang='lat' dir='ltr'>erant,</span> <span class='ocrx_word' id='word_1_95' title='bbox 872 876 961 919; x_wconf 88' lang='lat' dir='ltr'>post</span> <span class='ocrx_word' id='word_1_96' title='bbox 978 882 1161 920; x_wconf 83' lang='lat' dir='ltr'>pugnam,</span> <span class='ocrx_word' id='word_1_97' title='bbox 1182 869 1230 906; x_wconf 90' lang='lat' dir='ltr'>de</span> <span class='ocrx_word' id='word_1_98' title='bbox 1252 869 1431 906; x_wconf 87' lang='lat' dir='ltr'>militibus</span> <span class='ocrx_word' id='word_1_99' title='bbox 1459 869 1559 906; x_wconf 85' lang='lat' dir='ltr'>intra</span> <span class='ocrx_word' id='word_1_100' title='bbox 1585 867 1729 905; x_wconf 90' lang='lat' dir='ltr'>moenia</span> 
     </span>
     <span class='ocr_line' id='line_1_12' title="bbox 273 926 1728 976; baseline 0.004 -16"><span class='ocrx_word' id='word_1_101' title='bbox 273 936 351 961; x_wconf 90' lang='lat' dir='ltr'>non</span> <span class='ocrx_word' id='word_1_102' title='bbox 373 926 618 976; x_wconf 90' lang='lat' dir='ltr'>recipiendis,</span> <span class='ocrx_word' id='word_1_103' title='bbox 638 929 707 966; x_wconf 90' lang='lat' dir='ltr'>sed</span> <span class='ocrx_word' id='word_1_104' title='bbox 727 929 774 966; x_wconf 89' lang='lat' dir='ltr'>de</span> <span class='ocrx_word' id='word_1_105' title='bbox 801 929 1122 968; x_wconf 76' lang='lat' dir='ltr'>caduceatoribus</span> <span class='ocrx_word' id='word_1_106' title='bbox 1153 930 1202 968; x_wconf 86' lang='lat' dir='ltr'>ad</span> <span class='ocrx_word' id='word_1_107' title='bbox 1224 929 1546 968; x_wconf 81' lang='lat' dir='ltr'>Lacedaemonios</span> <span class='ocrx_word' id='word_1_108' title='bbox 1574 929 1728 966; x_wconf 88' lang='lat' dir='ltr'>mitten-</span> 
     </span>
     <span class='ocr_line' id='line_1_13' title="bbox 274 985 1730 1035; baseline 0.003 -13"><span class='ocrx_word' id='word_1_109' title='bbox 274 985 347 1030; x_wconf 89' lang='lat' dir='ltr'>dis,</span> <span class='ocrx_word' id='word_1_110' title='bbox 369 986 408 1024; x_wconf 85' lang='lat' dir='ltr'>hi</span> <span class='ocrx_word' id='word_1_111' title='bbox 429 1000 516 1025; x_wconf 86' lang='lat' dir='ltr'>curn</span> <span class='ocrx_word' id='word_1_112' title='bbox 536 989 710 1027; x_wconf 86' lang='lat' dir='ltr'>viderent</span> <span class='ocrx_word' id='word_1_113' title='bbox 729 998 899 1028; x_wconf 88' lang='lat' dir='ltr'>nostram</span> <span class='ocrx_word' id='word_1_114' title='bbox 919 992 1052 1028; x_wconf 90' lang='lat' dir='ltr'>urbem</span> <span class='ocrx_word' id='word_1_115' title='bbox 1073 992 1237 1028; x_wconf 90' lang='lat' dir='ltr'>adversa</span> <span class='ocrx_word' id='word_1_116' title='bbox 1263 992 1418 1028; x_wconf 83' lang='lat' dir='ltr'>fortuna</span> <span class='ocrx_word' id='word_1_117' title='bbox 1445 1003 1569 1035; x_wconf 89' lang='lat' dir='ltr'>usam,</span> <span class='ocrx_word' id='word_1_118' title='bbox 1594 996 1634 1027; x_wconf 91' lang='lat' dir='ltr'>et</span> <span class='ocrx_word' id='word_1_119' title='bbox 1652 989 1730 1027; x_wconf 84' lang='lat' dir='ltr'>La-</span> 
     </span>
     <span class='ocr_line' id='line_1_14' title="bbox 273 1047 1732 1103; baseline 0.002 -19"><span class='ocrx_word' id='word_1_120' title='bbox 273 1047 532 1088; x_wconf 77' lang='lat' dir='ltr'>cedaemonios</span> <span class='ocrx_word' id='word_1_121' title='bbox 553 1051 624 1089; x_wconf 83' lang='lat' dir='ltr'>iter</span> <span class='ocrx_word' id='word_1_122' title='bbox 643 1052 784 1089; x_wconf 86' lang='lat' dir='ltr'>nostris</span> <span class='ocrx_word' id='word_1_123' title='bbox 815 1052 1090 1098; x_wconf 78' lang='lat' dir='ltr'>interclusisse,</span> <span class='ocrx_word' id='word_1_124' title='bbox 1119 1065 1195 1090; x_wconf 90' lang='lat' dir='ltr'>non</span> <span class='ocrx_word' id='word_1_125' title='bbox 1222 1051 1474 1103; x_wconf 88' lang='lat' dir='ltr'>prodiderunt</span> <span class='ocrx_word' id='word_1_126' title='bbox 1495 1063 1574 1095; x_wconf 67' lang='grc' dir='ltr'>θος,</span> <span class='ocrx_word' id='word_1_127' title='bbox 1607 1063 1732 1100; x_wconf 89' lang='lat' dir='ltr'>neque</span> 
     </span>
     <span class='ocr_line' id='line_1_15' title="bbox 275 1110 1735 1163; baseline 0.003 -18"><span class='ocrx_word' id='word_1_128' title='bbox 275 1110 435 1148; x_wconf 86' lang='lat' dir='ltr'>seorsim</span> <span class='ocrx_word' id='word_1_129' title='bbox 464 1124 544 1148; x_wconf 86' lang='lat' dir='ltr'>suae</span> <span class='ocrx_word' id='word_1_130' title='bbox 567 1112 680 1149; x_wconf 90' lang='lat' dir='ltr'>saluti</span> <span class='ocrx_word' id='word_1_131' title='bbox 707 1113 1007 1157; x_wconf 86' lang='lat' dir='ltr'>consuluerunt;</span> <span class='ocrx_word' id='word_1_132' title='bbox 1039 1113 1121 1159; x_wconf 85' lang='lat' dir='ltr'>sed,</span> <span class='ocrx_word' id='word_1_133' title='bbox 1143 1112 1317 1163; x_wconf 84' lang='lat' dir='ltr'>quamvis</span> <span class='ocrx_word' id='word_1_134' title='bbox 1343 1112 1511 1149; x_wconf 85' lang='lat' dir='ltr'>universi</span> <span class='ocrx_word' id='word_1_135' title='bbox 1540 1111 1735 1162; x_wconf 88' lang='lat' dir='ltr'>Pelopon-</span> 
     </span>
     <span class='ocr_line' id='line_1_16' title="bbox 275 1173 1733 1224; baseline 0.001 -17"><span class='ocrx_word' id='word_1_136' title='bbox 275 1182 458 1213; x_wconf 87' lang='lat' dir='ltr'>nesenses</span> <span class='ocrx_word' id='word_1_137' title='bbox 492 1173 626 1210; x_wconf 86' lang='lat' dir='ltr'>armati</span> <span class='ocrx_word' id='word_1_138' title='bbox 655 1173 694 1210; x_wconf 94' lang='lat' dir='ltr'>in</span> <span class='ocrx_word' id='word_1_139' title='bbox 714 1174 929 1224; x_wconf 90' lang='lat' dir='ltr'>propinquo</span> <span class='ocrx_word' id='word_1_140' title='bbox 948 1182 1092 1219; x_wconf 88' lang='lat' dir='ltr'>essent,</span> <span class='ocrx_word' id='word_1_141' title='bbox 1113 1181 1244 1224; x_wconf 90' lang='lat' dir='ltr'>portas</span> <span class='ocrx_word' id='word_1_142' title='bbox 1264 1173 1388 1218; x_wconf 91' lang='lat' dir='ltr'>nobis,</span> <span class='ocrx_word' id='word_1_143' title='bbox 1409 1173 1528 1209; x_wconf 90' lang='lat' dir='ltr'>invita</span> <span class='ocrx_word' id='word_1_144' title='bbox 1555 1178 1594 1209; x_wconf 87' lang='lat' dir='ltr'>et</span> <span class='ocrx_word' id='word_1_145' title='bbox 1621 1185 1733 1222; x_wconf 89' lang='lat' dir='ltr'>repu-</span> 
     </span>
     <span class='ocr_line' id='line_1_17' title="bbox 275 1232 1735 1286; baseline 0 -17"><span class='ocrx_word' id='word_1_146' title='bbox 275 1239 416 1281; x_wconf 81' lang='lat' dir='ltr'>gnante</span> <span class='ocrx_word' id='word_1_147' title='bbox 437 1233 693 1280; x_wconf 87' lang='lat' dir='ltr'>multitudine,</span> <span class='ocrx_word' id='word_1_148' title='bbox 719 1242 964 1286; x_wconf 88' lang='lat' dir='ltr'>aperuerunt,</span> <span class='ocrx_word' id='word_1_149' title='bbox 985 1248 1028 1273; x_wconf 87' lang='lat' dir='ltr'>ac</span> <span class='ocrx_word' id='word_1_150' title='bbox 1048 1241 1312 1286; x_wconf 80' lang='lat' dir='ltr'>praeoptarunt</span> <span class='ocrx_word' id='word_1_151' title='bbox 1332 1247 1420 1272; x_wconf 90' lang='lat' dir='ltr'>cum</span> <span class='ocrx_word' id='word_1_152' title='bbox 1439 1234 1573 1271; x_wconf 87' lang='lat' dir='ltr'>vestris</span> <span class='ocrx_word' id='word_1_153' title='bbox 1604 1232 1668 1283; x_wconf 87' lang='lat' dir='ltr'>qui</span> <span class='ocrx_word' id='word_1_154' title='bbox 1688 1245 1735 1270; x_wconf 91' lang='lat' dir='ltr'>eo</span> 
     </span>
     <span class='ocr_line' id='line_1_18' title="bbox 276 1294 1734 1349; baseline 0 -19"><span class='ocrx_word' id='word_1_155' title='bbox 276 1299 446 1345; x_wconf 85' lang='lat' dir='ltr'>tempore</span> <span class='ocrx_word' id='word_1_156' title='bbox 467 1295 697 1341; x_wconf 81' lang='lat' dir='ltr'>militabant,</span> <span class='ocrx_word' id='word_1_157' title='bbox 721 1296 753 1334; x_wconf 87' lang='lat' dir='ltr'>si</span> <span class='ocrx_word' id='word_1_158' title='bbox 781 1310 841 1334; x_wconf 87' lang='lat' dir='ltr'>res</span> <span class='ocrx_word' id='word_1_159' title='bbox 860 1297 914 1334; x_wconf 85' lang='lat' dir='ltr'>ita</span> <span class='ocrx_word' id='word_1_160' title='bbox 939 1297 1065 1342; x_wconf 87' lang='lat' dir='ltr'>ferret,</span> <span class='ocrx_word' id='word_1_161' title='bbox 1091 1295 1243 1347; x_wconf 88' lang='lat' dir='ltr'>quidvis</span> <span class='ocrx_word' id='word_1_162' title='bbox 1272 1296 1401 1346; x_wconf 89' lang='lat' dir='ltr'>potius</span> <span class='ocrx_word' id='word_1_163' title='bbox 1430 1294 1591 1346; x_wconf 87' lang='lat' dir='ltr'>perpeti,</span> <span class='ocrx_word' id='word_1_164' title='bbox 1617 1306 1734 1349; x_wconf 79' lang='lat' dir='ltr'>quarn</span> 
     </span>
     <span class='ocr_line' id='line_1_19' title="bbox 277 1355 1737 1407; baseline -0.001 -14"><span class='ocrx_word' id='word_1_165' title='bbox 277 1363 386 1394; x_wconf 88' lang='lat' dir='ltr'>extra</span> <span class='ocrx_word' id='word_1_166' title='bbox 417 1358 630 1407; x_wconf 86' lang='lat' dir='ltr'>periculum</span> <span class='ocrx_word' id='word_1_167' title='bbox 669 1359 750 1396; x_wconf 86' lang='lat' dir='ltr'>sine</span> <span class='ocrx_word' id='word_1_168' title='bbox 786 1359 894 1396; x_wconf 87' lang='lat' dir='ltr'>vobis</span> <span class='ocrx_word' id='word_1_169' title='bbox 927 1359 1135 1396; x_wconf 87' lang='lat' dir='ltr'>incolumes</span> <span class='ocrx_word' id='word_1_170' title='bbox 1177 1357 1353 1403; x_wconf 89' lang='lat' dir='ltr'>evadere,</span> <span class='ocrx_word' id='word_1_171' title='bbox 1400 1356 1648 1406; x_wconf 84' lang='lat' dir='ltr'>exercituque</span> <span class='ocrx_word' id='word_1_172' title='bbox 1697 1355 1737 1393; x_wconf 93' lang='lat' dir='ltr'>in</span> 
     </span>
     <span class='ocr_line' id='line_1_20' title="bbox 276 1416 1736 1467; baseline 0 -14"><span class='ocrx_word' id='word_1_173' title='bbox 276 1418 409 1454; x_wconf 87' lang='lat' dir='ltr'>urbem</span> <span class='ocrx_word' id='word_1_174' title='bbox 431 1418 665 1466; x_wconf 83' lang='lat' dir='ltr'>introducto,</span> <span class='ocrx_word' id='word_1_175' title='bbox 686 1426 767 1457; x_wconf 86' lang='lat' dir='ltr'>tum</span> <span class='ocrx_word' id='word_1_176' title='bbox 788 1433 856 1458; x_wconf 90' lang='lat' dir='ltr'>vos</span> <span class='ocrx_word' id='word_1_177' title='bbox 883 1426 965 1457; x_wconf 90' lang='lat' dir='ltr'>tum</span> <span class='ocrx_word' id='word_1_178' title='bbox 993 1420 1117 1457; x_wconf 90' lang='lat' dir='ltr'>socios</span> <span class='ocrx_word' id='word_1_179' title='bbox 1144 1424 1428 1456; x_wconf 85' lang='lat' dir='ltr'>conservarunt.</span> <span class='ocrx_word' id='word_1_180' title='bbox 1467 1416 1621 1454; x_wconf 90' lang='lat' dir='ltr'>Deinde</span> <span class='ocrx_word' id='word_1_181' title='bbox 1639 1429 1736 1467; x_wconf 91' lang='lat' dir='ltr'>pace</span> 
     </span>
     <span class='ocr_line' id='line_1_21' title="bbox 275 1477 1736 1525; baseline -0.001 -10"><span class='ocrx_word' id='word_1_182' title='bbox 275 1490 364 1516; x_wconf 86' lang='lat' dir='ltr'>cum</span> <span class='ocrx_word' id='word_1_183' title='bbox 388 1480 688 1518; x_wconf 69' lang='lat' dir='ltr'>Lacedaemoniis</span> <span class='ocrx_word' id='word_1_184' title='bbox 703 1481 819 1525; x_wconf 87' lang='lat' dir='ltr'>facta,</span> <span class='ocrx_word' id='word_1_185' title='bbox 839 1481 938 1518; x_wconf 87' lang='lat' dir='ltr'>duce</span> <span class='ocrx_word' id='word_1_186' title='bbox 958 1480 1176 1523; x_wconf 88' lang='lat' dir='ltr'>Antalcida‚</span> <span class='ocrx_word' id='word_1_187' title='bbox 1198 1481 1247 1516; x_wconf 90' lang='lat' dir='ltr'>ob</span> <span class='ocrx_word' id='word_1_188' title='bbox 1266 1479 1351 1516; x_wconf 82' lang='lat' dir='ltr'>haec</span> <span class='ocrx_word' id='word_1_189' title='bbox 1370 1478 1474 1515; x_wconf 86' lang='lat' dir='ltr'>sacta</span> <span class='ocrx_word' id='word_1_190' title='bbox 1499 1477 1536 1514; x_wconf 91' lang='lat' dir='ltr'>in</span> <span class='ocrx_word' id='word_1_191' title='bbox 1563 1477 1736 1514; x_wconf 87' lang='lat' dir='ltr'>exsilium</span> 
     </span>
     <span class='ocr_line' id='line_1_22' title="bbox 275 1537 1736 1590; baseline -0.001 -14"><span class='ocrx_word' id='word_1_192' title='bbox 275 1540 350 1577; x_wconf 86' lang='lat' dir='ltr'>acti</span> <span class='ocrx_word' id='word_1_193' title='bbox 373 1549 462 1578; x_wconf 87' lang='lat' dir='ltr'>sunt</span> <span class='ocrx_word' id='word_1_194' title='bbox 483 1555 505 1578; x_wconf 84' lang='lat' dir='ltr'>a</span> <span class='ocrx_word' id='word_1_195' title='bbox 526 1542 842 1579; x_wconf 72' lang='lat' dir='ltr'>Lacedaemoniis.</span> <span class='ocrx_word' id='word_1_196' title='bbox 875 1541 954 1578; x_wconf 90' lang='lat' dir='ltr'>Vos</span> <span class='ocrx_word' id='word_1_197' title='bbox 975 1553 1067 1578; x_wconf 86' lang='lat' dir='ltr'>vero</span> <span class='ocrx_word' id='word_1_198' title='bbox 1085 1540 1276 1590; x_wconf 86' lang='lat' dir='ltr'>susceptis</span> <span class='ocrx_word' id='word_1_199' title='bbox 1293 1540 1350 1584; x_wconf 88' lang='lat' dir='ltr'>iis,</span> <span class='ocrx_word' id='word_1_200' title='bbox 1366 1539 1555 1575; x_wconf 88' lang='lat' dir='ltr'>bonorum</span> <span class='ocrx_word' id='word_1_201' title='bbox 1570 1537 1736 1575; x_wconf 90' lang='lat' dir='ltr'>virorum</span> 
     </span>
     <span class='ocr_line' id='line_1_23' title="bbox 274 1598 1735 1650; baseline 0 -14"><span class='ocrx_word' id='word_1_202' title='bbox 274 1601 394 1638; x_wconf 83' lang='lat' dir='ltr'>suncti</span> <span class='ocrx_word' id='word_1_203' title='bbox 422 1602 514 1639; x_wconf 89' lang='lat' dir='ltr'>estis</span> <span class='ocrx_word' id='word_1_204' title='bbox 543 1602 682 1640; x_wconf 87' lang='lat' dir='ltr'>officio.</span> <span class='ocrx_word' id='word_1_205' title='bbox 733 1601 972 1640; x_wconf 84' lang='lat' dir='ltr'>Decrevistis</span> <span class='ocrx_word' id='word_1_206' title='bbox 994 1602 1094 1639; x_wconf 84' lang='lat' dir='ltr'>enirn</span> <span class='ocrx_word' id='word_1_207' title='bbox 1113 1602 1168 1638; x_wconf 89' lang='lat' dir='ltr'>eis</span> <span class='ocrx_word' id='word_1_208' title='bbox 1189 1600 1317 1638; x_wconf 91' lang='lat' dir='ltr'>omnia</span> <span class='ocrx_word' id='word_1_209' title='bbox 1335 1599 1474 1650; x_wconf 91' lang='lat' dir='ltr'>quibus</span> <span class='ocrx_word' id='word_1_210' title='bbox 1495 1598 1735 1649; x_wconf 82' lang='lat' dir='ltr'>indigebant.</span> 
     </span>
     <span class='ocr_line' id='line_1_24' title="bbox 276 1660 1739 1710; baseline -0.002 -11"><span class='ocrx_word' id='word_1_211' title='bbox 276 1661 394 1701; x_wconf 89' lang='lat' dir='ltr'>Nunc</span> <span class='ocrx_word' id='word_1_212' title='bbox 414 1677 503 1701; x_wconf 92' lang='lat' dir='ltr'>vero</span> <span class='ocrx_word' id='word_1_213' title='bbox 533 1677 581 1702; x_wconf 91' lang='lat' dir='ltr'>an</span> <span class='ocrx_word' id='word_1_214' title='bbox 602 1677 648 1702; x_wconf 89' lang='lat' dir='ltr'>ea</span> <span class='ocrx_word' id='word_1_215' title='bbox 667 1671 752 1702; x_wconf 85' lang='lat' dir='ltr'>rata</span> <span class='ocrx_word' id='word_1_216' title='bbox 770 1677 853 1702; x_wconf 90' lang='lat' dir='ltr'>esse</span> <span class='ocrx_word' id='word_1_217' title='bbox 875 1663 1057 1708; x_wconf 86' lang='lat' dir='ltr'>debeant,</span> <span class='ocrx_word' id='word_1_218' title='bbox 1079 1661 1367 1700; x_wconf 74' lang='lat' dir='ltr'>deliberamus?</span> <span class='ocrx_word' id='word_1_219' title='bbox 1398 1660 1478 1698; x_wconf 90' lang='lat' dir='ltr'>Sed</span> <span class='ocrx_word' id='word_1_220' title='bbox 1501 1660 1633 1698; x_wconf 85' lang='lat' dir='ltr'>isthaec</span> <span class='ocrx_word' id='word_1_221' title='bbox 1655 1660 1739 1710; x_wconf 85' lang='lat' dir='ltr'>ipsa</span> 
     </span>
     <span class='ocr_line' id='line_1_25' title="bbox 277 1720 1738 1776; baseline -0.001 -16"><span class='ocrx_word' id='word_1_222' title='bbox 277 1723 499 1763; x_wconf 86' lang='lat' dir='ltr'>deliberatio</span> <span class='ocrx_word' id='word_1_223' title='bbox 519 1725 640 1776; x_wconf 90' lang='lat' dir='ltr'>turpis</span> <span class='ocrx_word' id='word_1_224' title='bbox 662 1726 767 1763; x_wconf 89' lang='lat' dir='ltr'>vobis</span> <span class='ocrx_word' id='word_1_225' title='bbox 788 1725 920 1762; x_wconf 87' lang='lat' dir='ltr'>futura</span> <span class='ocrx_word' id='word_1_226' title='bbox 939 1733 1008 1770; x_wconf 89' lang='lat' dir='ltr'>est,</span> <span class='ocrx_word' id='word_1_227' title='bbox 1036 1723 1256 1773; x_wconf 89' lang='lat' dir='ltr'>ubicunque</span> <span class='ocrx_word' id='word_1_228' title='bbox 1276 1722 1451 1760; x_wconf 87' lang='lat' dir='ltr'>auditum</span> <span class='ocrx_word' id='word_1_229' title='bbox 1470 1720 1598 1765; x_wconf 85' lang='lat' dir='ltr'>fuerit,</span> <span class='ocrx_word' id='word_1_230' title='bbox 1621 1720 1738 1758; x_wconf 86' lang='lat' dir='ltr'>Athe-</span> 
     </span>
     <span class='ocr_line' id='line_1_26' title="bbox 277 1781 1739 1836; baseline -0.001 -15"><span class='ocrx_word' id='word_1_231' title='bbox 277 1785 431 1823; x_wconf 91' lang='lat' dir='ltr'>nienses</span> <span class='ocrx_word' id='word_1_232' title='bbox 448 1786 680 1832; x_wconf 91' lang='lat' dir='ltr'>consultare,</span> <span class='ocrx_word' id='word_1_233' title='bbox 696 1793 823 1824; x_wconf 88' lang='lat' dir='ltr'>utrum</span> <span class='ocrx_word' id='word_1_234' title='bbox 840 1785 1092 1836; x_wconf 85' lang='lat' dir='ltr'>relinquenda</span> <span class='ocrx_word' id='word_1_235' title='bbox 1107 1786 1183 1823; x_wconf 79' lang='lat' dir='ltr'>sint</span> <span class='ocrx_word' id='word_1_236' title='bbox 1197 1797 1254 1830; x_wconf 83' lang='lat' dir='ltr'>ea,</span> <span class='ocrx_word' id='word_1_237' title='bbox 1270 1798 1357 1835; x_wconf 81' lang='lat' dir='ltr'>quae</span> <span class='ocrx_word' id='word_1_238' title='bbox 1373 1785 1472 1822; x_wconf 90' lang='lat' dir='ltr'>bene</span> <span class='ocrx_word' id='word_1_239' title='bbox 1488 1782 1630 1820; x_wconf 89' lang='lat' dir='ltr'>meritis</span> <span class='ocrx_word' id='word_1_240' title='bbox 1646 1781 1739 1820; x_wconf 87' lang='lat' dir='ltr'>data</span> 
     </span>
     <span class='ocr_line' id='line_1_27' title="bbox 277 1844 1739 1894; baseline -0.001 -12"><span class='ocrx_word' id='word_1_241' title='bbox 277 1845 432 1884; x_wconf 89' lang='lat' dir='ltr'>fuerint.</span> <span class='ocrx_word' id='word_1_242' title='bbox 470 1848 559 1884; x_wconf 79' lang='lat' dir='ltr'>Jam</span> <span class='ocrx_word' id='word_1_243' title='bbox 580 1847 669 1884; x_wconf 89' lang='lat' dir='ltr'>olim</span> <span class='ocrx_word' id='word_1_244' title='bbox 688 1848 789 1884; x_wconf 90' lang='lat' dir='ltr'>enim</span> <span class='ocrx_word' id='word_1_245' title='bbox 818 1847 902 1885; x_wconf 87' lang='lat' dir='ltr'>haec</span> <span class='ocrx_word' id='word_1_246' title='bbox 924 1854 962 1884; x_wconf 87' lang='lat' dir='ltr'>et</span> <span class='ocrx_word' id='word_1_247' title='bbox 983 1846 1167 1884; x_wconf 86' lang='lat' dir='ltr'>meditata</span> <span class='ocrx_word' id='word_1_248' title='bbox 1186 1852 1225 1883; x_wconf 86' lang='lat' dir='ltr'>et</span> <span class='ocrx_word' id='word_1_249' title='bbox 1244 1845 1400 1884; x_wconf 81' lang='lat' dir='ltr'>decreta</span> <span class='ocrx_word' id='word_1_250' title='bbox 1420 1856 1506 1882; x_wconf 88' lang='lat' dir='ltr'>esse</span> <span class='ocrx_word' id='word_1_251' title='bbox 1526 1844 1739 1894; x_wconf 84' lang='lat' dir='ltr'>oportebat.</span> 
     </span>
     <span class='ocr_line' id='line_1_28' title="bbox 281 1906 1174 1957; baseline -0.001 -13"><span class='ocrx_word' id='word_1_252' title='bbox 281 1906 358 1944; x_wconf 85' lang='lat' dir='ltr'>Sed</span> <span class='ocrx_word' id='word_1_253' title='bbox 378 1906 451 1945; x_wconf 90' lang='lat' dir='ltr'>hoc</span> <span class='ocrx_word' id='word_1_254' title='bbox 471 1921 624 1957; x_wconf 88' lang='lat' dir='ltr'>quoque</span> <span class='ocrx_word' id='word_1_255' title='bbox 645 1907 1029 1945; x_wconf 83' lang='lat' dir='ltr'>senatusconsultum</span> <span class='ocrx_word' id='word_1_256' title='bbox 1044 1907 1174 1943; x_wconf 88' lang='lat' dir='ltr'>recita.</span> 
     </span>
    </p>
   </div>
   <div class='ocr_carea' id='block_1_3' title="bbox 711 2040 1316 2078">
    <p class='ocr_par' dir='ltr' id='par_1_3' title="bbox 711 2040 1316 2078">
     <span class='ocr_line' id='line_1_29' title="bbox 711 2040 1316 2078; baseline -0.003 0"><span class='ocrx_word' id='word_1_257' title='bbox 711 2040 1316 2078; x_wconf 86' lang='lat' dir='ltr'><strong>SENATUSCONSULTUM.</strong></span> 
     </span>
    </p>
   </div>
   <div class='ocr_carea' id='block_1_4' title="bbox 282 2124 1744 2974">
    <p class='ocr_par' dir='ltr' id='par_1_4' title="bbox 282 2124 1744 2974">
     <span class='ocr_line' id='line_1_30' title="bbox 282 2124 1741 2177; baseline 0.002 -15"><span class='ocrx_word' id='word_1_258' title='bbox 282 2127 381 2167; x_wconf 74' lang='lat' dir='ltr'>Quae</span> <span class='ocrx_word' id='word_1_259' title='bbox 414 2124 621 2164; x_wconf 87' lang='lat' dir='ltr'>Corinthiis</span> <span class='ocrx_word' id='word_1_260' title='bbox 641 2134 799 2177; x_wconf 85' lang='lat' dir='ltr'>propter</span> <span class='ocrx_word' id='word_1_261' title='bbox 825 2140 893 2164; x_wconf 87' lang='lat' dir='ltr'>vos</span> <span class='ocrx_word' id='word_1_262' title='bbox 926 2128 963 2164; x_wconf 90' lang='lat' dir='ltr'>in</span> <span class='ocrx_word' id='word_1_263' title='bbox 989 2127 1166 2164; x_wconf 88' lang='lat' dir='ltr'>exsilium</span> <span class='ocrx_word' id='word_1_264' title='bbox 1193 2126 1291 2163; x_wconf 80' lang='lat' dir='ltr'>actis</span> <span class='ocrx_word' id='word_1_265' title='bbox 1320 2124 1557 2172; x_wconf 80' lang='lat' dir='ltr'>decrevistis,</span> <span class='ocrx_word' id='word_1_266' title='bbox 1575 2125 1741 2176; x_wconf 83' lang='lat' dir='ltr'>judices,</span> 
     </span>
     <span class='ocr_line' id='line_1_31' title="bbox 282 2186 1739 2239; baseline 0.001 -14"><span class='ocrx_word' id='word_1_267' title='bbox 282 2186 367 2225; x_wconf 86' lang='lat' dir='ltr'>haec</span> <span class='ocrx_word' id='word_1_268' title='bbox 387 2196 489 2225; x_wconf 89' lang='lat' dir='ltr'>sunt.</span> <span class='ocrx_word' id='word_1_269' title='bbox 528 2188 643 2230; x_wconf 84' lang='lat' dir='ltr'>Quod</span> <span class='ocrx_word' id='word_1_270' title='bbox 673 2188 703 2225; x_wconf 93' lang='lat' dir='ltr'>si</span> <span class='ocrx_word' id='word_1_271' title='bbox 722 2189 807 2238; x_wconf 90' lang='lat' dir='ltr'>quis</span> <span class='ocrx_word' id='word_1_272' title='bbox 826 2188 891 2227; x_wconf 87' lang='lat' dir='ltr'>illa</span> <span class='ocrx_word' id='word_1_273' title='bbox 909 2195 1082 2239; x_wconf 87' lang='lat' dir='ltr'>tempora</span> <span class='ocrx_word' id='word_1_274' title='bbox 1098 2188 1263 2232; x_wconf 88' lang='lat' dir='ltr'>intuens,</span> <span class='ocrx_word' id='word_1_275' title='bbox 1284 2188 1362 2225; x_wconf 88' lang='lat' dir='ltr'>sive</span> <span class='ocrx_word' id='word_1_276' title='bbox 1381 2188 1463 2237; x_wconf 88' lang='lat' dir='ltr'>ipse</span> <span class='ocrx_word' id='word_1_277' title='bbox 1489 2187 1739 2236; x_wconf 82' lang='lat' dir='ltr'>interfuisset,</span> 
     </span>
     <span class='ocr_line' id='line_1_32' title="bbox 283 2249 1742 2300; baseline 0 -13"><span class='ocrx_word' id='word_1_278' title='bbox 283 2249 364 2287; x_wconf 87' lang='lat' dir='ltr'>sive</span> <span class='ocrx_word' id='word_1_279' title='bbox 384 2249 551 2300; x_wconf 84' lang='lat' dir='ltr'>aliquem</span> <span class='ocrx_word' id='word_1_280' title='bbox 573 2250 625 2287; x_wconf 87' lang='lat' dir='ltr'>rei</span> <span class='ocrx_word' id='word_1_281' title='bbox 646 2263 808 2300; x_wconf 84' lang='lat' dir='ltr'>gnarum</span> <span class='ocrx_word' id='word_1_282' title='bbox 837 2256 1206 2288; x_wconf 85' lang='lat' dir='ltr'>commemorantem</span> <span class='ocrx_word' id='word_1_283' title='bbox 1238 2249 1461 2294; x_wconf 88' lang='lat' dir='ltr'>audivisset,</span> <span class='ocrx_word' id='word_1_284' title='bbox 1487 2261 1590 2286; x_wconf 89' lang='lat' dir='ltr'>nunc</span> <span class='ocrx_word' id='word_1_285' title='bbox 1616 2249 1742 2299; x_wconf 83' lang='lat' dir='ltr'>legem</span> 
     </span>
     <span class='ocr_line' id='line_1_33' title="bbox 283 2309 1742 2363; baseline 0 -15"><span class='ocrx_word' id='word_1_286' title='bbox 283 2310 384 2349; x_wconf 86' lang='lat' dir='ltr'>hanc</span> <span class='ocrx_word' id='word_1_287' title='bbox 404 2312 479 2349; x_wconf 91' lang='lat' dir='ltr'>illis</span> <span class='ocrx_word' id='word_1_288' title='bbox 499 2312 732 2362; x_wconf 85' lang='lat' dir='ltr'>temporibus</span> <span class='ocrx_word' id='word_1_289' title='bbox 753 2311 845 2349; x_wconf 88' lang='lat' dir='ltr'>data</span> <span class='ocrx_word' id='word_1_290' title='bbox 863 2312 968 2349; x_wconf 87' lang='lat' dir='ltr'>dona</span> <span class='ocrx_word' id='word_1_291' title='bbox 986 2311 1208 2363; x_wconf 85' lang='lat' dir='ltr'>eripientem</span> <span class='ocrx_word' id='word_1_292' title='bbox 1225 2310 1386 2354; x_wconf 85' lang='lat' dir='ltr'>audiret,</span> <span class='ocrx_word' id='word_1_293' title='bbox 1409 2316 1565 2359; x_wconf 86' lang='lat' dir='ltr'>quantae</span> <span class='ocrx_word' id='word_1_294' title='bbox 1585 2309 1742 2348; x_wconf 85' lang='lat' dir='ltr'>malitiae</span> 
     </span>
     <span class='ocr_line' id='line_1_34' title="bbox 284 2370 1742 2423; baseline 0.001 -15"><span class='ocrx_word' id='word_1_295' title='bbox 284 2372 380 2422; x_wconf 86' lang='lat' dir='ltr'>legis</span> <span class='ocrx_word' id='word_1_296' title='bbox 392 2373 500 2411; x_wconf 87' lang='lat' dir='ltr'>istius</span> <span class='ocrx_word' id='word_1_297' title='bbox 516 2374 789 2423; x_wconf 86' lang='lat' dir='ltr'>approbatores</span> <span class='ocrx_word' id='word_1_298' title='bbox 811 2373 1111 2412; x_wconf 85' lang='lat' dir='ltr'>condemnaret!</span> <span class='ocrx_word' id='word_1_299' title='bbox 1145 2373 1221 2416; x_wconf 87' lang='lat' dir='ltr'>Qui</span> <span class='ocrx_word' id='word_1_300' title='bbox 1236 2377 1396 2422; x_wconf 83' lang='lat' dir='ltr'>urgente</span> <span class='ocrx_word' id='word_1_301' title='bbox 1412 2370 1644 2408; x_wconf 86' lang='lat' dir='ltr'>necessitate</span> <span class='ocrx_word' id='word_1_302' title='bbox 1663 2378 1742 2409; x_wconf 83' lang='lat' dir='ltr'>tam</span> 
     </span>
     <span class='ocr_line' id='line_1_35' title="bbox 285 2432 1742 2485; baseline 0.001 -15"><span class='ocrx_word' id='word_1_303' title='bbox 285 2432 443 2471; x_wconf 86' lang='lat' dir='ltr'>humani</span> <span class='ocrx_word' id='word_1_304' title='bbox 461 2447 632 2472; x_wconf 84' lang='lat' dir='ltr'>essemus</span> <span class='ocrx_word' id='word_1_305' title='bbox 653 2447 698 2472; x_wconf 90' lang='lat' dir='ltr'>ac</span> <span class='ocrx_word' id='word_1_306' title='bbox 720 2435 812 2472; x_wconf 86' lang='lat' dir='ltr'>nihil</span> <span class='ocrx_word' id='word_1_307' title='bbox 834 2448 909 2473; x_wconf 88' lang='lat' dir='ltr'>non</span> <span class='ocrx_word' id='word_1_308' title='bbox 930 2435 1158 2478; x_wconf 84' lang='lat' dir='ltr'>faceremus,</span> <span class='ocrx_word' id='word_1_309' title='bbox 1175 2440 1264 2485; x_wconf 87' lang='lat' dir='ltr'>post</span> <span class='ocrx_word' id='word_1_310' title='bbox 1277 2446 1366 2471; x_wconf 87' lang='lat' dir='ltr'>vero</span> <span class='ocrx_word' id='word_1_311' title='bbox 1381 2439 1554 2471; x_wconf 83' lang='lat' dir='ltr'>votorum</span> <span class='ocrx_word' id='word_1_312' title='bbox 1571 2434 1742 2471; x_wconf 88' lang='lat' dir='ltr'>omnium</span> 
     </span>
     <span class='ocr_line' id='line_1_36' title="bbox 286 2493 1741 2546; baseline 0.001 -15"><span class='ocrx_word' id='word_1_313' title='bbox 286 2494 377 2531; x_wconf 80' lang='lat' dir='ltr'>facti</span> <span class='ocrx_word' id='word_1_314' title='bbox 411 2502 623 2546; x_wconf 85' lang='lat' dir='ltr'>compotes,</span> <span class='ocrx_word' id='word_1_315' title='bbox 658 2496 709 2533; x_wconf 89' lang='lat' dir='ltr'>ita</span> <span class='ocrx_word' id='word_1_316' title='bbox 744 2496 882 2546; x_wconf 86' lang='lat' dir='ltr'>ingrati</span> <span class='ocrx_word' id='word_1_317' title='bbox 911 2503 951 2534; x_wconf 90' lang='lat' dir='ltr'>et</span> <span class='ocrx_word' id='word_1_318' title='bbox 974 2496 1154 2533; x_wconf 89' lang='lat' dir='ltr'>malitiosi</span> <span class='ocrx_word' id='word_1_319' title='bbox 1179 2493 1564 2545; x_wconf 84' lang='lat' dir='ltr'>deprehenderenmr,</span> <span class='ocrx_word' id='word_1_320' title='bbox 1595 2502 1639 2532; x_wconf 89' lang='lat' dir='ltr'>ut</span> <span class='ocrx_word' id='word_1_321' title='bbox 1662 2507 1741 2533; x_wconf 81' lang='lat' dir='ltr'>non</span> 
     </span>
     <span class='ocr_line' id='line_1_37' title="bbox 286 2555 1742 2608; baseline 0 -14"><span class='ocrx_word' id='word_1_322' title='bbox 286 2558 455 2594; x_wconf 90' lang='lat' dir='ltr'>contenti</span> <span class='ocrx_word' id='word_1_323' title='bbox 476 2557 663 2607; x_wconf 84' lang='lat' dir='ltr'>spoliasse</span> <span class='ocrx_word' id='word_1_324' title='bbox 682 2570 748 2594; x_wconf 89' lang='lat' dir='ltr'>eos</span> <span class='ocrx_word' id='word_1_325' title='bbox 767 2557 831 2607; x_wconf 91' lang='lat' dir='ltr'>qui</span> <span class='ocrx_word' id='word_1_326' title='bbox 848 2557 951 2595; x_wconf 87' lang='lat' dir='ltr'>dona</span> <span class='ocrx_word' id='word_1_327' title='bbox 965 2557 1222 2608; x_wconf 83' lang='lat' dir='ltr'>accepissent,</span> <span class='ocrx_word' id='word_1_328' title='bbox 1244 2557 1359 2593; x_wconf 87' lang='lat' dir='ltr'>etiam</span> <span class='ocrx_word' id='word_1_329' title='bbox 1377 2555 1502 2606; x_wconf 85' lang='lat' dir='ltr'>legem</span> <span class='ocrx_word' id='word_1_330' title='bbox 1518 2555 1742 2594; x_wconf 87' lang='lat' dir='ltr'>tulissemus</span> 
     </span>
     <span class='ocr_line' id='line_1_38' title="bbox 287 2616 1743 2667; baseline -0.001 -13"><span class='ocrx_word' id='word_1_331' title='bbox 287 2630 335 2656; x_wconf 89' lang='lat' dir='ltr'>ne</span> <span class='ocrx_word' id='word_1_332' title='bbox 355 2618 417 2656; x_wconf 89' lang='lat' dir='ltr'>cui</span> <span class='ocrx_word' id='word_1_333' title='bbox 436 2618 618 2656; x_wconf 89' lang='lat' dir='ltr'>honorem</span> <span class='ocrx_word' id='word_1_334' title='bbox 639 2617 779 2655; x_wconf 88' lang='lat' dir='ltr'>habere</span> <span class='ocrx_word' id='word_1_335' title='bbox 800 2618 942 2656; x_wconf 86' lang='lat' dir='ltr'>liceret.</span> <span class='ocrx_word' id='word_1_336' title='bbox 981 2617 1098 2655; x_wconf 85' lang='lat' dir='ltr'>Haud</span> <span class='ocrx_word' id='word_1_337' title='bbox 1117 2617 1255 2667; x_wconf 87' lang='lat' dir='ltr'>injuria</span> <span class='ocrx_word' id='word_1_338' title='bbox 1275 2616 1464 2661; x_wconf 88' lang='lat' dir='ltr'>nimirum,</span> <span class='ocrx_word' id='word_1_339' title='bbox 1485 2628 1575 2653; x_wconf 83' lang='lat' dir='ltr'>nain</span> <span class='ocrx_word' id='word_1_340' title='bbox 1594 2616 1743 2667; x_wconf 86' lang='lat' dir='ltr'>indigni</span> 
     </span>
     <span class='ocr_line' id='line_1_39' title="bbox 288 2675 1744 2728; baseline -0.001 -13"><span class='ocrx_word' id='word_1_341' title='bbox 288 2678 444 2728; x_wconf 84' lang='lat' dir='ltr'>quidam</span> <span class='ocrx_word' id='word_1_342' title='bbox 464 2678 574 2717; x_wconf 89' lang='lat' dir='ltr'>donis</span> <span class='ocrx_word' id='word_1_343' title='bbox 596 2679 844 2716; x_wconf 86' lang='lat' dir='ltr'>fruebantur:</span> <span class='ocrx_word' id='word_1_344' title='bbox 873 2679 947 2717; x_wconf 81' lang='lat' dir='ltr'>hoc</span> <span class='ocrx_word' id='word_1_345' title='bbox 971 2678 1069 2716; x_wconf 90' lang='lat' dir='ltr'>enim</span> <span class='ocrx_word' id='word_1_346' title='bbox 1096 2678 1133 2715; x_wconf 88' lang='lat' dir='ltr'>in</span> <span class='ocrx_word' id='word_1_347' title='bbox 1158 2678 1330 2716; x_wconf 88' lang='lat' dir='ltr'>oratione</span> <span class='ocrx_word' id='word_1_348' title='bbox 1358 2690 1427 2714; x_wconf 86' lang='lat' dir='ltr'>sua</span> <span class='ocrx_word' id='word_1_349' title='bbox 1453 2676 1595 2728; x_wconf 89' lang='lat' dir='ltr'>passim</span> <span class='ocrx_word' id='word_1_350' title='bbox 1619 2675 1744 2714; x_wconf 90' lang='lat' dir='ltr'>incul-</span> 
     </span>
     <span class='ocr_line' id='line_1_40' title="bbox 289 2737 1741 2790; baseline -0.001 -13"><span class='ocrx_word' id='word_1_351' title='bbox 289 2740 448 2777; x_wconf 89' lang='lat' dir='ltr'>cabunt.</span> <span class='ocrx_word' id='word_1_352' title='bbox 486 2741 573 2790; x_wconf 87' lang='lat' dir='ltr'>Age</span> <span class='ocrx_word' id='word_1_353' title='bbox 601 2752 689 2777; x_wconf 86' lang='lat' dir='ltr'>vero</span> <span class='ocrx_word' id='word_1_354' title='bbox 720 2753 812 2777; x_wconf 89' lang='lat' dir='ltr'>num</span> <span class='ocrx_word' id='word_1_355' title='bbox 836 2753 905 2777; x_wconf 92' lang='lat' dir='ltr'>nos</span> <span class='ocrx_word' id='word_1_356' title='bbox 934 2739 1030 2777; x_wconf 89' lang='lat' dir='ltr'>illud</span> <span class='ocrx_word' id='word_1_357' title='bbox 1057 2739 1234 2789; x_wconf 83' lang='lat' dir='ltr'>ignorare</span> <span class='ocrx_word' id='word_1_358' title='bbox 1260 2739 1450 2783; x_wconf 89' lang='lat' dir='ltr'>dicemus,</span> <span class='ocrx_word' id='word_1_359' title='bbox 1471 2738 1519 2776; x_wconf 93' lang='lat' dir='ltr'>de</span> <span class='ocrx_word' id='word_1_360' title='bbox 1538 2737 1741 2788; x_wconf 80' lang='lat' dir='ltr'>dignitate,</span> 
     </span>
     <span class='ocr_line' id='line_1_41' title="bbox 289 2797 1741 2851; baseline -0.002 -13"><span class='ocrx_word' id='word_1_361' title='bbox 289 2809 371 2838; x_wconf 90' lang='lat' dir='ltr'>turn</span> <span class='ocrx_word' id='word_1_362' title='bbox 400 2814 487 2839; x_wconf 89' lang='lat' dir='ltr'>curn</span> <span class='ocrx_word' id='word_1_363' title='bbox 508 2801 656 2847; x_wconf 81' lang='lat' dir='ltr'>damus,</span> <span class='ocrx_word' id='word_1_364' title='bbox 677 2814 761 2838; x_wconf 93' lang='lat' dir='ltr'>esse</span> <span class='ocrx_word' id='word_1_365' title='bbox 779 2801 1047 2851; x_wconf 82' lang='lat' dir='ltr'>judicandum,</span> <span class='ocrx_word' id='word_1_366' title='bbox 1067 2814 1144 2837; x_wconf 91' lang='lat' dir='ltr'>non</span> <span class='ocrx_word' id='word_1_367' title='bbox 1164 2800 1281 2851; x_wconf 88' lang='lat' dir='ltr'>longo</span> <span class='ocrx_word' id='word_1_368' title='bbox 1307 2806 1394 2851; x_wconf 90' lang='lat' dir='ltr'>post</span> <span class='ocrx_word' id='word_1_369' title='bbox 1422 2797 1604 2850; x_wconf 86' lang='lat' dir='ltr'>temporis</span> <span class='ocrx_word' id='word_1_370' title='bbox 1623 2798 1741 2836; x_wconf 84' lang='lat' dir='ltr'>inter-</span> 
     </span>
     <span class='ocr_line' id='line_1_42' title="bbox 290 2860 1741 2913; baseline -0.001 -15"><span class='ocrx_word' id='word_1_371' title='bbox 290 2862 418 2900; x_wconf 80' lang='lat' dir='ltr'>vallo?</span> <span class='ocrx_word' id='word_1_372' title='bbox 449 2863 548 2900; x_wconf 85' lang='lat' dir='ltr'>Nam</span> <span class='ocrx_word' id='word_1_373' title='bbox 569 2862 674 2900; x_wconf 91' lang='lat' dir='ltr'>initio</span> <span class='ocrx_word' id='word_1_374' title='bbox 694 2875 770 2900; x_wconf 89' lang='lat' dir='ltr'>non</span> <span class='ocrx_word' id='word_1_375' title='bbox 795 2863 961 2900; x_wconf 86' lang='lat' dir='ltr'>tribuere</span> <span class='ocrx_word' id='word_1_376' title='bbox 991 2862 1146 2912; x_wconf 87' lang='lat' dir='ltr'>aliquid,</span> <span class='ocrx_word' id='word_1_377' title='bbox 1166 2862 1411 2913; x_wconf 89' lang='lat' dir='ltr'>prudentium</span> <span class='ocrx_word' id='word_1_378' title='bbox 1437 2860 1632 2899; x_wconf 85' lang='lat' dir='ltr'>hominum</span> <span class='ocrx_word' id='word_1_379' title='bbox 1659 2868 1741 2898; x_wconf 87' lang='lat' dir='ltr'>est:</span> 
     </span>
     <span class='ocr_line' id='line_1_43' title="bbox 288 2920 1743 2974; baseline 0 -15"><span class='ocrx_word' id='word_1_380' title='bbox 288 2936 354 2959; x_wconf 76' lang='lat' dir='ltr'>eos</span> <span class='ocrx_word' id='word_1_381' title='bbox 387 2929 514 2961; x_wconf 80' lang='lat' dir='ltr'>autem</span> <span class='ocrx_word' id='word_1_382' title='bbox 544 2924 608 2974; x_wconf 88' lang='lat' dir='ltr'>qui</span> <span class='ocrx_word' id='word_1_383' title='bbox 637 2924 781 2962; x_wconf 85' lang='lat' dir='ltr'>habent</span> <span class='ocrx_word' id='word_1_384' title='bbox 809 2923 986 2973; x_wconf 88' lang='lat' dir='ltr'>spoliare,</span> <span class='ocrx_word' id='word_1_385' title='bbox 1018 2922 1283 2961; x_wconf 78' lang='lat' dir='ltr'>invidentium,</span> <span class='ocrx_word' id='word_1_386' title='bbox 1333 2922 1457 2965; x_wconf 85' lang='lat' dir='ltr'>Quam</span> <span class='ocrx_word' id='word_1_387' title='bbox 1479 2920 1699 2972; x_wconf 87' lang='lat' dir='ltr'>opinionem</span> <span class='ocrx_word' id='word_1_388' title='bbox 1720 2934 1743 2959; x_wconf 87' lang='lat' dir='ltr'>a</span> 
     </span>
    </p>
   </div>
  </div>
 </body>
</html>
