1923 3149
298 165 372 200 216
827 167 898 204 DE
929 168 1176 207 CORONA.

296 265 510 315 reperietur.¹
533 279 606 304 non
628 268 697 304 mci
716 281 723 305 :
754 270 829 318 qui,
850 283 924 320 quo
944 278 1111 321 tempore
1133 272 1288 309 infirmae
1308 278 1437 308 essent
1451 270 1614 322 Philippi
1635 284 1726 322 opes

294 332 332 362 et
351 325 554 364 admodum
573 335 721 374 tenues,
742 343 844 380 saepe
875 330 1165 381 praedicentibus
1185 332 1292 369 nobis
1312 339 1350 369 et
1367 332 1650 370 cohortantibus
1671 339 1725 369 at-

294 399 366 435 que
397 387 539 437 optima
565 389 864 435 ostendentibus,
886 391 1003 442 turpis
1025 392 1080 429 sui
1109 399 1279 442 quaestus
1300 392 1420 442 gratia
1440 392 1596 442 publica
1624 406 1726 430 com-

293 447 407 484 moda
436 448 685 499 projecerunt,
708 451 786 488 suis
807 452 947 501 singuli
967 452 1110 490 civibus
1132 452 1300 503 deceptis
1323 461 1362 490 et
1381 453 1582 503 corruptis,
1603 453 1726 490 donec

291 507 328 544 in
349 508 563 546 servitutem
583 510 823 561 redegerunt,
839 512 1043 550 Thessalos
1062 513 1258 558 Daochus,
1275 513 1427 558 Cineas,
1442 512 1699 564 Thrasydaeus
1715 526 1724 556 ;

292 569 461 606 Arcadas
483 570 678 615 Cercidas,
702 571 969 624 Hieronymus,
992 573 1268 624 Eucampida53
1303 574 1461 624 Argivos
1483 573 1632 624 Myrtis‚
1653 573 1727 611 Te-

290 628 475 675 ledamus,
507 630 711 674 Mnaseas:
745 631 856 670 Eleos
896 633 1117 678 Euxitheus,
1158 633 1383 679 Cleotimus‚
1424 633 1697 671 Aristaechmus
1715 646 1724 676 ;

292 689 510 727 Messenios
532 690 717 728 Philiadae
736 691 806 729 diis
827 693 935 731 invisi
953 693 1116 731 hominis
1140 694 1218 739 filii,
1235 693 1348 732 Neon
1365 701 1402 732 et
1417 693 1724 745 Thrasylochus;

292 751 489 802 Sicyonios
523 752 744 799 Aristratus,
776 753 1006 804 Epichares;
1038 755 1255 793 Corinthios
1288 754 1518 801 Dinarchus,
1540 755 1725 792 Demara-

289 819 372 854 tus;
405 812 652 862 Megarenses
674 813 912 860 Ptoeodorus,
943 815 1119 860 Helixus,
1150 815 1346 859 Perilaus3
1377 815 1578 852 Thebanos
1599 814 1725 852 Timo-

289 873 388 918 laus,
419 872 644 922 Theogiton‚
684 874 927 918 Anemoetas3
976 875 1142 913 Euboeos
1191 876 1446 926 Hipparchus,
1494 876 1725 920 Clitarchus,

289 933 517 971 Sosistratus
531 933 677 976 3——dies
697 946 757 971 me
775 934 927 972 deficiat
947 935 977 972 si
997 936 1124 973 omnia
1151 935 1386 986 proditorum
1418 936 1572 972 nomina
1597 947 1725 985 perse·

288 1007 394 1045 quar.
451 994 501 1030 Hi
521 1007 652 1031 omnes
672 1001 772 1038 sunt,
793 994 1062 1039 Athenienses,
1082 995 1216 1033 iisdem
1236 995 1401 1033 consiliis
1421 996 1460 1032 in
1491 996 1569 1032 suis
1595 994 1725 1046 patriis

288 1055 358 1100 usi,
378 1054 514 1104 quibus
535 1055 633 1105 apud
654 1068 721 1093 vos
742 1056 816 1102 isti,
835 1056 973 1106 impuri
999 1056 1172 1093 homines
1193 1062 1231 1093 et
1250 1057 1464 1094 adulatores
1485 1063 1523 1094 et
1543 1056 1725 1107 pestiferi,

284 1116 348 1166 qui
369 1128 457 1153 suas
477 1115 613 1166 singuli
631 1116 772 1165 patrias
793 1117 1027 1160 mutilarunt,
1047 1117 1259 1155 libertatem
1281 1125 1395 1155 antea
1410 1118 1600 1168 Philippo,
1623 1131 1723 1155 nunc

285 1176 506 1214 Alexandro
527 1176 787 1227 propinarunt,
808 1184 938 1217 ventre
958 1178 1159 1216 metientes
1178 1184 1215 1215 et
1233 1178 1456 1228 turpissimis
1468 1178 1723 1228 voluptatibus

284 1237 512 1283 felicitatem,
527 1237 735 1275 libertatern
757 1251 847 1275 vero
865 1244 904 1276 et
921 1238 1014 1275 nulli
1032 1251 1162 1289 parere
1183 1238 1351 1283 domino,
1366 1238 1430 1288 qui
1443 1239 1630 1276 veteribus
1651 1238 1724 1276 illis

286 1298 433 1335 Graecis
454 1296 549 1335 fines
569 1304 676 1335 erant
695 1305 733 1335 et
752 1298 894 1349 regulae
914 1300 1114 1344 bonorum,
1129 1298 1304 1336 funditus
1325 1306 1552 1336 evertentes.

337 1360 400 1396 92.
431 1358 558 1408 Hujus
579 1358 693 1409 igitur
713 1359 809 1396 adeo
829 1360 947 1409 turpis
969 1372 1013 1397 ac
1034 1359 1190 1396 famosae
1216 1359 1508 1410 conspirationis
1529 1367 1568 1397 et
1586 1355 1723 1410 impro—

280 1420 423 1465 bitatis,
441 1419 503 1457 vel
522 1420 682 1470 proditae
702 1422 842 1471 potius,
863 1421 1134 1466 Athenienses,
1152 1421 1182 1458 si
1209 1421 1320 1471 nugis
1342 1421 1469 1458 missis
1489 1421 1723 1470 loquendum

281 1482 342 1527 sit,
365 1480 587 1518 Graecorum
606 1480 804 1525 libertatis,
825 1494 911 1518 cum
933 1482 1066 1518 civitas
1098 1488 1232 1519 nostra
1264 1482 1367 1532 apud
1397 1494 1529 1519 omnes
1551 1481 1722 1519 homines

279 1554 329 1579 ex
362 1542 455 1579 meis
482 1542 520 1578 in
549 1555 628 1592 rep.
646 1541 842 1587 institutis,
861 1548 941 1579 turn
968 1554 1041 1592 ego
1068 1542 1170 1592 apud
1189 1555 1272 1588 vos,
1292 1542 1406 1592 culpa
1422 1555 1617 1580 vacamus.
1675 1542 1724 1579 Et

281 1610 323 1641 tu
343 1615 402 1640 me
422 1615 536 1652 rogas
553 1602 663 1653 cujus
684 1602 832 1640 virtutis
853 1615 944 1652 ergo
973 1602 1118 1640 honore
1150 1616 1209 1640 me
1235 1603 1394 1653 dignum
1425 1603 1583 1654 putem?
1640 1603 1723 1653 Ego

281 1663 348 1701 tibi
377 1662 603 1713 respondeo.
661 1662 869 1713 Propterea
900 1662 1017 1713 quod,
1046 1676 1137 1700 cum
1167 1664 1191 1701 ii
1223 1664 1288 1714 qui
1318 1663 1542 1701 Graecorum
1562 1663 1722 1701 admini-

282 1731 448 1762 strarunt
465 1723 700 1774 respublicas
713 1724 877 1774 corrupti
895 1724 1033 1761 fuerint
1047 1724 1227 1770 universi,
1240 1731 1277 1762 te
1293 1724 1457 1775 primurn
1475 1724 1723 1770 numerando,

279 1793 394 1824 antea
423 1797 446 1822 a
478 1784 669 1835 Philippo,
698 1797 801 1822 nunc
820 1785 868 1821 ab
886 1784 1119 1830 Alexandro,
1140 1798 1199 1823 me
1219 1798 1342 1834 neque
1360 1785 1553 1822 inclinatio
1572 1791 1718 1835 tempo-

278 1860 362 1884 rum
382 1858 506 1895 neque
520 1846 719 1883 verborum
740 1844 897 1882 comitas
914 1858 1040 1895 neque
1060 1846 1329 1896 promissorum
1349 1845 1573 1895 magnitudo
1594 1859 1718 1895 neque

278 1919 364 1957 spes
391 1918 514 1956 neque
539 1912 662 1942 metus
683 1918 808 1954 neque
825 1905 948 1955 gratia
966 1918 1089 1955 neque
1109 1905 1213 1942 aliud
1232 1906 1423 1956 quippiam
1445 1905 1625 1943 excitavit
1652 1919 1717 1944 ne-

279 1980 352 2018 que
372 1966 545 2011 adduxit,
564 1972 608 2002 ut
633 1966 837 2015 quicquam
857 1977 987 2003 eorum
1007 1979 1092 2016 quae
1112 1967 1332 2004 statuissem
1351 1966 1410 2003 vel
1431 1966 1480 2003 ad
1501 1969 1567 2014 jus
1587 1967 1647 2003 vel
1668 1967 1717 2004 ad

276 2029 476 2066 utilitatem
495 2026 625 2077 patriae
639 2027 823 2077 pertinere
839 2028 1052 2077 proderem,
1066 2040 1202 2076 neque,
1217 2040 1302 2077 quae
1320 2040 1488 2077 unquam
1509 2026 1613 2065 hisce
1629 2041 1716 2066 sua-

277 2089 321 2136 si,
336 2087 656 2139 quemadmodum
675 2100 742 2125 vos
763 2087 811 2125 ad
827 2088 975 2125 lucrum
991 2089 1099 2137 quasi
1119 2089 1156 2125 in
1178 2088 1319 2125 trutina
1338 2087 1580 2138 propendens
1599 2089 1714 2134 suasi,

277 2151 346 2190 sed
373 2163 395 2187 a
424 2156 529 2187 recto
561 2155 599 2186 et
624 2149 731 2199 justo
759 2155 796 2186 et
825 2148 1044 2199 incorrupto
1064 2149 1190 2186 animo
1210 2149 1337 2186 onmia
1354 2161 1594 2199 quaecunque
1614 2151 1737 2199 gessi,

276 2212 451 2263 profecta
470 2217 573 2254 sunt,
594 2215 645 2255 et,
665 2221 751 2246 cum
780 2210 947 2247 omnium
982 2210 1055 2247 mei
1088 2210 1268 2260 temporis
1298 2210 1513 2247 mortalium
1544 2211 1714 2248 maximis

276 2274 388 2310 rebus
407 2270 635 2322 praefuerim,
665 2270 732 2307 has
752 2282 883 2307 omnes
902 2270 1117 2308 salutariter
1145 2277 1184 2308 et
1211 2276 1313 2308 recte
1347 2277 1384 2307 et
1415 2269 1562 2320 integre
1594 2271 1712 2308 adrni-

278 2332 432 2370 nistravi
449 2344 457 2369 ε
487 2336 643 2381 propter
663 2330 748 2367 haec
767 2330 910 2368 honore
933 2344 991 2368 me
1011 2331 1170 2381 dignum
1192 2338 1299 2381 puto.

329 2393 393 2430 93.
426 2391 677 2428 Munitionem
697 2396 824 2428 autem
839 2390 963 2436 istam,
980 2392 1028 2428 ob
1044 2403 1158 2441 quarn
1178 2397 1219 2428 tu
1240 2403 1299 2428 me
1320 2390 1490 2428 malefice
1505 2391 1714 2440 lacerabas,

275 2461 313 2492 et
331 2453 518 2489 fossarum
539 2451 782 2488 refectionem
804 2452 962 2500 gratiam
982 2451 1133 2501 quidem
1154 2464 1197 2488 ac
1217 2450 1367 2488 laudem
1399 2452 1531 2489 mereri
1555 2452 1713 2503 judico:

275 2513 432 2567 quidni?
460 2514 574 2564 longe
604 2520 730 2550 tamen
761 2525 783 2550 a
812 2515 925 2550 rebus
947 2514 1048 2550 meis'
1072 2513 1109 2550 in
1139 2526 1217 2564 rep.
1240 2513 1357 2563 gestis
1378 2526 1567 2552 semoveo.
1625 2515 1710 2552 Nou

275 2577 375 2615 enim
400 2575 589 2626 lapidibus
622 2575 756 2611 urbem
786 2586 908 2624 neque
937 2574 1118 2611 lateribus
1138 2574 1277 2611 munivi
1297 2587 1382 2624 ego,
1401 2586 1473 2612 nec
1492 2575 1529 2611 in
1548 2575 1604 2612 his
1622 2576 1712 2612 mihi

274 2638 464 2690 praecipue
483 2649 567 2674 esse
586 2635 826 2685 gloriandum
839 2635 939 2672 duco
955 2648 964 2672 ι
994 2635 1063 2672 sed
1082 2636 1112 2672 si
1132 2635 1360 2673 munitiones
1379 2648 1485 2673 meas
1498 2635 1604 2686 juste
1618 2636 1710 2674 velis

275 2706 465 2744 excutere,
486 2697 656 2735 invenies
688 2709 804 2741 arma,
838 2697 965 2742 urbes,
996 2697 1095 2742 loca,
1124 2704 1271 2747 portus,
1293 2710 1421 2742 naves,
1441 2709 1572 2748 equos,
1591 2704 1629 2734 et
1646 2698 1711 2748 qui

275 2774 342 2811 pro
366 2760 472 2797 hisce
498 2764 782 2809 propugnarent
808 2757 958 2794 milites.
1017 2757 1110 2794 Haec
1140 2769 1213 2807 ego
1245 2756 1480 2794 munimenta
1503 2763 1590 2794 ante
1611 2757 1710 2794 Atti-

276 2834 359 2859 cam
380 2819 549 2866 obtendi,
568 2825 711 2870 quanta
734 2818 900 2855 maxima
927 2818 1093 2855 humano
1120 2819 1303 2869 consequi
1323 2817 1427 2855 licuit
1450 2817 1617 2867 ingenio,
1637 2818 1710 2855 his-

277 2895 349 2934 que
379 2881 569 2931 regionem
597 2886 717 2918 totam
735 2878 977 2924 communivi,
996 2891 1072 2916 non
1103 2878 1233 2916 Piraeei
1262 2884 1409 2916 tantum
1435 2885 1501 2915 aut
1520 2878 1619 2916 urbis
1638 2879 1709 2916 cir-
