1923 3149
514 199 587 237 DE
619 199 768 238 MALE
800 197 973 237 GESTA
1004 198 1342 237 LEGATIONE.
1578 199 1655 234 273

201 303 316 354 sium,
337 317 502 357 eumque
517 307 565 345 ad
586 306 805 361 Philippum
827 303 993 343 remisit?
1023 303 1132 351 Post,
1150 305 1213 342 ille
1237 305 1494 344 conductitios
1516 303 1655 342 milites

199 365 376 413 adduxit,
397 368 490 406 alter
507 368 608 406 intus
629 369 720 407 talia
741 367 932 406 instruxit.
963 366 1053 405 Non
1069 367 1171 404 enim
1190 374 1263 413 est,
1284 381 1359 405 non
1377 368 1580 418 quicquam
1597 372 1657 404 est

199 438 322 465 rerum
339 430 521 476 omnium,
540 431 644 482 quod
658 431 782 481 magis
799 430 849 468 sit
862 428 1093 473 cavendum,
1106 440 1219 478 quam
1239 440 1286 464 ne
1306 441 1419 478 quem
1440 428 1558 478 vulgo
1573 439 1655 464 ma-

192 487 316 538 jorem
337 491 417 528 fieri
437 492 646 543 patiamini.
677 492 737 530 Ne
754 491 841 528 mihi
863 490 912 529 sit
926 490 1143 535 incolumis,
1159 502 1283 540 neque
1296 502 1385 527 vero
1405 496 1536 540 pereat
1549 489 1654 539 quis-

196 561 325 599 quam,
346 553 440 590 eerti
460 553 664 604 cujusdam
684 553 882 598 arbitratu,
900 551 1016 589 sedis
1036 563 1146 602 quern
1169 551 1274 588 facta
1287 563 1358 588 sua
1372 557 1541 596 tuentur,
1561 562 1655 587 con-

196 616 344 662 traque,
366 621 409 652 ut
420 614 486 665 jus
507 620 546 652 et
563 627 716 666 aequum
734 621 808 661 est,
834 614 873 652 in
892 613 1009 651 istum
1030 613 1223 652 sententia
1239 612 1393 650 feratur.
1438 611 1525 649 Hoc
1551 611 1653 648 enim

196 675 382 724 populare
401 683 473 714 est.

251 736 315 772 83.
344 736 435 773 Jam
459 749 563 787 saepe
584 735 736 782 accidit,
761 743 804 774 ut
829 748 898 788 pro
927 736 1073 775 ratione
1103 743 1334 787 temporum,
1365 733 1519 784 quidam
1550 730 1652 782 apud

192 806 261 833 vos
278 796 438 835 multum
451 797 657 848 potuerint,
674 804 718 835 ut
730 798 975 836 Callistratus
989 798 1067 844 ille,
1082 804 1124 835 ut
1145 796 1368 848 Aristopho,
1389 794 1653 846 Diophantus,

194 855 256 893 alii
275 856 334 894 his
354 858 603 910 antiquiores.
634 859 713 897 Sed
730 860 795 897 ubi
814 859 951 897 horum
978 858 1120 909 singuli
1140 858 1396 909 principatum
1417 853 1653 894 tenuerunt?

194 918 316 969 Apud
336 921 535 971 populum.
566 921 612 958 In
625 921 782 972 judiciis
804 927 946 968 autem,
966 920 1017 958 ad
1028 919 1258 958 hodiernum
1277 931 1399 968 usque
1419 918 1519 956 diem
1539 928 1653 954 nemo

191 979 254 1017 vel
267 981 389 1027 vobis,
410 982 472 1020 vel
487 982 651 1033 legibus,
667 983 728 1021 vel
743 982 998 1034 jurejurando
1016 981 1103 1033 plus
1124 981 1254 1020 valuit.
1286 981 1422 1030 ltaque
1441 992 1513 1017 nec
1532 978 1651 1018 istum

192 1052 296 1079 nunc
323 1042 464 1081 sinatis.
518 1043 632 1082 Hanc
664 1044 763 1081 enim
794 1056 872 1081 rem
892 1043 998 1081 vobis
1026 1043 1150 1094 magis
1171 1055 1258 1081 esse
1278 1040 1506 1088 cavendam,
1533 1052 1651 1090 quam

190 1100 273 1139 istis
294 1103 506 1150 fidendum,
526 1111 569 1142 ut
589 1105 733 1151 sciatis,
755 1117 942 1156 responsa
959 1104 1116 1142 deorum
1135 1103 1243 1142 vobis
1263 1104 1446 1149 recitabo,
1466 1102 1530 1153 qui
1551 1113 1650 1140 sem·
1682 1138 1685 1141 ,

189 1175 257 1213 per
276 1164 398 1203 multo
416 1167 538 1218 magis
564 1167 836 1219 rempublicam
857 1172 1027 1212 tuentur,
1045 1179 1161 1217 quam
1179 1166 1252 1217 ipsi
1272 1165 1535 1217 magistratus.
1570 1164 1649 1202 Re-

188 1225 264 1264 cita
282 1228 452 1267 oracula.
1280 1241 1291 1249 ·

776 1366 1057 1406 ORACULA.

187 1459 355 1506 Auditis,
377 1461 653 1509 Athenienses,
674 1463 806 1513 qualia
825 1462 877 1501 dii
895 1462 1006 1501 vobis
1027 1460 1267 1513 praedicant?
1297 1460 1374 1510 qui,
1394 1459 1426 1498 si
1439 1458 1530 1497 belli
1551 1465 1648 1498 tem-

185 1533 276 1572 pore
308 1523 415 1561 vobis
450 1524 536 1562 haec
570 1524 879 1576 respondissent,
911 1523 1160 1575 imperatores
1189 1522 1384 1561 cavendos
1422 1535 1508 1560 esse
1539 1522 1648 1560 vobis

186 1582 426 1622 monuissent
443 1585 549 1636 (belli
569 1585 671 1623 enim
691 1586 810 1623 duces
839 1590 932 1623 sunt
958 1584 1237 1636 imperatores),
1265 1590 1305 1621 at
1322 1596 1418 1634 pace
1438 1583 1556 1628 facta,
1575 1582 1650 1621 rei-

185 1644 352 1695 publicae
378 1647 669 1697 gubernatores.
718 1648 769 1686 Hi
791 1647 892 1685 enim
914 1647 1034 1685 duces
1055 1653 1158 1691 sunt,
1177 1646 1236 1684 his
1255 1659 1324 1684 vos
1342 1646 1499 1697 paretis,
1519 1647 1567 1684 ab
1589 1646 1648 1684 his

183 1706 398 1757 periculum
428 1715 499 1754 est,
531 1722 580 1747 ne
600 1708 855 1760 decipiamini.
905 1708 1050 1747 Urbem
1081 1721 1195 1760 porro
1227 1708 1540 1759 conjungendam
1560 1721 1648 1746 esse

182 1776 314 1807 monet
334 1771 543 1817 oraculum,
565 1778 608 1809 ut
627 1785 759 1813 omnes
791 1771 1051 1818 consentiant,
1078 1783 1176 1809 neve
1201 1770 1379 1808 hostibus
1405 1770 1646 1822 voluptatem

180 1830 394 1880 praebeant.
454 1832 594 1870 Utrum
612 1832 728 1883 igitur
748 1832 908 1884 putatis,
929 1832 1204 1879 Athenienses,
1232 1844 1320 1869 eum
1340 1831 1405 1881 qui
1422 1838 1482 1869 tot
1499 1832 1648 1870 scelera

179 1892 424 1942 perpetravit,
445 1902 730 1940 conservatum,
751 1906 801 1932 an
822 1894 1064 1942 mulctatum,
1083 1894 1325 1944 voluptatem
1345 1893 1527 1944 Philippo
1546 1907 1646 1945 prae-

178 1951 373 1991 bitururn?
402 1954 593 2006 Equidem
617 1955 751 2006 opinor
779 1962 1063 1994 conservatum.
1100 1955 1249 1993 Asserit
1275 1961 1405 1992 autem
1430 1954 1644 2001 oraculum,

179 2025 330 2065 semper
350 2028 437 2057 esse
459 2017 674 2055 curandum
696 2030 745 2056 ne
772 2017 904 2056 hostes
923 2017 1134 2069 gaudeant.
1167 2017 1314 2055 Omnes
1333 2016 1449 2067 igitur
1468 2017 1644 2055 hortatur

177 2087 256 2113 uno
275 2075 418 2123 animo,
434 2077 484 2115 ad
496 2078 713 2128 puniendos
728 2091 794 2117 eos
809 2079 873 2130 qui
887 2079 1032 2130 aliquid
1048 2079 1163 2117 officii
1177 2078 1354 2116 hostibus
1368 2079 1644 2129 praestiterunt,

178 2135 345 2187 Jupiter,
375 2137 518 2184 Dione,
544 2150 678 2177 omnes
705 2139 771 2176 dii.
820 2140 928 2175 Foris
956 2147 1048 2176 sunt
1077 2139 1143 2190 qui
1171 2139 1415 2185 insidientur,
1447 2140 1550 2177 intus
1578 2141 1643 2191 qui

172 2197 312 2246 juvent
336 2197 594 2236 insidiatores.
635 2198 805 2234 Proinde
831 2197 1100 2236 insidiatorum
1125 2212 1269 2236 munus
1291 2205 1362 2245 est,
1381 2199 1536 2251 largiri:
1571 2202 1641 2239 ad-

168 2258 344 2309 jutorum
363 2264 507 2306 autem,
527 2257 717 2310 accipere,
742 2265 783 2298 et
801 2271 867 2297 eos
895 2260 962 2310 qui
981 2260 1212 2312 acceperint,
1233 2260 1344 2298 tueri.

230 2321 295 2358 84.
323 2319 347 2357 J
352 2333 413 2358 am
431 2319 604 2357 humana
621 2320 735 2358 etiam
752 2319 959 2371 prudentia
978 2321 1143 2372 perspici
1162 2327 1304 2372 potest,
1324 2321 1494 2360 omnium
1514 2322 1640 2362 inimi-

174 2381 372 2420 cissimum
387 2394 491 2428 esse,
512 2387 553 2420 et
575 2382 744 2419 maxime
763 2381 1039 2433 periculosum,
1060 2383 1093 2421 si
1119 2383 1297 2435 princeps
1328 2383 1494 2423 civitatis
1516 2385 1561 2424 iis
1580 2386 1637 2425 fa-

175 2442 328 2483 miliaris
344 2443 425 2489 fiat,
443 2456 606 2494 quorum
627 2443 742 2481 animi
763 2456 786 2481 a
803 2444 935 2495 populi
957 2444 1093 2483 studiis
1113 2445 1333 2484 abhorrent.
1362 2445 1515 2489 Quibus
1535 2448 1638 2486 enim

172 2505 288 2543 rebus
305 2503 506 2556 Philippus
520 2518 652 2544 omnes
671 2505 880 2556 subegerit,
903 2518 981 2557 qua
1000 2507 1147 2546 ratione
1167 2508 1337 2546 maxima
1354 2520 1521 2560 quaeque
1542 2523 1636 2548 con-

172 2566 319 2612 fecerit,
340 2572 525 2618 spectate.
555 2567 743 2606 Emendis
764 2567 980 2607 actionibus
999 2570 1048 2608 ab
1068 2569 1112 2607 iis
1133 2571 1197 2621 qui
1210 2570 1447 2619 vendebant,
1465 2583 1635 2610 eorrum-

172 2627 311 2679 pendis
320 2627 556 2679 principibus
570 2629 782 2677 civitatum,
795 2629 919 2681 iisque
932 2630 1181 2670 extollendis.
1212 2632 1312 2670 Haec
1327 2638 1457 2670 autem
1470 2639 1636 2683 utraque

171 2689 210 2726 in
229 2695 358 2728 vestra
375 2695 570 2741 potestate
595 2697 668 2738 est,
694 2690 824 2738 hodie,
855 2691 887 2730 si
917 2692 1048 2740 vultis,
1074 2692 1201 2732 facere
1227 2692 1345 2740 irrita,
1378 2694 1409 2731 si
1437 2701 1476 2731 et
1500 2693 1633 2732 audire

171 2750 268 2790 istos
296 2750 450 2797 noletis,
470 2750 537 2802 qui
555 2751 695 2793 talibus
723 2751 945 2792 hominibus
975 2754 1279 2805 patrocinantur,
1310 2755 1378 2792 sed
1405 2754 1633 2802 ostendetis,

171 2811 319 2851 nullam
342 2824 476 2851 eorum
496 2824 584 2851 esse
604 2813 709 2864 apud
734 2826 803 2852 vos
832 2814 1100 2855 auctoritatem
1128 2817 1248 2866 (nunc
1278 2816 1380 2853 enim
1400 2828 1468 2853 vos
1497 2815 1535 2853 in
1562 2827 1633 2855 sua

171 2879 467 2923 potestate-esse
486 2873 652 2924 dicunt),
672 2880 711 2913 et
729 2874 856 2926 ipsum
877 2877 1117 2916 venditorem
1137 2876 1317 2929 punietis,
1340 2876 1458 2927 idque
1477 2875 1515 2913 in
1537 2889 1632 2916 con-

171 2941 306 2985 spectu
323 2936 508 2977 omnium.
556 2936 658 2977 Nam
678 2949 766 2976 cum
793 2938 972 2977 omnibus
991 2942 1078 2988 jure
1111 2938 1333 2985 irascimini,
1358 2938 1631 2987 Athenienses,

861 3001 885 3036 2
913 3013 940 3038 N
