1923 3149
522 134 728 173 ORATIO
760 135 830 172 DE
862 135 1165 173 CLASSlBUS.
1487 141 1559 178 129

120 243 257 280 terent,
279 243 477 290 venturum
497 250 583 275 esse
600 238 759 288 Regem,
777 235 925 280 adesse,
947 249 1023 274 non
1053 237 1160 273 aliter
1176 249 1287 286 posse
1316 238 1407 284 fieri,
1426 245 1462 277 et
1481 253 1557 278 una

118 309 204 333 cum
225 298 436 336 oratoribus
470 299 531 336 alii
565 298 722 336 totidem
749 297 1054 342 vaticinarentur,
1075 309 1151 333 non
1180 299 1293 335 modo
1313 312 1386 336 non
1409 301 1557 338 confer-

118 364 213 402 rent,
234 358 301 395 sed
322 372 390 397 nec
417 360 638 410 proferrent,
659 365 724 396 aut
742 359 949 396 faterentur
965 371 1004 395 se
1031 358 1183 395 habere.
1241 359 1291 395 At
1309 360 1338 395 si
1359 362 1555 400 verborum

116 424 273 455 terrores
290 420 382 457 istos
398 421 446 457 ad
467 433 543 457 rem
564 419 723 457 conferri
740 419 922 463 viderent,
938 431 1048 456 nemo
1066 419 1116 455 ita
1135 418 1295 456 stolidus
1311 426 1379 464 cst,
1399 421 1462 469 qui
1478 434 1552 459 non

115 479 318 517 liberaliter
337 481 457 526 daret,
478 488 516 518 et
534 481 675 530 primus
691 480 902 517 conferret:
933 480 1015 530 quis
1035 479 1134 516 enim
1155 479 1263 517 malit
1277 480 1355 530 ipse
1372 494 1447 517 una
1467 494 1554 518 curn

116 541 276 578 fortunis
296 542 470 579 omnibus
490 541 653 586 interire,
673 553 788 589 quam
810 547 952 590 partem
974 541 1199 578 facultatum
1219 554 1286 591 pro
1301 541 1502 591 semetipso
1520 549 1558 579 et

115 594 265 651 reliquis
287 603 363 639 suis
388 602 497 639 bonis
518 600 711 639 conferre?
742 601 946 639 Pecuniam
976 602 1088 651 igitur
1115 609 1195 639 tum
1216 602 1253 638 in
1281 609 1456 652 promptu
1474 603 1554 640 fore

115 662 214 706 dico,
234 675 320 699 curn
347 675 478 700 revera
506 663 619 700 fuerit
650 676 769 714 opus;
800 676 874 700 non
895 663 1023 713 prius:
1053 663 1212 714 proinde
1237 676 1285 700 ne
1308 664 1553 713 quaerendam

114 722 266 772 quidem
286 736 449 766 censeo;
480 730 662 774 quantum
682 724 779 761 enim
801 737 904 762 nunc
923 724 1138 774 exigeretis,
1159 725 1189 762 si
1209 725 1452 763 institueretis
1476 726 1554 763 exi-

113 796 214 833 gere,
230 783 268 820 id
288 784 410 833 magis
424 784 622 822 ridiculum
639 785 763 830 fuerit,
782 798 895 835 quam
911 785 940 822 si
960 785 1051 822 nihil
1072 785 1226 822 omnino
1240 792 1343 823 esset
1362 793 1552 824 exactum.

115 844 197 894 Age
218 846 463 882 centesimam
483 845 633 896 jubebit
666 845 830 895 aliquis?
858 845 1015 896 proinde
1047 847 1244 895 sexaginta
1269 846 1414 884 talenta
1437 847 1551 885 dicet.

115 905 191 942 Sed
211 905 562 956 quinquagesimam
583 907 683 945 dicet
702 907 849 956 aliquis,
866 906 1052 957 duplum?
1083 907 1238 956 proinde
1270 914 1422 944 centum
1441 915 1480 945 et
1498 908 1551 945 vi-

111 966 217 1016 ginti.
274 967 422 1017 Ecquid
437 968 510 1005 hoc
530 975 586 1005 est
601 968 647 1005 ad
666 969 854 1006 ducentos
869 975 908 1006 et
925 968 1026 1005 mille
1047 968 1227 1012 camelos,
1248 980 1344 1017 quos
1366 968 1464 1018 Regi
1484 981 1553 1018 pe-

111 1027 261 1064 cuniam
282 1028 417 1065 vehere
447 1028 508 1066 isti
538 1028 727 1065 dictitant.
785 1029 859 1066 Sed
881 1042 1034 1079 ponam,
1054 1029 1152 1064 velle
1172 1040 1239 1064 vos
1262 1029 1435 1066 conferre
1454 1029 1550 1066 duo-

110 1087 310 1133 decimam,
332 1089 541 1138 quingenta
552 1088 730 1125 -talentass‘
757 1102 887 1125 verum
913 1089 950 1125 id
970 1102 1036 1126 vos
1058 1101 1128 1125 nec
1149 1088 1397 1134 sustinebitis,
1418 1102 1501 1134 nec,
1523 1090 1553 1127 si

109 1149 330 1194 numeretis,
349 1149 450 1185 bello
471 1161 539 1198 par
555 1148 624 1185 erit
643 1149 816 1197 pecunia.
874 1147 1149 1198 Caeteraigitur
1167 1149 1272 1186 vobis
1292 1156 1381 1186 sunt
1395 1162 1550 1200 compa-

107 1208 250 1251 randa3
287 1208 453 1259 pecunia
485 1207 731 1257 relinquenda
763 1221 863 1245 nune
896 1207 974 1244 suis
1011 1209 1318 1258 possessoribus:
1359 1223 1550 1259 nusquam

107 1270 205 1307 enirn
224 1269 439 1319 reipublicae
454 1267 692 1306 commodius
712 1275 751 1305 et
768 1268 964 1305 honestius
978 1268 1224 1306 costodietur.
1270 1270 1368 1306 Cum
1382 1283 1469 1308 vero
1484 1284 1551 1309 ne-

106 1331 265 1368 cessitas
292 1330 358 1367 illa
388 1330 544 1375 venerit,
564 1338 644 1367 tum
670 1330 768 1366 ultro
797 1329 1079 1367 conferentibus
1111 1329 1198 1375 illis,
1219 1331 1441 1381 accipienda
1469 1332 1552 1369 erit.

109 1391 205 1429 Haec
224 1397 263 1428 et
283 1391 363 1428 fieri
390 1396 564 1441 possunt,
584 1390 855 1436 Athenienses,
879 1396 917 1428 et
934 1391 1037 1428 factu
1057 1391 1221 1429 honesta
1248 1398 1338 1429 sunt
1362 1399 1401 1429 et
1419 1392 1548 1436 utilia:

50 1449 54 1453 ’
105 1458 144 1490 et
161 1452 279 1503 digna
297 1465 382 1502 quae
399 1452 499 1501 Regi
517 1452 564 1489 de
584 1451 692 1489 vobis
712 1451 953 1497 nuncientur,
976 1465 1098 1502 neque
1118 1466 1184 1503 per
1203 1453 1286 1491 haec
1309 1454 1402 1491 levis
1421 1455 1455 1492 ei
1475 1462 1549 1492 ter-

105 1526 166 1550 ror
191 1513 428 1551 incuteretur.
477 1513 557 1550 Scit
569 1512 668 1550 enim
683 1513 844 1563 majores
858 1526 948 1551 suos
973 1526 994 1551 a
1019 1514 1200 1552 trecentis
1216 1514 1440 1561 triremibus,
1453 1529 1548 1566 qua-

105 1587 188 1612 rum
216 1587 286 1612 nos
301 1583 454 1612 centum
470 1574 716 1625 praebuimus,
738 1574 838 1611 mille
858 1587 974 1611 naves
1004 1575 1182 1612 subactas
1205 1576 1376 1613 amisisse
1394 1589 1402 1613 :
1433 1583 1548 1626 atque

106 1635 245 1681 audiet,
265 1642 451 1673 trecentas
470 1635 640 1672 triremes
660 1647 726 1672 vos
746 1635 848 1686 ipsos
869 1635 1102 1673 instruxisse.
1159 1636 1286 1679 Quare
1299 1650 1376 1674 non
1389 1645 1544 1685 temere,

105 1696 257 1734 tametsi
272 1696 383 1734 valde
402 1697 577 1742 insaniet,
592 1696 806 1734 inimicitias
816 1703 955 1733 nostrae
971 1696 1072 1733 urbis
1088 1697 1158 1734 sibi
1174 1699 1320 1747 putabit
1335 1699 1546 1749 suscipien-

106 1757 189 1795 das.
246 1757 361 1799 Quod
387 1758 417 1794 si
435 1763 589 1808 propter
607 1757 808 1807 pecuniam
829 1758 862 1794 ei
890 1757 992 1794 subit
1019 1756 1138 1794 efferri
1160 1758 1310 1803 animis,
1331 1759 1370 1796 id
1391 1773 1545 1811 quoque

104 1818 316 1869 subsidipm
336 1825 463 1856 vestro
483 1818 663 1855 infirmius
683 1818 856 1868 reperiet.
912 1818 951 1854 Is
972 1818 1085 1863 enim,
1105 1831 1249 1865 aurum,
1273 1826 1317 1856 ut
1336 1820 1453 1865 aiunt,
1479 1834 1545 1858 ve-

102 1880 181 1917 hit:
211 1880 313 1930 quod
330 1879 394 1917 ubi
408 1879 652 1924 distribuerit,
672 1879 849 1928 requiret.
873 1927 875 1929 ι
906 1879 1005 1916 Nam
1022 1885 1061 1916 et
1075 1879 1200 1917 fontes
1214 1887 1252 1917 et
1266 1881 1369 1931 putei
1384 1881 1546 1920 deficere

103 1940 240 1987 solent,
262 1940 292 1978 si
313 1940 397 1990 quis
417 1952 596 1990 magnam
611 1940 697 1977 inde
724 1940 872 1990 copiam
890 1939 1013 1985 simul,
1035 1946 1074 1977 et
1095 1941 1239 1986 crebro,
1262 1942 1448 1980 hauserit:
1478 1957 1546 1982 vo-

100 2001 160 2039 bis
175 2008 303 2039 autem
322 2002 402 2052 agri
421 2001 708 2039 aestimationem
730 2014 795 2038 sex
814 2001 918 2038 mille
939 2001 1126 2039 talentum
1142 2002 1312 2040 subsidio
1332 2017 1414 2042 esse
1435 2006 1544 2043 audi-

103 2068 153 2108 et,
173 2075 241 2113 pro
262 2063 370 2113 cujus
397 2062 618 2100 defensione
645 2068 883 2113 pugnaturos
909 2076 994 2100 esse
1013 2076 1097 2108 nos,
1118 2063 1285 2114 majores
1299 2065 1393 2115 ejus,
1415 2066 1477 2116 qui
1506 2067 1544 2104 in

103 2123 333 2162 Marathone
352 2124 517 2169 fuerunt,
539 2123 678 2174 optime
698 2124 882 2161 noverint.
939 2124 1043 2161 Dum
1057 2137 1147 2162 vero
1161 2125 1374 2175 superiores
1389 2127 1543 2174 erimus,

99 2185 265 2237 pecunia
278 2185 409 2235 utique
422 2185 532 2222 defici
549 2198 626 2222 non
645 2185 866 2235 poterimus.

152 2248 189 2284 9.
219 2247 276 2284 Ac
288 2259 335 2283 ne
348 2245 443 2283 illud
461 2246 614 2296 quidem
634 2245 738 2295 quod
754 2245 929 2282 nonnulli
948 2252 1134 2291 metuunt,
1157 2259 1218 2292 ne,
1239 2259 1326 2284 cum
1341 2249 1542 2298 pecuniam

100 2307 253 2353 habeat,
274 2319 439 2357 magnas
465 2306 652 2357 peregrini
673 2306 800 2343 militis
819 2305 948 2356 copias
974 2307 1176 2353 conducat,
1201 2321 1330 2345 verum
1352 2322 1434 2347 esse
1451 2309 1544 2348 mihi

98 2367 272 2405 videtur:
300 2381 372 2418 ego
391 2368 491 2404 enim
513 2367 674 2405 arbitror
692 2373 827 2404 contra
861 2367 1070 2417 AEgyptum
1101 2376 1138 2405 et
1166 2368 1349 2406 Orontem
1383 2378 1422 2408 et
1446 2371 1542 2410 alios

101 2428 290 2465 Barbaros
305 2428 488 2477 quosdam
508 2427 646 2465 multos
675 2427 834 2466 fortasse
856 2428 1078 2465 Graecorum
1098 2429 1193 2467 velle
1214 2430 1316 2480 apud
1338 2431 1442 2474 illum
1462 2445 1543 2470 me·-

99 2501 180 2526 rere
195 2488 394 2538 stipendia,
414 2502 490 2526 non
504 2495 548 2526 ut
565 2488 627 2525 ille
643 2489 776 2526 horum
797 2489 960 2539 aliquem
979 2489 1117 2540 capiat,
1136 2491 1204 2528 sed
1223 2492 1479 2542 unusquisque
1499 2501 1543 2531 ut

98 2549 233 2600 opibus
253 2549 442 2599 aliquibus
456 2549 572 2600 partis
598 2557 757 2600 urgente
783 2550 910 2600 inopia
934 2549 1135 2587 liberetur:
1169 2551 1237 2589 sed
1263 2551 1328 2601 qui
1358 2553 1540 2603 reliquam

100 2609 293 2648 Graeciam
307 2609 485 2647 invadere
498 2610 601 2656 velit,
615 2610 760 2648 nullum
774 2611 954 2650 Graecum
966 2610 1044 2648 fore
1058 2611 1237 2655 arbitron
1254 2625 1328 2662 quo
1343 2613 1442 2650 enim
1458 2614 1540 2664 ipse

97 2678 235 2723 postea
252 2684 292 2709 se
311 2671 532 2708 convertet?
563 2672 606 2708 In
625 2672 832 2724 Phrygiam
858 2672 1083 2723 profectus?
1112 2673 1268 2711 serviet:
1298 2687 1420 2724 neque
1439 2674 1539 2713 enim

99 2733 175 2771 alia
192 2733 240 2771 de
255 2732 449 2770 rebellum
469 2737 527 2769 est
543 2746 630 2770 cum
644 2734 827 2780 Barbaro,
840 2747 954 2784 quam
969 2733 1016 2771 de
1026 2746 1133 2784 agro,
1154 2734 1202 2771 de
1221 2734 1310 2779 vita,
1325 2734 1371 2770 de
1386 2735 1538 2773 institu-

99 2795 159 2841 tis,
174 2794 222 2832 de
236 2794 423 2839 libertate,
438 2792 486 2830 de
501 2793 639 2831 talibus
655 2794 767 2832 rebus
782 2795 972 2833 omnibus.
1019 2794 1113 2838 Quis
1126 2795 1240 2844 igitur
1254 2794 1307 2831 ita
1319 2800 1377 2831 est
1394 2795 1539 2842 infelix,

100 2862 142 2893 ut
162 2855 419 2906 semetipsum,
440 2860 627 2906 parentes,
648 2855 836 2906 sepulcra,
850 2855 1023 2906 patriam,
1043 2854 1145 2906 parvi
1166 2853 1289 2892 lucelli
1310 2855 1431 2904 gratia
1451 2857 1539 2894 velit

777 2930 795 2952 S

1910 2044 1920 2256 -wn-m-uaa--n
1915 2024 1920 2035 -
1912 1844 1923 2015 amum-s:
1914 1622 1923 1838 *mn—„s-
1919 1578 1923 1615 N..
1919 1563 1923 1568 .
1920 1533 1923 1553 <„
1920 1488 1923 1496 V
1920 1468 1923 1477 Α

1908 2486 1923 2744 -2-‹3423232-5-7200„
1908 2449 1923 2476 ιχ
1908 2327 1923 2442 ”5’5‘7‘
1909 2308 1917 2319 5
1910 2265 1917 2295 w·

1902 2923 1914 3149 '-·²r2-··-:r-·-v‚-÷
