1923 3149
544 156 775 195 CONTRA
809 155 1241 194 ANDROTIONEM.
1543 157 1618 192 357

167 271 294 297 cerem
324 260 583 298 mentionem:
615 273 717 297 nunc
737 259 828 297 satis
850 257 942 304 scio,
963 257 1056 294 nihil
1076 271 1162 294 eum
1185 257 1347 308 simplex
1369 264 1436 295 aut
1467 270 1620 308 aequum

169 333 284 370 posse
305 320 453 366 afferre,
476 322 544 359 sed
564 321 743 358 daturum
761 333 929 372 operam,
946 325 988 356 ut
1001 318 1230 368 quibusdam
1247 319 1449 369 praestigiis
1464 319 1624 357 crimina

169 381 316 428 eludat,
346 388 384 420 et
403 382 552 420 callidis
574 389 688 433 atquc
710 380 891 432 improbis
910 377 1122 417 rationibus
1144 378 1328 429 deceptos
1359 392 1425 416 vos
1457 393 1479 417 a
1510 393 1627 418 causa

168 442 350 480 abducat.
391 442 464 481 Est
486 443 600 489 enim,
622 442 896 487 Athenienses,
917 440 1071 478 dicendi
1099 439 1251 485 artifex,
1272 446 1311 476 ct
1339 453 1491 478 omnem
1511 442 1548 478 in
1578 455 1624 479 co

168 503 296 541 studio
316 510 470 543 aetatem
489 503 742 554 consumpsit.
782 503 843 540 Ne
863 502 975 552 igitur
994 501 1147 551 decepti
1167 514 1212 538 eo
1238 500 1496 547 adducamini,
1518 510 1559 539 ut
1589 509 1628 540 et

169 571 305 602 contra
329 578 443 614 quam
470 564 720 615 jurisJurandi
749 563 882 613 religio
910 562 1095 613 postulat,
1129 562 1404 613 pronuncietis,
1430 569 1468 599 et
1498 564 1626 609 istum,

170 638 287 675 quem
316 625 492 663 mulctari
519 625 650 662 multis
680 625 898 662 nominibus
936 636 1090 673 aequum
1122 630 1195 669 cst,
1227 622 1447 668 absolvatis,
1482 631 1627 662 attente

172 686 302 723 audite
323 687 535 724 orationem
555 699 699 724 meam:
731 693 774 723 ut
798 685 848 723 dc
876 684 1039 736 singulis
1066 684 1176 723 istius
1196 683 1361 734 effugiis,
1392 698 1452 723 me
1484 686 1628 732 audito,

173 753 276 785 recte
297 754 465 786 statuere
485 748 652 798 possitis.

225 810 264 845 3.
296 808 383 846 Una
403 809 497 847 ratio
530 810 563 847 ei
592 817 664 856 cst,
697 824 813 860 quam
842 811 1086 848 artificiosam
1120 823 1206 848 esse
1236 816 1362 861 putat,
1390 811 1438 848 de
1472 810 1629 849 decreto

172 870 252 908 sine
269 876 427 909 senatus
442 871 670 908 auctoritate
688 872 944 922 promulgato.
977 872 1073 916 Lex,
1090 872 1225 922 inquit,
1240 878 1314 917 est,
1335 871 1376 909 si
1410 885 1426 908 s
1441 885 1460 909 e
1474 886 1498 908 n
1512 886 1535 909 a
1549 880 1594 909 tu
1613 887 1629 911 5

173 932 251 969 ita
282 945 427 970 suum
458 945 638 969 munus
673 932 1094 978 administrarit,
1126 939 1178 970 ut
1208 932 1414 984 praemio
1441 932 1630 983 dignus

173 1006 297 1032 esse
351 994 613 1039 videatur,
657 995 930 1044 praemium
983 995 1032 1031 id
1085 1007 1108 1032 a
1159 994 1357 1045 populo
1408 996 1633 1032 senatui

173 1068 194 1092 e
209 1068 226 1093 s
240 1068 257 1093 5
270 1069 291 1094 e
329 1056 423 1094 dan
438 1056 463 1094 d
477 1069 500 1094 u
515 1069 566 1094 m.
606 1057 693 1094 Hoc
713 1056 873 1107 rogavit,
895 1057 1030 1107 inquit,
1050 1057 1256 1107 praefectus
1273 1070 1281 1095 ε
1312 1056 1474 1108 populus
1495 1057 1632 1096 suffra-

174 1117 239 1167 gia
267 1116 375 1154 tulit:
409 1117 531 1155 visum
550 1124 626 1156 est.
670 1117 789 1162 Nihil,
812 1118 946 1168 inquit,
971 1118 1033 1155 hic
1055 1131 1152 1169 opus
1181 1125 1239 1156 est
1269 1119 1631 1162 senatusconsult03

174 1189 222 1214 ex
241 1177 327 1228 lege
347 1178 446 1216 enim
468 1179 533 1216 illa
552 1179 711 1217 fiebant.
744 1179 830 1229 Ego
849 1192 940 1217 vero
960 1179 1192 1217 contrarium
1215 1193 1300 1217 csse
1315 1193 1446 1217 verum
1459 1180 1634 1217 sentio——

173 1245 214 1276 et
238 1251 306 1276 vos
327 1239 419 1277 mihi
440 1253 666 1278 assensuros
686 1241 951 1278 arbitror——de
971 1241 1031 1278 his
1052 1241 1165 1278 rebus
1187 1241 1528 1279 senatusconsulta
1546 1255 1636 1292 pro-

176 1299 337 1338 ferenda
372 1314 459 1339 esse
490 1302 596 1348 solis,
625 1315 713 1353 quae
737 1302 922 1352 jubentur
952 1302 1127 1352 legibus:
1160 1315 1247 1339 nam
1279 1302 1322 1339 iis
1351 1302 1399 1340 de
1426 1304 1557 1349 rebus,
1586 1303 1635 1340 de

174 1362 315 1413 quibus
336 1362 444 1414 leges
464 1363 579 1402 nullae
599 1370 768 1412 exstant,
788 1376 944 1414 prorsus
971 1363 1065 1401 nihil
1095 1369 1156 1401 est
1179 1363 1479 1401 decernendum.
1524 1364 1638 1402 Dicet

174 1431 377 1475 praeterea,
397 1439 564 1473 omnem,
594 1425 661 1476 qui
679 1426 759 1463 ullo
779 1431 954 1475 tempore
973 1425 1101 1471 fuerit,
1123 1431 1318 1470 senatum,
1351 1424 1401 1462 ad
1420 1424 1525 1463 hunc
1553 1439 1635 1464 mo-

176 1485 270 1522 dum
290 1486 488 1537 accepisse
507 1487 680 1538 praemia,
698 1487 763 1537 qui
782 1499 951 1536 unquam
971 1499 995 1523 a
1023 1486 1130 1524 vobis
1157 1485 1361 1537 acceperit,
1389 1499 1459 1523 nec
1481 1487 1529 1524 de
1556 1487 1636 1525 ullo

176 1559 349 1597 unquam
368 1548 511 1586 factum
532 1561 618 1586 esse
636 1547 1034 1585 senatusconsultum.
1078 1547 1162 1597 Ego
1184 1560 1273 1584 vero
1302 1560 1390 1584 eum
1419 1547 1524 1585 haud
1548 1563 1638 1587 vera

179 1609 392 1660 praedicare
418 1610 594 1656 arbitror,
622 1622 669 1647 ac
697 1609 824 1660 potius
854 1615 1092 1659 compertum
1120 1608 1267 1651 habeo;
1299 1608 1369 1646 sed
1399 1617 1441 1646 ut
1472 1610 1657 1648 maxime'

178 1669 254 1708 hoc
272 1683 406 1709 verum
425 1672 488 1719 sit,
507 1672 538 1710 si
556 1671 618 1708 lex
637 1663 868 1708 contrarium
888 1671 1013 1721 jubet,
1033 1684 1111 1708 non
1130 1670 1264 1721 utique
1283 1670 1374 1720 quia
1399 1671 1504 1721 prius
1534 1685 1638 1723 saepe

178 1737 385 1780 peccatum
404 1737 476 1777 est,
494 1739 699 1783 propterea
713 1739 841 1770 vetera
858 1738 1019 1783 peccata
1031 1732 1139 1770 novis
1156 1745 1258 1769 nunc
1280 1732 1515 1770 cumulanda
1535 1741 1638 1779 sunt,

179 1791 248 1829 sed
268 1799 415 1839 contra,
430 1806 534 1831 nunc
553 1793 691 1832 ceteris
711 1793 948 1845 imponenda
967 1800 1027 1832 est
1044 1793 1257 1832 necessitas
1277 1793 1331 1830 ita
1349 1793 1515 1831 faciendi
1535 1795 1640 1842 talia,

181 1854 508 1903 quemadmodum
529 1854 591 1892 lex
605 1855 732 1906 jubet,
753 1867 776 1892 a
794 1861 831 1892 te
849 1861 1004 1905 sumpto
1019 1854 1138 1892 initio.
1167 1855 1226 1891 Tu
1244 1855 1361 1904 igitur
1377 1868 1426 1893 ne
1444 1855 1550 1894 dicas
1566 1856 1641 1894 hoc

183 1926 287 1965 saepe
304 1927 387 1953 esse
401 1915 548 1954 factum
563 1928 572 1953 :
604 1916 674 1954 sed
692 1915 803 1963 illud,
819 1915 996 1953 decuisse
1011 1915 1065 1953 ita
1084 1915 1178 1954 fieri.
1213 1915 1351 1966 Neque
1366 1916 1479 1962 enim,
1500 1917 1532 1954 si
1547 1918 1641 1967 quid

183 1976 293 2014 aliter
312 1976 523 2028 aliquando
551 1990 668 2028 quam
696 1977 970 2029 legesffjubent2
990 1977 1139 2015 facturn
1164 1983 1235 2023 est,
1263 1976 1378 2027 idque
1398 1984 1441 2016 tu
1469 1978 1642 2017 imitatus

183 2050 239 2085 es,
260 2046 465 2090 propterea
476 2040 564 2091 jure
583 2039 820 2078 absolveris:
852 2040 920 2077 sed
939 2039 1067 2090 potius
1091 2038 1424 2078 condemnaberis.
1456 2040 1509 2077 Ut
1527 2041 1642 2087 enim,

184 2098 215 2136 si
236 2100 322 2151 quis
341 2100 493 2139 illorum
513 2101 605 2138 olim
633 2100 839 2139 damnatus
858 2109 976 2145 esset,
999 2107 1042 2139 tu
1060 2101 1136 2140 ista
1153 2114 1231 2139 non
1258 2101 1500 2153 scripsisses:
1538 2103 1592 2142 ita
1612 2105 1643 2142 si

186 2167 228 2198 tu
247 2174 350 2200 nunc
369 2175 504 2214 poenas
525 2162 690 2210 dederis,
709 2163 807 2202 alius
823 2177 901 2201 non
920 2163 1074 2202 scribet.

236 2225 277 2262 4.
306 2224 370 2262 De
396 2224 483 2276 lege
512 2231 654 2272 autem,
676 2239 764 2277 quae
783 2226 986 2264 manifeste
1005 2233 1122 2274 vetet,
1152 2240 1200 2265 ne
1229 2234 1400 2274 senatus,
1427 2228 1642 2271 triremibus

185 2296 263 2323 non
280 2286 407 2333 factis,
425 2288 626 2338 praemium
645 2294 768 2338 petat,
790 2302 918 2340 operae
938 2289 1101 2340 pretium
1130 2297 1189 2327 est
1208 2290 1342 2328 audire
1361 2290 1453 2341 quid
1471 2291 1558 2329 loco
1578 2304 1643 2329 ex-

185 2347 393 2385 cusationis
431 2348 481 2386 sit
514 2348 716 2394 allaturus,
754 2356 794 2387 et
820 2356 998 2400 spectare
1027 2350 1192 2387 hominis
1221 2351 1500 2401 impudentiam
1524 2366 1570 2389 ex
1600 2353 1644 2390 iis

184 2420 272 2458 quae
287 2407 415 2446 dicere
429 2410 616 2448 instituet.
643 2410 735 2458 Lex,
751 2411 885 2461 inquit,
899 2424 978 2449 non
993 2411 1084 2449 sinit
1095 2419 1273 2450 senatum
1289 2419 1416 2464 petere
1432 2415 1644 2464 praemium,

187 2468 262 2506 nisi
280 2468 415 2508 fecerit
433 2471 620 2511 triremes.
652 2471 803 2511 Fateor.
840 2472 1045 2523 Nusquam
1065 2481 1194 2511 autem
1211 2481 1315 2512 vetat
1334 2476 1519 2526 populum
1540 2476 1644 2513 dare.

190 2530 279 2580 Ego
297 2544 388 2569 vero
416 2531 447 2569 si
476 2531 668 2571 dedissem
689 2533 917 2584 postulanti,
945 2534 1023 2584 legi
1052 2534 1228 2572 fraudem
1256 2535 1462 2574 fecissem:
1497 2538 1527 2574 si
1556 2549 1646 2574 vero

189 2592 335 2630 nullam
355 2592 394 2630 in
413 2599 496 2631 toto
515 2594 674 2633 decreto
693 2593 742 2633 de
757 2596 920 2634 navibus
936 2595 1011 2633 feci
1026 2596 1275 2642 mentionem,
1291 2596 1360 2634 sed
1381 2597 1455 2634 alia
1466 2597 1644 2646 quaedam

188 2667 386 2701 recenseo,
407 2662 562 2706 propter
589 2669 676 2707 quae
705 2664 884 2695 senatum
913 2671 1060 2696 corona
1087 2657 1244 2703 donem,
1275 2671 1351 2708 quo
1380 2664 1492 2708 pacto
1520 2658 1646 2708 legem

190 2718 354 2756 violavi?
384 2719 523 2769 Neque
537 2733 628 2758 vero
645 2720 796 2760 difficile
809 2722 917 2761 vobis
930 2730 1004 2769 est,
1024 2722 1090 2760 illa
1105 2723 1220 2772 justis
1240 2722 1453 2759 rationibus
1468 2721 1649 2760 refutare.

191 2779 364 2818 Primum
383 2781 566 2831 praesides
583 2789 755 2829 senatus,
776 2791 815 2821 et
835 2785 899 2835 qui
918 2785 1133 2822 sententias
1154 2784 1392 2833 comprobat,
1412 2783 1649 2833 praefectum,

198 2854 370 2892 rogasse,
391 2849 429 2880 et
449 2843 623 2881 dicendae
643 2845 920 2897 sententiaejus
941 2846 1093 2892 fecisse,
1114 2846 1267 2883 cuinam
1285 2844 1479 2882 videretur
1494 2854 1651 2884 senatus

186 2902 246 2946 ‚ita
262 2916 420 2943 munere
440 2918 510 2943 suo
528 2904 699 2952 functus,
721 2912 763 2944 ut
783 2907 815 2944 ei
836 2907 961 2945 honos
980 2907 1112 2944 haberi
1131 2906 1302 2950 deberet,
1322 2905 1383 2943 cui
1404 2918 1493 2944 non.
1533 2907 1650 2958 Atqui
