1923 3149
273 202 354 239 430
675 204 902 244 CONTRA
930 198 1314 246 TIMOCRATEM.

275 310 412 351 ctetur,
437 317 523 343 cum
543 312 581 343 et
599 307 844 358 vectigalium
871 309 1015 348 reditus
1038 323 1114 347 non
1134 310 1323 351 sufficient
1347 311 1576 361 sumptibus.
1614 310 1718 348 Mul-

273 372 385 415 taque
406 380 482 404 non
502 367 725 418 explebunt,
744 377 784 408 et
802 384 847 408 ne
867 371 936 409 bos
957 371 1058 422 ipsos
1078 371 1246 422 quidem,
1266 372 1339 409 nisi
1359 373 1430 409 sub
1449 373 1538 410 anni
1557 372 1718 418 exitum,

271 426 423 476 exigere
442 428 582 474 licebit,
605 435 644 466 et
661 442 727 468 eos
747 431 810 481 qui
831 431 1066 481 adjectiones
1087 445 1163 469 non
1184 432 1379 478 solverint,
1400 445 1527 482 neque
1549 439 1718 477 senatus,

272 501 398 536 neque
421 488 600 539 judicum,
625 492 832 529 auctoritas
857 492 1010 539 vinciet,
1038 492 1129 542 quin
1157 491 1229 542 ipsi
1249 505 1453 543 sponsores
1481 493 1720 531 constituent

271 561 394 598 usque
414 550 463 587 ad
482 563 623 588 nonum
644 559 798 591 senatus
819 553 1078 591 conventum?
1109 553 1161 590 At
1186 560 1275 591 octo
1299 554 1485 604 prioribus
1512 553 1604 604 quid
1628 566 1719 603 age-

271 610 380 648 mus?
410 611 495 662 Age
528 612 589 650 dic
625 613 881 658 Timocrates,
910 628 988 653 non
1017 615 1305 661 conveniemus,
1334 622 1373 653 et
1401 615 1719 660 consultabImus,

271 671 304 708 si
323 672 415 722 quid
435 674 507 711 erit
525 674 648 723 opus?
678 674 718 710 Si
738 688 816 712 non
836 676 1052 720 fecerimus,
1075 689 1166 714 num
1186 676 1399 714 libertatem
1419 676 1640 727 reipublicae
1660 689 1718 714 re—

270 733 505 771 tinebimus?
535 734 623 771 Non
637 735 785 782 judicia
815 735 864 773 de
888 737 1126 783 criminibus,
1152 744 1234 775 tum
1262 738 1427 788 publicis
1448 745 1528 775 tum
1550 737 1719 787 privatis,

268 794 600 844 pronunciabunt?
631 795 708 837 Qui
740 809 852 846 porro
886 804 1034 847 portus,
1068 798 1173 848 quod
1205 798 1425 848 confugium
1466 799 1612 849 patebit
1643 798 1717 845 his,

267 856 408 905 quibus
423 855 571 906 injuriae
590 857 710 894 fient?
741 857 829 895 Non
851 859 1055 895 conveniet
1070 865 1243 904 senatus,
1263 872 1387 909 neque
1403 859 1550 896 sancita
1567 859 1718 909 legibus

267 916 572 955 administrabit?
609 916 660 954 Et
677 917 769 967 quid
786 918 856 955 erit
882 918 1071 969 reliquum
1101 919 1212 956 nobis
1232 919 1350 965 aliud,
1382 919 1455 956 nisi
1474 926 1518 956 ut
1537 920 1718 957 servitute

268 977 551 1029 opprimamur?
587 977 639 1015 At
665 978 821 1016 hercule
848 978 933 1017 haec
955 980 1083 1017 omnia
1101 979 1287 1017 faciemus
1316 979 1466 1029 gratis?
1495 979 1600 1021 Quid
1628 992 1719 1018 vero

266 1040 443 1089 iniquius,
472 1051 590 1088 quum
610 1046 653 1075 tu
684 1039 863 1077 mercede
894 1039 1114 1077 conductus
1143 1040 1269 1090 legem
1300 1039 1413 1077 istam
1438 1040 1585 1084 tuleris,
1603 1053 1718 1090 quam

267 1109 458 1146 senatum,
478 1112 591 1149 quarn
604 1100 804 1150 populum,
819 1113 933 1150 quam
947 1100 1093 1150 judicia
1108 1114 1180 1138 sua
1194 1100 1372 1138 mercede
1388 1101 1556 1138 fraudari
1570 1100 1585 1137 ’ἒ
1615 1101 1717 1139 Nam

265 1170 342 1199 tuae
362 1160 451 1210 legi,
474 1160 729 1206 Timocrates,
758 1160 1053 1198 adscribendum
1073 1161 1158 1207 fuit,
1179 1161 1218 1198 id
1245 1161 1349 1211 quod
1372 1160 1410 1198 in
1432 1161 1648 1212 publicanis
1679 1169 1718 1200 et

263 1223 512 1274 sponsoribus
534 1222 672 1268 fecisti,
692 1221 884 1272 exigenda
912 1235 998 1259 esse
1018 1221 1149 1259 debita
1175 1222 1341 1272 receptis
1369 1221 1535 1271 legibus,
1560 1223 1665 1272 quod
1686 1224 1719 1261 si

262 1291 398 1323 contra
413 1283 612 1333 quospiam
634 1283 708 1320 alia
724 1282 903 1333 quapiam
923 1283 1012 1332 lege
1033 1289 1098 1320 aut
1117 1281 1274 1320 decreto
1296 1283 1488 1320 sancitum
1510 1289 1582 1329 est,
1601 1283 1716 1322 licere

264 1346 312 1383 ab
332 1345 385 1382 eis
412 1357 458 1381 ea
482 1357 570 1394 quae
591 1343 733 1381 debent
755 1343 856 1393 exigi
881 1343 1017 1381 eodem
1047 1343 1175 1389 modo,
1204 1355 1282 1393 quo
1302 1356 1324 1380 a
1346 1343 1574 1393 publicanis,
1603 1345 1650 1381 ab
1670 1345 1715 1382 iis

261 1406 380 1443 etiam
393 1405 546 1454 legibus
565 1404 743 1454 receptis,
764 1417 811 1441 ea
830 1416 916 1440 esse
932 1403 1147 1453 exigenda:
1184 1416 1288 1440 nunc
1310 1403 1417 1453 leges
1433 1403 1480 1441 de
1500 1404 1715 1454 publicanis

262 1465 523 1517 undequaque
542 1465 698 1515 fugitas,
713 1471 751 1501 et
766 1464 856 1514 quia
869 1464 1024 1501 decreto
1042 1464 1290 1501 Euctemonis
1311 1468 1500 1501 statutum
1514 1471 1587 1511 est,
1607 1473 1648 1502 ut
1667 1468 1715 1504 ab

261 1527 406 1564 aerariis
427 1526 558 1564 debita
575 1525 619 1562 iis
639 1525 788 1574 legibus
807 1531 1073 1574 reposcantur,
1093 1530 1247 1574 propter
1265 1523 1339 1562 hoc
1358 1524 1396 1561 id
1416 1531 1533 1575 caput
1551 1538 1629 1563 non
1648 1527 1716 1565 ad-

262 1587 430 1638 scripsit.
461 1586 518 1623 Ea
536 1584 832 1629 machinatione,
853 1585 1080 1635 supplicium
1096 1584 1134 1621 in
1154 1597 1219 1621 eos
1235 1584 1500 1631 constitutum,
1516 1586 1579 1636 qui
1598 1600 1715 1637 pecu-

261 1648 362 1685 niam
382 1646 575 1696 publicam
594 1646 781 1691 detinent,
802 1646 968 1691 sustulit,
989 1653 1028 1683 et
1045 1645 1137 1696 quia
1156 1645 1260 1682 aliud
1279 1659 1357 1683 non
1376 1645 1595 1696 adscripsit,
1615 1648 1717 1686 tollit

261 1709 451 1753 universa,
482 1707 681 1758 populum,
705 1707 865 1756 equites,
886 1713 1077 1752 senatum,
1110 1719 1232 1752 sacra,
1259 1706 1435 1756 profana.
1465 1706 1542 1744 Pro
1575 1707 1713 1757 quibus

259 1770 477 1814 conatibus,
497 1769 528 1806 si
543 1781 623 1813 vos,
643 1767 916 1814 Athenienses,
936 1767 1287 1818 sapietis,punitus,
1302 1767 1510 1818 meritoque
1526 1769 1716 1820 supplicio

259 1830 435 1874 affectus,
455 1829 634 1880 exemplo
655 1829 737 1866 aliis
758 1829 842 1874 erit,
863 1841 912 1866 ne
930 1828 1036 1878 leges
1056 1828 1278 1879 hujusmodi
1298 1834 1450 1878 rogent.

313 1894 378 1929 27.
408 1890 545 1940 Neque
573 1902 663 1927 vero
684 1889 842 1940 judiciis
876 1896 1026 1926 tantum
1057 1889 1275 1939 irrogandae
1299 1889 1454 1926 mulctae
1484 1895 1713 1939 potestatem

259 1953 382 2003 eripit,
402 1951 471 1988 sed
486 1950 759 2000 rempublicam
776 1950 1096 2000 depeculantibus
1115 1949 1311 1987 licentiam
1331 1949 1420 1986 dat:
1449 1950 1713 2001 expeditiones

259 2026 328 2064 pro
348 2011 569 2061 reipublicae
589 2011 712 2048 salute
737 2010 1004 2060 suscipiendas
1028 2009 1264 2059 corrumpit:
1297 2010 1503 2060 vectigalia
1529 2010 1712 2049 destruit:

259 2072 441 2110 maleficis
462 2078 502 2109 et
521 2070 733 2122 parricidis,
754 2070 976 2120 militiaeque
992 2070 1251 2107 desertoribus
1265 2071 1571 2120 patrocinantem
1590 2071 1715 2122 legem

259 2134 370 2176 tulit;
408 2145 496 2170 cum
516 2131 704 2182 supplicia
721 2131 929 2176 veteribus,
951 2137 990 2167 et
1018 2144 1120 2168 nune
1140 2130 1231 2167 ratis
1252 2130 1402 2180 legibus
1423 2131 1568 2168 indicta
1589 2132 1714 2170 tollat.

257 2195 404 2233 Jubent
427 2194 533 2243 leges
560 2206 657 2242 quas
690 2191 781 2229 Solo
811 2192 910 2236 tulit,
937 2191 1044 2228 nulla
1069 2205 1108 2229 re
1135 2191 1269 2229 similis
1297 2191 1361 2228 isti
1390 2192 1632 2242 legumlator,
1661 2194 1714 2230 Si

258 2255 377 2307 quis
426 2255 483 2291 de
533 2252 786 2304 peculatu
835 2252 1122 2297 convictus,
1169 2251 1368 2302 capitis
1414 2259 1587 2290 tamen
1625 2253 1711 2301 *da-

259 2322 432 2353 mnatu
451 2329 467 2353 s
508 2327 607 2351 non
647 2312 818 2358 fuerit,
851 2325 961 2349 eum
995 2311 1234 2349 vinculis
1267 2311 1467 2350 addici:
1515 2313 1559 2350 si
1597 2315 1711 2363 quis

255 2376 500 2413 convictu
517 2388 534 2412 s
573 2374 710 2411 malae
742 2379 1011 2423 parentum
1057 2371 1421 2417 tractationis,
1463 2372 1511 2409 in
1549 2373 1711 2411 forum

257 2449 371 2473 sese
407 2434 715 2484 ingesserit,
753 2434 801 2470 in
833 2445 1094 2471 carcerem
1133 2432 1359 2483 conjici:
1404 2432 1434 2469 si
1472 2433 1582 2482 quis
1632 2435 1709 2472 mi-

255 2497 379 2534 litiae
427 2496 674 2541 desertor,
713 2494 848 2531 idem
897 2494 1003 2531 sibi
1046 2494 1187 2544 juris
1228 2500 1430 2543 arroget
1475 2495 1607 2544 quod
1657 2496 1709 2534 hi

257 2557 401 2596 cives
461 2556 662 2593 habent
721 2567 939 2605 quorum
995 2554 1186 2592 salvum
1243 2561 1394 2603 caput
1453 2563 1540 2602 est,
1599 2569 1709 2595 eum

257 2632 314 2669 qu
329 2631 350 2656 ο
364 2632 389 2669 q
402 2631 426 2654 u
442 2630 463 2654 e
495 2630 517 2653 v
531 2616 540 2652 i
554 2630 578 2652 n
592 2615 698 2662 ciri,
733 2616 968 2653 Timocrates
1003 2616 1061 2652 his
1100 2614 1278 2652 omnibus
1317 2615 1585 2666 impunitatem
1620 2631 1709 2668 pro-

254 2679 394 2730 posuit,
430 2676 702 2715 constitutione
738 2676 894 2713 vadium
926 2688 1117 2713 carcerem
1150 2675 1368 2713 demolitus.
1422 2676 1589 2715 Proinde
1622 2691 1707 2716 mea

254 2741 408 2790 quidem
430 2738 825 2776 sententia—tametsi
845 2738 947 2774 enim
967 2737 1110 2774 dictum
1133 2736 1297 2774 fortasse
1324 2736 1514 2775 videbitur
1538 2737 1704 2775 insolen—

255 2801 347 2846 tius,
376 2807 506 2838 tamen
533 2799 704 2848 eloquar,
732 2805 770 2835 et
791 2811 867 2834 non
891 2795 1255 2836 dissimulabo—vel
1275 2798 1323 2835 ob
1353 2797 1428 2835 hoc
1455 2797 1578 2848 capite
1606 2798 1704 2834 mul-

255 2862 418 2899 ctandus
433 2860 558 2904 fuerit,
574 2866 617 2897 ut
627 2858 727 2909 apud
745 2858 886 2896 inferos
907 2859 1030 2909 impiis
1050 2859 1175 2909 legem
1194 2858 1301 2897 istam
1324 2858 1432 2903 ferat,
1449 2871 1517 2895 nos
1533 2858 1705 2896 viventes

255 2922 397 2962 sanctis
417 2921 583 2972 etjustis
604 2920 662 2958 his
683 2920 719 2957 in
741 2926 937 2970 posterum
958 2919 1012 2958 uti
1032 2919 1210 2970 patiatur.
1259 2919 1400 2957 Recita
1419 2919 1510 2957 istas
1531 2918 1650 2969 leges.
