1923 3149
576 142 777 183 ORATIO
806 143 881 182 DE
912 142 1222 183 HALONESO.
1588 147 1639 185 69

185 252 408 284 coacturum
427 246 534 286 dicit.
588 248 650 286 An
671 261 746 285 non
766 246 1010 286 manifestum
1027 254 1086 285 est
1105 248 1231 298 ipsum
1251 261 1393 298 magna
1411 249 1449 286 in
1463 261 1529 288 vos
1545 262 1639 288 con-

186 307 282 345 ferre
302 307 518 347 beneficia?

242 371 303 407 11.
360 370 443 409 Nec
463 370 605 409 desunt
623 377 751 411 tamen
770 369 834 422 qui
850 370 950 408 hanc
966 370 1169 422 epistolam
1180 370 1335 421 egregie
1351 371 1532 422 scriptam
1552 386 1639 414 esse

183 439 380 470 asserant:
410 432 474 483 qui
503 432 660 483 quidem
689 432 830 484 majore
858 438 1000 478 vestro,
1029 443 1145 482 quam
1166 429 1380 483 Philippus,
1407 433 1497 472 odio
1530 435 1636 487 digni

183 499 286 530 sunt.
344 493 382 531 Is
402 494 515 540 enim,
538 493 630 532 dum
645 494 753 532 vobis
770 493 807 531 in
827 494 942 531 rebus
964 492 1142 531 omnibus
1155 491 1394 540 adversatur,
1411 493 1636 548 sibimetipsi

183 554 343 604 gloriam
363 562 401 594 et
419 568 580 607 magnas
597 568 688 607 opes
708 555 891 607 acquirit:
922 562 961 592 at
980 554 1223 606 quicumque,
1243 553 1499 593 Athenienses
1514 570 1635 607 quum

182 615 271 663 sint,
287 617 590 656 benevolentiam
610 630 702 669 erga
720 616 952 668 Philippum,
986 630 1063 654 non
1090 629 1183 667 erga
1211 617 1376 668 patriam
1401 617 1636 668 significant,

183 690 249 716 eos
262 679 444 718 convenit
462 692 485 718 a
503 680 610 719 vobis
631 679 753 718 malos
782 678 883 717 male
912 678 1036 730 perdi,
1067 678 1098 716 si
1126 678 1244 717 modo
1268 691 1339 717 vos
1367 680 1566 717 cerebrum
1594 682 1632 719 in

181 740 429 790 temporibus,
449 754 527 779 non
541 741 580 779 in
592 740 779 787 calcibus,
795 740 1066 779 conculcatum
1081 740 1227 791 geritis.
1283 740 1489 791 Reliquum
1505 742 1633 782 adhuc

181 800 271 838 mihi
292 808 351 840 est
369 809 412 841 ut
439 809 479 841 et
501 803 551 841 ad
580 801 807 855 praeclararn
837 802 950 840 istam
976 801 1190 852 epistolam,
1212 807 1252 840 et
1271 800 1375 839 dicta
1401 801 1633 852 legatorum,

178 875 403 916 responsum
423 864 588 904 scribam
601 863 704 917 quod
724 870 764 902 et
781 876 934 916 aequurn
954 876 1042 903 esse
1061 870 1100 903 et
1110 863 1218 907 vobis
1237 862 1331 902 utile
1349 863 1576 903 existimem.
