1923 3149
240 159 317 196 468
569 157 794 198 CONTRA
825 158 1281 196 ARISTOGITONEM
1312 159 1362 196 11.

243 259 314 297 soli
329 260 395 298 tibi
412 274 458 298 ex
473 261 651 299 omnibus
668 261 816 298 civibus
832 260 1025 298 licentiam
1042 261 1196 298 tribuat.
1226 260 1328 298 Illud
1348 260 1399 298 ad
1413 260 1689 311 prohibendam

242 333 326 358 eam
354 334 501 372 pacem,
535 335 612 372 qua
640 334 736 372 pace
765 335 867 359 unus
899 322 1097 359 dominatu
1131 322 1236 359 urbis
1267 322 1478 373 potiretur:
1507 322 1609 359 istud
1646 316 1704 360 eo*

242 389 406 431 spectat,
427 390 470 420 ut
489 396 604 434 supra
617 384 790 434 judicum
813 383 968 420 decreta
989 390 1027 420 et
1046 383 1233 427 instituta,
1254 390 1438 433 perpetua
1455 383 1549 419 serie
1570 396 1592 419 a
1611 396 1691 421 ma-

234 442 381 492 joribus
401 444 555 490 tradita,
576 444 641 481 tibi
665 445 735 482 soli
757 451 928 494 potestas
955 444 1067 481 detur
1087 444 1336 494 delinquendi
1357 450 1396 480 et
1425 443 1565 493 agendi
1585 444 1692 493 quic-

240 504 330 552 quid
352 504 497 542 libitum
520 506 644 543 fuerit.
691 505 880 554 Equidem
903 518 988 542 eum
1012 518 1146 555 rogare
1167 504 1292 555 cupio,
1314 511 1440 541 utrum
1460 504 1632 554 legitima
1654 511 1693 542 et

232 564 339 614 justa
367 567 511 604 ratione
533 567 729 604 decretum
749 566 845 602 illud
867 566 1068 609 accusarit,
1101 578 1148 602 an
1175 573 1312 602 contra
1339 577 1407 614 per
1434 565 1624 613 injuriam,
1653 572 1692 603 et

237 624 389 675 legibus
410 627 570 664 violatis.
617 627 655 664 Si
677 627 776 663 enim
802 626 986 664 inutiliter
1014 634 1054 664 et
1072 626 1108 663 in
1129 626 1260 677 populi
1280 625 1468 670 fraudem,
1488 633 1691 676 propterea

230 685 317 735 jure
335 687 559 725 occideretis
577 701 585 724 :
617 688 672 724 sin
691 687 833 724 utiliter
852 694 891 725 et
908 701 928 724 e
944 701 982 725 re
1003 687 1270 731 multitudinis,
1293 699 1361 724 cur
1377 698 1480 723 nunc
1500 686 1688 736 postulas,

236 753 279 782 ut
299 747 336 784 hi
355 748 510 786 decreto
530 755 594 785 tuo
613 749 804 786 contraria
831 748 1070 786 decernant?
1100 749 1178 787 Sed
1197 761 1322 799 neque
1341 747 1543 798 illajusta,
1563 760 1687 798 neque

235 807 320 844 haec
340 808 511 859 legitima
525 817 630 855 sunt,
651 817 717 847 aut
735 810 845 848 utilia
862 810 984 848 vobis.

289 871 327 907 5.
359 870 447 920 Ego
473 883 562 908 vero
590 884 656 908 vos
675 871 802 915 video,
817 871 986 922 judiees,
1006 871 1059 909 ita
1082 878 1122 908 et
1149 871 1187 908 in
1214 871 1469 922 vosmetipsos
1501 884 1586 908 esse
1606 873 1688 909 ani-

236 936 375 967 matos.
406 931 554 969 Multos
581 932 681 969 enim
695 932 777 983 jam
793 932 1028 983 plebeiorum
1047 931 1244 969 hominum
1269 932 1417 969 delatos
1436 937 1553 982 atque
1572 945 1688 970 accu-

237 997 341 1029 satos
361 993 664 1031 condemnastis.
708 995 849 1032 Nonne
868 1006 958 1032 vero
979 993 1151 1044 iniquum
1172 1000 1247 1038 est,
1277 999 1413 1031 contra
1430 993 1686 1043 vosmetipsos

234 1051 288 1088 ita
319 1052 448 1103 legum
475 1066 561 1091 esse
587 1055 848 1100 observantes,
878 1055 917 1092 in
946 1068 1010 1092 eos
1037 1068 1124 1093 vero
1144 1056 1209 1105 qui
1232 1055 1380 1092 curiose
1411 1054 1687 1105 supervacanei

235 1113 376 1163 aliquid
409 1123 543 1165 agunt,
571 1123 612 1154 et
642 1117 797 1166 publice
828 1116 1006 1154 omnibus
1033 1117 1231 1167 negotium
1261 1117 1473 1162 facessunt,
1503 1122 1542 1153 et
1572 1128 1688 1167 supra

234 1173 328 1212 alios
358 1189 443 1213 sese
463 1176 642 1223 efferunt,
662 1177 716 1215 ita
745 1191 830 1216 esse
851 1178 957 1216 lenes
979 1185 1018 1216 et
1049 1177 1287 1215 dissolutos?
1321 1177 1458 1227 Neque
1487 1176 1588 1214 enim
1618 1176 1687 1213 ulli

232 1242 402 1273 vestrum
419 1237 472 1275 ita
487 1239 668 1284 sentiunt,
691 1239 747 1277 sic
767 1240 920 1290 quidem
936 1246 980 1276 ut
998 1253 1071 1289 ego
1092 1239 1191 1284 dico,
1208 1239 1289 1276 fieri
1303 1246 1490 1289 oportere,
1509 1238 1577 1276 sed
1598 1251 1686 1289 pro-

232 1304 318 1346 pter
338 1299 611 1350 Aristogitonis
630 1302 856 1346 bonitatem,
877 1308 916 1339 et
933 1302 1097 1338 fructum
1118 1314 1230 1350 quem
1251 1313 1301 1337 ex
1327 1313 1373 1337 eo
1396 1300 1569 1350 capiatis,
1591 1313 1685 1337 con-

234 1358 453 1404 nivendum,
471 1361 539 1398 etsi
561 1361 762 1411 paululum
789 1361 989 1399 deflexerit
1007 1375 1030 1399 a
1056 1361 1219 1411 legibus.
1263 1361 1364 1398 Nam
1390 1374 1478 1398 eum
1507 1373 1590 1398 esse
1614 1361 1685 1397 im-

232 1420 409 1468 probum,
429 1428 469 1458 et
492 1422 634 1470 injusto
653 1422 856 1472 praeditum
882 1422 1053 1472 ingenio,
1083 1422 1176 1459 satis
1203 1422 1325 1466 vobis,
1358 1428 1401 1457 ut
1427 1421 1608 1470 equidem
1626 1434 1685 1458 ar-

231 1480 365 1526 bitror,
386 1481 431 1518 iis
451 1495 536 1531 quae
557 1489 644 1519 ante
672 1483 777 1520 dicta
809 1489 913 1528 sunt,
937 1483 1136 1532 Lycurgus
1172 1481 1366 1519 ostendit:
1394 1485 1475 1529 jam
1496 1494 1570 1518 nec
1597 1495 1684 1520 esse

232 1544 378 1590 utilem,
399 1557 445 1582 ex
461 1545 542 1595 ejus
558 1544 655 1582 actis
673 1545 710 1581 in
729 1545 928 1595 republica
940 1544 1181 1594 perspicitur.
1211 1544 1338 1587 Quem
1356 1545 1456 1581 enirn
1473 1543 1684 1582 adductum

232 1604 268 1641 in
282 1604 486 1655 judicium,
506 1618 669 1655 quorum
693 1605 895 1643 criminum
921 1603 1061 1654 arguit,
1089 1617 1220 1642 eorum
1245 1604 1411 1642 convicit
1436 1605 1685 1642 accusando?

233 1667 359 1706 Quem
378 1667 487 1704 vobis
507 1667 669 1704 reditum
691 1665 960 1716 comparavit?
990 1664 1107 1707 Quod
1136 1665 1334 1703 decretum
1357 1665 1462 1711 fecit,
1482 1665 1587 1714 quod
1619 1678 1685 1703 vos

232 1733 386 1764 secutos
408 1740 492 1765 esse
509 1740 585 1764 non
603 1727 827 1778 poenituerit
843 1727 859 1763 ‘C
890 1727 992 1765 Nam
1009 1733 1148 1777 praeter
1173 1733 1313 1772 cetera,
1332 1726 1445 1764 etiam
1466 1727 1520 1764 ita
1538 1740 1684 1765 vaecors

231 1794 302 1832 est,
333 1794 371 1825 et
388 1789 550 1825 barbaro
571 1788 738 1838 ingenio,
766 1795 809 1826 ut
828 1788 858 1825 si
887 1788 1027 1837 quibus
1058 1801 1127 1825 vos
1161 1788 1335 1825 iratiores
1362 1800 1447 1825 esse
1466 1787 1616 1833 viderit,
1646 1795 1686 1826 et

230 1848 333 1885 ultra
362 1861 474 1898 quam
502 1862 571 1899 par
602 1857 662 1886 est
690 1849 918 1893 concitatos,
939 1855 1019 1885 tum
1050 1848 1188 1885 vestris
1221 1848 1499 1894 voluntatibus,
1528 1861 1577 1885 ex
1609 1849 1683 1886 ira-

230 1909 372 1946 cundia
390 1909 639 1954 aestimandis,
659 1910 927 1947 occasionibus
947 1908 1183 1947 adversetur.
1215 1909 1339 1946 Decet
1359 1915 1485 1946 autem
1510 1921 1597 1946 eum
1618 1909 1683 1959 qui

231 1970 339 2007 vobis
365 1971 583 2008 consultum
603 1970 707 2016 velit,
727 1983 803 2007 non
823 1970 960 2008 subitis
981 1969 1196 2015 affectibus,
1217 1970 1354 2019 quibus
1375 1968 1574 2007 iracundia
1597 1982 1683 2019 per-

231 2031 323 2067 moti
341 2038 431 2067 sunt
451 2031 564 2068 animi
586 2031 713 2076 vestri,
733 2031 945 2081 indulgere,
968 2030 1036 2068 sed
1056 2030 1195 2067 rationi
1214 2037 1252 2067 et
1274 2029 1451 2080 negotiis,
1475 2037 1514 2067 et
1533 2036 1682 2080 tempo-

232 2091 336 2129 ribus
357 2093 529 2142 obsequi.
560 2091 661 2129 Nam
678 2092 743 2129 illa
761 2093 886 2129 subito
907 2091 1134 2129 intercidere
1153 2091 1303 2128 solent:
1340 2090 1425 2127 haec
1447 2103 1682 2140 permanere,

232 2160 271 2189 et
289 2152 526 2190 diuturniora
545 2166 640 2190 esse.
670 2154 844 2195 Quorum
864 2152 935 2190 iste
961 2152 1056 2189 nihil
1084 2152 1275 2201 cogitans,
1294 2152 1447 2189 occulta
1464 2151 1681 2202 reipublicae

230 2213 322 2250 vitia
350 2214 510 2264 profert,
537 2221 581 2251 ut
608 2221 769 2263 cogatur
800 2213 934 2251 eadem
967 2213 1122 2264 negotia
1153 2220 1191 2251 et
1223 2221 1305 2251 rata
1333 2213 1488 2259 habere,
1515 2220 1555 2250 et
1577 2213 1681 2251 irrita

233 2274 372 2312 facere.

286 2336 322 2372 6.
354 2336 406 2373 At
420 2337 506 2374 ideo
525 2337 699 2375 fortassis
715 2337 819 2387 quod
832 2337 871 2373 in
887 2349 1019 2374 omnes
1038 2343 1223 2387 perpetuo
1238 2336 1366 2374 studet
1383 2334 1556 2373 convicia
1575 2335 1680 2373 dice-

234 2411 287 2442 re,
303 2404 342 2434 et
354 2398 569 2447 quiritatur,
590 2405 629 2436 et
643 2399 836 2436 orationes
858 2398 1113 2448 interrumpit,
1135 2411 1237 2435 nunc
1254 2410 1340 2434 eum
1360 2397 1575 2434 conservari
1588 2410 1679 2436 con-

230 2458 365 2496 venit?
395 2459 488 2499 Sed,
508 2459 562 2496 ita
581 2472 642 2496 me
675 2460 850 2496 Minerva
877 2466 993 2503 amet,
1017 2473 1102 2509 quie
1128 2472 1230 2496 nunc
1260 2472 1329 2509 pro
1354 2459 1541 2496 concione
1568 2459 1679 2505 fiunt,

229 2519 411 2557 dedecori
432 2526 521 2556 sunt
540 2519 783 2570 reipublicae:
813 2527 852 2557 et
871 2528 1024 2570 propter
1044 2520 1204 2557 istorum
1224 2533 1292 2570 pro
1320 2527 1505 2570 suggesto
1525 2521 1677 2557 temeri-

232 2588 346 2619 tatem
369 2588 407 2618 et
427 2581 747 2631 desperationem,
773 2581 1066 2631 ignominiosum
1087 2580 1248 2617 habetur
1265 2581 1342 2631 jam
1367 2594 1389 2617 a
1412 2581 1522 2618 bonis
1550 2581 1638 2618 viris
1658 2594 1678 2618 e

230 2648 358 2679 vestro
392 2654 563 2686 numero,
584 2641 723 2678 versari
745 2642 782 2677 in
811 2642 1018 2692 republica.
1074 2642 1188 2683 Quod
1208 2643 1237 2678 si
1258 2655 1358 2679 nunc
1380 2641 1491 2678 alicui
1512 2648 1676 2678 vestrum

230 2703 304 2739 ista
323 2702 508 2752 voluptati
526 2708 628 2744 sunt,
648 2715 725 2738 non
743 2702 866 2739 deerit
885 2703 997 2752 copia
1010 2715 1140 2739 eorum
1161 2704 1225 2751 qui
1246 2703 1335 2740 talia
1354 2703 1543 2740 factitent.
1576 2701 1677 2738 Nam

230 2764 344 2800 etiam
372 2776 470 2800 nune
492 2763 534 2799 iis
559 2763 737 2800 refertum
758 2771 817 2799 est
844 2771 1084 2812 suggestum.
1135 2761 1271 2814 Nequ'e
1301 2765 1403 2800 enirn
1437 2763 1590 2800 difficile
1617 2770 1677 2800 est

229 2824 503 2874 reprehendere
520 2814 692 2867 consilia,
705 2824 772 2861 sed
787 2823 948 2861 suadere
961 2824 1120 2873 aliquid,
1134 2833 1172 2864 et
1186 2825 1416 2875 persuadere
1431 2825 1556 2868 vobis,
1574 2832 1617 2861 ut
1631 2837 1676 2862 ea

229 2898 314 2935 quae
330 2892 480 2935 oportet
495 2886 725 2929 decernatis,
741 2885 779 2923 id
799 2898 887 2923 vero
903 2885 1056 2923 difficile
1077 2893 1146 2924 est.
1179 2887 1237 2923 Ad
1255 2886 1338 2924 haec
1354 2886 1424 2923 nisi
1438 2885 1543 2936 prius
1559 2885 1675 2923 etiam
