1923 3149
312 206 390 244 400
683 206 907 244 CONTRA
939 204 1375 244 ARISTOCRATEM.

311 307 495 345 rationem
514 313 553 345 et
571 306 765 358 insperato
786 308 841 347 sic
867 308 1069 347 incolumis
1100 308 1244 353 evadit,
1275 309 1346 345 s'uo
1372 310 1493 343 marte
1515 309 1668 355 propter
1694 303 1751 341 in-

311 367 444 405 ducias
470 367 508 404 in
534 367 817 407 Chersonesum
844 369 1039 419 trajectus,
1065 373 1211 406 tantum
1239 368 1361 405 abfuit
1388 374 1431 404 ut
1459 366 1615 416 Cotym,
1638 376 1752 414 quem

312 442 423 466 suum
442 428 625 479 impetum
650 442 724 466 non
747 430 990 468 toleraturum
1011 430 1230 479 scripserat,
1250 428 1461 473 invaderet,
1481 434 1548 464 aut
1565 425 1613 463 ad
1633 425 1754 462 Cher-

314 503 494 528 sonesum
514 491 812 540 recuperandam
833 492 939 528 vobis
964 490 1183 540 adjumento
1202 496 1320 534 esset,
1339 496 1381 525 ut
1401 488 1527 525 denuo
1548 499 1618 524 sua
1637 498 1755 535 opera

315 551 430 601 Cotyi
446 551 619 588 mercede
637 551 777 596 locata,
792 551 953 601 reliquas
969 558 1114 588 vestras
1131 541 1242 588 urbes
1257 549 1470 587 Crithotam
1488 556 1528 586 et
1550 547 1753 585 Eleuntem

313 612 514 649 obsideret.
567 611 664 648 Eum
685 624 794 661 porro
813 611 910 657 haec,
941 612 1031 648 dum
1053 611 1179 648 adhuc
1200 612 1235 647 in
1256 612 1350 648 Asia
1374 617 1467 654 erat,
1492 615 1529 647 et
1551 607 1754 658 epistolam

313 672 364 710 ad
382 683 450 709 vos
470 671 657 716 mittebat,
677 684 765 709 cum
785 672 1016 709 contrarium
1037 671 1162 710 facere
1177 672 1419 716 decrevisset,
1435 683 1500 720 per
1514 669 1687 707 fraudem
1703 667 1753 705 ad

314 746 381 770 vos
416 732 662 782 decipiendos
691 732 876 782 jactasse,
913 745 959 770 ex
992 735 1073 782 ejus
1099 746 1147 770 ex
1181 733 1278 770 Asia
1305 732 1464 783 trajectu
1496 728 1754 780 cognoscetis.

315 793 414 831 Nam
437 792 588 842 Abydo,
611 793 701 829 urbe
722 799 905 842 perpetuo
923 793 1030 830 vobis
1050 793 1215 839 inimica,
1235 800 1274 830 et
1293 793 1395 829 unde
1417 798 1526 829 erant
1543 791 1579 828 hi
1599 789 1664 840 qui
1685 790 1755 826 Se·

315 861 414 891 stum
441 859 686 902 occuparant,
709 852 860 890 Sestum
881 853 1043 902 transiit,
1062 866 1177 902 quam
1211 854 1332 904 Cotys
1364 853 1533 890 tenebat.
1583 851 1644 888 Ne
1666 863 1755 888 vero

312 914 454 965 putetis
472 914 530 951 vel
554 913 759 964 Abydenos
786 925 872 950 eum
893 914 1012 951 fuisse
1032 920 1267 964 recepturos,
1286 912 1347 950 vel
1377 912 1539 956 Sestios,
1560 912 1678 949 missa
1705 911 1755 949 ad

313 988 381 1012 vos
397 974 461 1011 illa
478 974 651 1024 epistola,
666 974 736 1011 nisi
751 975 892 1012 conscii
906 974 1080 1019 fuissent,
1096 982 1177 1011 tum
1192 987 1279 1012 eum
1294 973 1418 1024 egisse
1431 973 1579 1018 fraude,
1599 979 1637 1009 et
1655 971 1755 1010 illius

312 1037 563 1086 imposturam
577 1036 648 1086 ipsi
667 1035 915 1087 adjuvissent,
931 1035 970 1072 id
985 1035 1200 1080 studentes,
1220 1041 1262 1072 ut
1274 1033 1554 1073 transmittendi
1566 1032 1756 1070 exercitus

313 1097 555 1135 securitatem
576 1109 643 1133 vos
659 1096 693 1133 ei
714 1095 1020 1146 suppeditaretis‚
1039 1096 1102 1134 ubi
1124 1108 1214 1134 vero
1235 1094 1546 1141 transisset,—id
1565 1093 1669 1144 quod
1693 1105 1757 1131 ac-

313 1159 417 1203 cidit,
437 1158 540 1195 facta
554 1158 607 1196 illi
623 1170 692 1208 per
714 1157 944 1195 Artabazum
962 1157 1188 1199 discedendi
1210 1164 1466 1208 potestate—,
1485 1161 1529 1193 ut
1555 1154 1626 1206 ipsi
1654 1155 1756 1192 frue-

313 1226 444 1257 rentur
463 1218 808 1255 commoditatibus.
852 1218 949 1256 Haec
976 1217 1030 1255 ita
1059 1231 1100 1255 se
1118 1217 1275 1263 habere,
1305 1231 1353 1255 ex
1382 1215 1551 1267 epistolis
1579 1213 1757 1265 intelligi-

314 1287 389 1323 tur,
408 1286 489 1317 tum
513 1293 558 1318 ea
573 1291 688 1330 quam
708 1278 772 1317 ille
791 1277 906 1324 misit,
928 1285 1008 1316 tum
1029 1277 1073 1315 iis
1102 1290 1196 1328 quas
1224 1277 1415 1329 principes
1435 1274 1757 1314 Chersonesitani.

316 1341 466 1379 Recita.

894 1450 1184 1488 EPLSTOLAE.

317 1556 496 1607 Cogitate
534 1555 635 1592 unde
664 1553 857 1592 transierit
893 1553 1030 1605 Abydo
1059 1553 1225 1590 Sestum.
1264 1551 1452 1603 Nunquid
1477 1550 1619 1602 putatis
1651 1551 1762 1602 Aby-

316 1621 435 1657 denos
470 1625 536 1656 aut
568 1619 714 1655 Sestios
751 1631 836 1655 eum
868 1617 983 1654 fuisse
1017 1622 1253 1667 recepturos,
1287 1616 1358 1653 nisi
1389 1615 1533 1652 fraudis
1566 1613 1762 1663 adjutores

313 1682 490 1726 fuissent,
505 1692 591 1717 cum
606 1679 653 1716 ad
671 1692 735 1716 vos
752 1678 954 1729 epistolam
969 1677 1162 1715 mitteret?
1192 1676 1328 1714 Recita
1341 1677 1394 1713 eis
1411 1676 1611 1726 epistolam
1625 1676 1761 1726 ipsam.

313 1741 394 1778 Vos
413 1754 517 1786 vero,
550 1740 820 1783 Athenienses,
851 1745 1038 1789 spectate,
1067 1750 1182 1788 quam
1212 1737 1397 1775 immensa
1421 1736 1468 1774 de
1497 1749 1584 1774 sese
1615 1735 1665 1774 ad
1693 1747 1761 1773 vos
1820 1784 1833 1793 .

314 1805 396 1855 ipse
416 1802 622 1854 scripserit,
639 1815 679 1839 se
700 1801 940 1847 collaudans,
960 1806 998 1838 et
1015 1799 1089 1838 alia
1106 1799 1243 1837 fecisse
1267 1799 1461 1844 dictitans,
1480 1797 1556 1836 alia
1571 1797 1762 1835 facturum

312 1865 550 1917 promittens·
580 1863 733 1901 Recita.

897 1971 1174 2010 EPISTOLA.

315 2071 509 2109 Praeclara
523 2075 640 2114 certe,
654 2090 706 2096 ——-
723 2066 878 2105 nonne?
893 2088 945 2095 --
963 2065 1238 2110 Athenienses,
1263 2076 1310 2102 ea
1329 2076 1417 2113 quae
1436 2056 1599 2113 scripsit,
1619 2061 1650 2099 si
1673 2074 1762 2099 vera

316 2140 461 2179 essent,
478 2144 657 2182 magnam
681 2130 840 2180 gratiam
862 2126 1129 2166 merebantur?
1157 2127 1266 2164 Tunc
1291 2138 1396 2170 vero,
1426 2138 1515 2163 cum
1542 2124 1649 2162 nulla
1673 2136 1761 2174 spes

316 2193 466 2232 foederis
479 2199 595 2238 esset,
609 2192 658 2229 ad
673 2203 740 2228 vos
757 2189 1004 2240 decipiendos
1017 2188 1083 2226 illa
1095 2187 1267 2239 scripsit:
1295 2193 1501 2238 postquam
1515 2198 1603 2225 vero
1617 2186 1762 2224 factum

315 2256 388 2293 fuit
405 2255 546 2299 foedus,
566 2253 684 2292 recita
700 2265 787 2303 quae
807 2250 952 2289 fecerit.

667 2366 1061 2407 TESTIMONIUM
1096 2365 1417 2405 FACTORUM.

319 2466 416 2502 Cum
438 2463 550 2514 igitur
570 2462 826 2500 Charidemus
847 2473 888 2498 se
906 2459 1014 2497 vobis
1049 2460 1188 2498 amissa
1210 2460 1351 2511 oppida
1373 2459 1571 2497 restituere
1595 2457 1694 2495 velle
1714 2456 1763 2494 sit

316 2524 523 2575 pollicitus,
542 2523 719 2573 princeps
742 2521 936 2559 Crithotes
955 2521 1102 2564 asserit,
1119 2533 1164 2557 eo
1187 2521 1360 2570 trajecto,
1381 2519 1614 2570 gravioribus
1635 2531 1675 2555 se
1694 2530 1761 2568 pe-

316 2585 442 2622 riculis
472 2584 711 2621 fortunarum
743 2582 911 2620 omnium
943 2581 1183 2618 conflictatos
1213 2593 1310 2627 esse,
1342 2592 1456 2631 quam
1487 2578 1605 2630 prius.
1647 2577 1761 2628 Lege,

317 2652 432 2696 atque
450 2657 497 2682 ex
517 2644 590 2681 alia
606 2643 769 2694 epistola
787 2655 864 2680 rem
883 2641 1055 2679 ostende.

904 2762 1180 2801 EPISTOLA.

319 2860 468 2897 Videtis
482 2872 559 2896 rem
578 2859 624 2895 ab
645 2857 747 2895 omni
767 2863 871 2908 parte
887 2857 1112 2902 confirmari,
1127 2869 1229 2901 eum,
1251 2856 1475 2894 transmisso
1491 2854 1759 2905 Hellesponto,

318 2934 394 2957 nou
414 2927 547 2957 contra
567 2919 718 2970 Cotym,
740 2918 808 2957 scd
829 2924 961 2958 contra
978 2930 1046 2956 vos
1075 2930 1164 2955 cum
1192 2917 1258 2955 illo
1284 2930 1369 2956 esse
1400 2916 1625 2967 profectum.
1662 2915 1760 2966 Age,
