1923 3149
777 164 848 202 DE
879 164 1120 202 CORONA.
1612 162 1684 199 195

206 265 301 313 dixi,
321 280 409 317 quae
437 281 484 306 ex
513 281 573 306 me
595 267 747 306 duabus
777 269 826 307 de
855 268 980 306 causis
1012 266 1169 304 attentis
1199 266 1336 304 animis
1366 264 1531 304 audiatis
1550 264 1677 316 velim,

205 328 382 378 primum,
403 336 444 367 ut
465 330 700 381 intelligatis,
720 344 780 369 me
802 343 919 368 unum
940 342 986 367 ex
1016 328 1059 366 iis
1079 327 1145 378 qui
1165 327 1384 366 concionari
1409 335 1448 364 et
1468 340 1584 378 remp.
1606 326 1676 364 ad-

205 390 419 428 ministrare
441 393 565 430 solent
583 392 862 430 benevolentiae
883 391 1008 429 locum
1028 390 1066 427 in
1087 389 1266 441 periculis
1285 402 1362 425 non
1379 389 1590 439 reliquisse,
1607 387 1675 426 sed

204 464 251 489 ea
280 466 347 503 pro
372 453 478 491 vobis
506 462 587 491 tum
609 454 735 491 dicere
768 460 849 491 tum
872 453 1078 490 decernere
1107 464 1193 502 quae
1218 450 1501 489 conveniebant
1519 464 1675 501 perspe-

204 522 308 551 ctum
325 529 409 553 esse
430 516 467 553 in
488 516 578 566 ipsis
596 517 830 566 temporibus
850 514 1109 552 formidolosis
1127 528 1135 552 z
1166 512 1322 559 deinde,
1344 513 1435 563 quia
1454 514 1558 550 brevi
1578 520 1673 550 tem-

203 589 292 626 pore
314 578 349 613 in
368 577 421 614 lzz‘s
447 584 690 628 consumpto,
711 577 834 615 multo
855 576 978 627 magis
1000 575 1048 614 ad
1069 576 1260 627 reliquum
1289 575 1406 612 totius
1433 575 1672 611 administra—

200 638 315 676 tionis
334 638 499 689 publicae
530 644 669 676 statum
696 639 1014 689 cognoscendum
1045 638 1148 675 eritis
1182 636 1372 675 instructi.
1423 636 1513 673 Dixi
1543 635 1670 686 igitur,

202 713 295 737 eos
332 699 415 749 qui
448 699 523 737 sic
556 700 1014 745 tumultuarentur,
1042 700 1195 750 quasi
1222 698 1458 736 Thebani
1490 705 1673 735 essent

200 761 351 798 amici
397 760 653 812 Philippo,
692 762 869 800 totius
917 760 1457 815 rerumxpraesentium
1500 765 1670 798 status

197 822 421 873 ignaros
461 822 579 860 mihi
615 823 804 861 videri.
863 824 1030 862 Probe
1069 822 1200 860 enim
1240 821 1481 873 cognovi,
1516 821 1554 859 si
1594 822 1671 859 ita

198 897 252 922 se
282 898 359 922 res
393 885 614 931 haberet,
646 898 742 923 non
764 886 868 937 jam
898 899 1009 924 eum
1044 885 1227 922 Elateae
1256 898 1354 930 nos,
1393 883 1485 921 sed
1515 883 1561 920 in
1592 897 1669 921 no-

198 947 331 984 stris
370 947 561 984 finibus
598 960 730 994 esse,
767 948 1075 986 audituros.
1128 947 1357 985 Venisse
1396 952 1571 984 autem
1611 946 1670 983 il-

196 1008 313 1054 lum,
363 1015 418 1046 ut
461 1022 517 1047 ea
563 1023 672 1060 quae
714 1009 977 1048 Thebanis
1026 1010 1363 1054 machinatur,
1409 1007 1669 1058 expedita

194 1070 404 1116 habeat,
439 1077 585 1108 certo
619 1071 744 1109 scio.
799 1072 859 1109 Ut
887 1078 1057 1109 autem
1097 1071 1203 1108 haec
1237 1083 1288 1108 se
1317 1070 1574 1116 habeant,
1609 1070 1667 1106 in-

194 1143 322 1181 quam,
356 1131 656 1169 attendite.
712 1133 1068 1183 Quoscunque
1112 1132 1211 1170 ille
1246 1131 1536 1169 Thebanos
1584 1134 1668 1171 vel

193 1193 429 1242 pecunia
461 1192 723 1231 inducere
754 1194 841 1232 vel
869 1194 993 1232 dolo
1029 1206 1225 1244 capere
1260 1193 1451 1244 potuit,
1485 1205 1666 1230 omnes

191 1253 358 1292 habet
386 1253 731 1292 instructos:
766 1268 857 1293 eos
902 1261 1090 1301 autem,
1132 1255 1220 1305 qui
1254 1256 1314 1293 ab
1348 1254 1520 1292 initio
1560 1254 1665 1292 sibi

191 1316 525 1354 restiterunt
583 1324 634 1354 et
672 1330 812 1354 nunc
859 1317 1255 1365 adversantur,
1305 1316 1458 1354 nullo
1511 1317 1664 1354 modo

189 1378 418 1416 suadere
470 1384 668 1429 potest.
717 1378 855 1420 Quid
907 1378 1084 1429 igitur
1135 1377 1247 1416 sibi
1302 1377 1423 1415 vult
1474 1384 1526 1415 et
1570 1391 1666 1415 cur

189 1440 438 1478 Elateam
469 1439 798 1491 occupavit?
837 1440 913 1486 Ut,
944 1439 1181 1478 admotis
1215 1439 1389 1491 copiis
1418 1439 1663 1490 armisque

187 1503 239 1540 in
282 1508 563 1553 conspectu
608 1501 806 1552 positis,
841 1502 1034 1540 amicos
1063 1501 1274 1552 quidem
1313 1515 1436 1540 suos
1475 1503 1658 1540 confir-

188 1571 290 1602 met
327 1570 494 1614 atque
532 1563 721 1613 erigat,
759 1564 1107 1602 adversarios
1147 1571 1320 1602 autem
1359 1570 1571 1610 terreat,
1609 1571 1663 1602 ut

186 1628 265 1665 vel
304 1633 439 1664 metu
478 1626 710 1677 perculsi
749 1639 807 1665 ea
847 1626 1157 1664 concedant
1204 1640 1316 1677 quae
1349 1640 1479 1664 nunc
1519 1640 1660 1665 recu-

188 1696 321 1734 sant,
358 1688 440 1726 vel
480 1687 526 1725 vi
565 1694 842 1738 cogantur.
900 1689 940 1726 Si
974 1689 1153 1739 igitur
1191 1702 1300 1734 nos,
1338 1688 1509 1739 inquam,
1557 1689 1658 1727 hoc

185 1758 419 1802 tempore
455 1755 715 1787 statutum
754 1750 806 1787 in
841 1749 1022 1788 animis
1062 1750 1400 1796 habebimus,
1449 1751 1490 1788 si
1528 1751 1659 1801 quid

185 1813 328 1851 forte
361 1825 384 1850 a
420 1810 925 1862 Thebanis'gravius
957 1812 1008 1849 in
1043 1825 1132 1850 nos
1166 1812 1286 1850 olim
1325 1812 1658 1850 commissum

183 1882 272 1922 est,
301 1874 354 1912 id
390 1873 683 1919 recordari,
713 1873 893 1925 iisque
931 1874 1092 1925 quasi
1128 1875 1187 1912 ab
1225 1874 1464 1912 hostium
1501 1882 1657 1926 parte

184 1942 388 1975 starent
416 1935 658 1981 diffidere,
687 1935 898 1986 primum
926 1935 1122 1986 quidem
1158 1935 1204 1973 id
1237 1935 1497 1982 faciemus,
1527 1938 1657 1987 quod.

183 1998 468 2049 Philippus
502 1996 806 2048 exoptarit;
839 1996 1036 2035 deinde
1071 2010 1269 2043 vereor,
1297 2010 1357 2035 ne
1394 1998 1655 2036 consenti-

183 2060 408 2097 entibus
447 2058 508 2096 iis
548 2058 633 2108 qui
667 2072 801 2096 nunc
840 2058 941 2110 ipsi
973 2059 1324 2097 adversantur
1357 2066 1515 2109 atque
1553 2074 1654 2097 uno

184 2123 345 2160 animo
380 2120 618 2158 omnibus
650 2133 759 2157 curn
792 2119 1037 2172 Philippo
1066 2120 1416 2167 facientibus,
1444 2121 1652 2172 utrique

182 2184 325 2224 simul
355 2184 400 2221 in
428 2182 649 2220 Atticam
681 2182 946 2220 invadant.
978 2183 1128 2226 Quod
1161 2183 1204 2221 si
1234 2182 1359 2220 mihi
1393 2183 1651 2222 ausculta-

179 2246 331 2293 bitis,
368 2250 418 2282 et
453 2243 516 2281 ad
546 2256 602 2281 ea
640 2256 750 2294 quae
791 2243 960 2282 dicam
997 2244 1413 2290 consideranda,
1452 2258 1550 2282 non
1590 2246 1651 2284 ad

179 2308 317 2346 lites
357 2306 420 2344 de
458 2305 528 2343 iis
566 2304 875 2351 movendaS,
905 2319 996 2343 vos
1035 2305 1369 2357 accingetis,
1404 2306 1651 2346 arbitror

180 2370 293 2408 fore
322 2375 375 2406 ut
405 2374 456 2406 et
484 2374 638 2406 recta
668 2380 874 2405 monere
903 2368 1094 2406 videar
1126 2374 1176 2406 et
1207 2368 1486 2406 imminens
1517 2369 1649 2420 reip.

179 2431 477 2483 periculum
503 2430 823 2482 propulsem.
856 2429 992 2474 Quid
1024 2431 1189 2482 igitur
1219 2431 1334 2469 dico
1369 2430 1650 2482 oportere?

182 2494 411 2532 Primum
449 2498 645 2531 metum
687 2491 739 2529 in
794 2505 898 2543 quo
944 2506 1088 2531 nunc
1122 2493 1425 2531 versamini
1472 2495 1648 2531 remit-

180 2563 309 2601 tere,
340 2554 537 2593 deinde
569 2555 678 2592 alio
711 2555 861 2591 illum
899 2555 1203 2593 transferre
1242 2562 1291 2593 et
1319 2568 1407 2606 pro
1445 2555 1646 2592 Theba-

179 2619 263 2656 nis
297 2628 477 2655 omnes
512 2617 722 2658 timere:
768 2616 936 2654 multo
976 2617 1107 2654 enim
1154 2617 1310 2655 nobis
1350 2616 1499 2655 cladi
1532 2630 1646 2667 pro-

178 2681 367 2733 piores
400 2684 535 2722 sunt,
567 2678 750 2729 iisque
782 2679 1008 2717 omniurn
1036 2680 1219 2730 primis
1255 2679 1492 2717 imminet
1518 2678 1644 2728 peri-

178 2742 379 2781 culum:
439 2746 543 2777 tum
585 2753 708 2778 vero
755 2740 1069 2792 etjuvenes
1117 2740 1332 2779 militiae
1382 2745 1545 2789 aptos
1594 2747 1646 2778 et

178 2804 405 2856 equites
444 2801 759 2839 Eleusinem
788 2802 1075 2853 profectos
1109 2802 1406 2841 ostendere
1439 2800 1642 2840 Graecis

178 2865 423 2904 omnibus
447 2876 539 2901 vos
573 2862 627 2900 in
657 2863 821 2901 armis
855 2877 985 2910 esse,
1020 2871 1072 2902 ut
1106 2864 1177 2902 iis
1211 2863 1300 2914 qui
1336 2862 1543 2900 Thebis
1566 2877 1643 2904 vo-,

178 2928 391 2968 hiscum
424 2925 676 2965 sentiunt
705 2938 853 2975 aeque
884 2926 1142 2979 vobis-cum
1182 2925 1341 2963 liceat
1380 2924 1555 2963 libere
1589 2925 1644 2963 de
