1923 3149
682 227 908 268 CONTRA
942 227 1167 267 MIDIAM.
1591 234 1670 271 319

198 337 281 369 tum
301 329 419 369 fuisse
439 330 642 371 dicturum.
700 332 772 372 Rei
791 334 910 380 enim,
928 332 1078 384 opinor,
1111 339 1151 371 et
1177 335 1299 372 sontis
1333 341 1406 383 est,
1428 342 1663 387 praesentem

196 404 322 444 poenae
352 392 571 445 irrogandae
590 393 750 434 modum
770 394 1038 442 detrectando,
1058 394 1236 434 dictitare
1256 409 1343 434 eum
1364 397 1484 436 fuisse
1504 398 1663 438 modum

196 453 479 506 usurpandum,
499 455 564 507 qui
580 455 710 495 nullus
725 462 808 495 est:
839 456 1033 508 sapientes
1053 462 1183 494 autem
1195 456 1349 508 judices
1370 458 1496 507 decet,
1517 467 1556 498 et
1575 460 1663 499 haec

196 527 275 554 non
295 515 442 564 audire,
462 524 500 556 et
515 530 787 570 quemcunque
806 518 1025 569 petulanter
1045 516 1335 569 delinquentem
1357 520 1663 571 comprehende-

195 577 285 626 rint,
307 579 495 630 supplicio
515 592 705 618 coercere.
749 579 809 618 Ne
827 580 944 631 igitur
958 593 1046 618 eum
1067 579 1192 618 dicere
1208 579 1357 628 sinatis,
1377 582 1527 632 privata
1548 583 1663 622 etiam

191 640 339 691 judicia
372 641 463 679 mihi
497 641 582 692 lege
615 641 791 689 concedi,
810 648 850 679 et
884 641 1077 681 actionem
1103 643 1664 692 injuriarum‚——conceduntur

196 702 366 749 enim—-‚
387 703 470 750 sed,
490 703 551 741 vel
584 715 663 741 non
694 703 836 742 fecisse
868 716 909 742 se
937 717 983 743 ea
1016 704 1064 742 de
1097 705 1235 756 quibus
1268 711 1488 753 accusatur,
1509 707 1584 754 vel,
1617 707 1663 744 iis

195 766 322 813 factis,
342 766 484 804 festum
502 779 581 805 non
601 766 804 818 polluisse,
838 766 913 805 hoc
944 767 1138 806 ostendat.
1194 768 1258 806 De
1289 768 1365 807 hoc
1391 769 1489 807 enim
1522 775 1561 807 et
1590 782 1663 820 ego

195 840 281 865 sum
300 833 553 878 conquestus,
570 834 609 865 et
628 841 695 866 vos
716 841 820 867 nunc
841 829 1071 867 sententiam
1093 829 1239 868 feretis.
1299 829 1415 873 Quod
1436 831 1467 868 si
1493 843 1566 882 ego
1584 831 1660 883 pri-

191 894 369 926 vatorum
392 887 627 940 judiciorum
659 889 913 941 praerogativa
932 889 1088 936 omissa,
1117 890 1338 942 reipublicae
1366 891 1577 930 vindictam
1602 906 1663 931 re-

193 949 341 1002 linquo,
362 957 402 988 et
420 950 460 988 id
481 957 678 989 certamen
699 950 842 1002 delegi,
859 951 962 990 unde
982 951 1076 989 nihil
1099 952 1148 990 ad
1169 965 1230 990 me
1258 952 1353 991 lucri
1373 954 1486 1000 redit,
1505 967 1660 1005 aequum

194 1012 309 1051 fuerit
340 1013 472 1064 utique
510 1013 599 1051 mihi
634 1013 798 1065 gratiam
829 1014 957 1065 potius
991 1013 1126 1052 haberi
1161 1028 1183 1052 a
1201 1014 1324 1063 vobis,
1344 1028 1457 1066 quam
1478 1015 1663 1055 damnum

195 1073 332 1125 infligh

251 1138 313 1174 10.
347 1136 436 1175 Scio
470 1137 585 1176 etiam
613 1150 701 1175 eum
721 1137 797 1176 hoc
817 1136 981 1175 subinde
1007 1136 1317 1176 inculcaturum:
1348 1152 1397 1177 ne
1427 1151 1490 1177 me
1520 1138 1662 1178 tradite

196 1197 468 1246 Demostheni,
506 1211 632 1248 neque
669 1211 731 1236 me
767 1204 922 1249 propter
956 1199 1261 1238 Demosthenem
1298 1214 1318 1238 e
1354 1199 1483 1240 medio
1522 1201 1662 1241 tollite.

196 1257 342 1296 Ideone
362 1271 423 1296 me
451 1258 706 1306 interficietis,
742 1258 833 1310 quia
853 1272 941 1297 cum
972 1260 1048 1297 isto
1069 1259 1217 1298 bellum
1250 1261 1371 1312 gero?
1399 1261 1509 1299 Talia
1543 1275 1662 1313 saepe,

194 1320 288 1367 scio,
308 1319 531 1366 clamitabit,
550 1326 595 1357 ut
615 1333 676 1358 me
697 1320 807 1359 hisce
827 1321 952 1358 verbis
968 1321 1199 1360 invidiosum
1214 1322 1347 1362 saciat.
1388 1323 1502 1362 Absit
1513 1329 1661 1371 autem,

191 1387 231 1420 et
244 1380 409 1419 multum
430 1381 543 1427 absit,
563 1388 606 1419 ut
626 1381 711 1419 haec
730 1381 784 1419 ita
800 1394 841 1419 se
861 1380 1046 1420 habeant.
1078 1382 1283 1421 Neminem
1300 1384 1401 1422 enim
1421 1391 1574 1423 sontem
1593 1398 1662 1423 vos

191 1443 374 1494 cuiquam
407 1442 623 1481 accusatori
655 1442 832 1482 traditis:
867 1457 938 1482 nec
972 1444 1087 1490 enim,
1120 1445 1187 1483 ubi
1217 1446 1302 1496 quis
1333 1445 1493 1485 affectus
1524 1447 1664 1498 injuria

192 1504 318 1551 fuerit,
345 1504 422 1542 tale
443 1505 674 1556 supplicium
696 1504 939 1557 delinquenti
961 1505 1143 1558 infligitis,
1166 1506 1282 1558 quale
1303 1507 1335 1546 is
1355 1509 1421 1560 qui
1444 1508 1563 1547 laesus
1588 1516 1661 1557 est,

190 1565 447 1617 infligendum
466 1579 552 1605 esse
571 1566 805 1617 persuadere
823 1568 932 1605 vobis
953 1568 1097 1615 studet,
1120 1569 1190 1607 sed
1210 1575 1358 1616 contra,
1384 1570 1523 1609 tulistis
1550 1570 1661 1622 leges

193 1634 282 1666 ante
301 1626 473 1678 injurias,
492 1641 611 1678 quum
632 1635 671 1666 et
690 1628 756 1678 qui
775 1628 1045 1680 delinquerent
1064 1629 1102 1667 in
1122 1631 1270 1669 incerto
1286 1638 1429 1679 essent,
1445 1638 1483 1670 et
1501 1631 1540 1669 in
1561 1646 1660 1684 quos

193 1687 478 1740 delinqueretur
511 1703 623 1740 aeque
651 1690 690 1727 in
720 1689 883 1729 incerto.
922 1692 1021 1734 Quae
1049 1704 1138 1730 vero
1164 1692 1300 1730 harum
1329 1693 1459 1744 legum
1487 1693 1543 1731 vis
1574 1694 1663 1733 est?

192 1750 436 1790 Pollicentur
455 1751 634 1789 omnibus
655 1742 817 1799 civibus,
843 1752 873 1790 si
896 1752 959 1790 cui
978 1753 1047 1790 fiat
1066 1752 1216 1805 injuria,
1234 1753 1269 1792 ei
1289 1767 1331 1792 se
1358 1754 1573 1793 ulciscendi
1590 1768 1660 1795 suo

190 1815 372 1866 praesidio
401 1815 553 1867 copiam
572 1815 756 1854 facturas.
807 1814 848 1853 Si
869 1829 985 1867 quem
1003 1816 1121 1868 igitur
1139 1816 1246 1869 leges
1265 1817 1474 1856 violantem
1501 1818 1660 1871 punitis,

190 1888 278 1914 eum
299 1889 376 1915 non
397 1877 685 1916 accusatoribus
703 1876 870 1925 traditis,
892 1877 962 1917 sed
983 1878 1090 1930 leges
1108 1886 1258 1918 vestras
1277 1880 1526 1919 confirmatis.
1568 1882 1661 1921 Jam

191 1937 242 1976 ad
274 1936 384 1987 illud,
419 1951 540 1990 quum
578 1938 618 1976 D
635 1951 706 1977 em
719 1952 742 1978 0
758 1938 837 1978 sth
852 1952 911 1977 en
926 1952 946 1978 e
963 1952 994 1986 s,
1034 1939 1197 1991 inquiet,
1233 1941 1292 1978 1ae
1307 1954 1325 1979 s
1338 1955 1364 1979 u
1379 1955 1396 1979 s
1435 1955 1455 1979 e
1469 1955 1487 1980 s
1501 1949 1517 1980 t
1551 1943 1661 1995 justa

190 2006 230 2037 et
247 2000 462 2039 communis
482 2007 521 2038 et
540 1999 588 2038 ad
606 2001 779 2039 omnium
798 2001 1042 2039 securitatem
1057 2002 1255 2053 pertinens
1270 2003 1470 2054 responsio
1488 2010 1559 2043 est.
1590 2005 1662 2044 Illo

191 2059 253 2098 die
267 2074 346 2099 non
361 2075 423 2100 me
441 2061 750 2100 Demosthenem
761 2069 913 2101 tantum
928 2076 1014 2101 esse
1028 2063 1282 2114 exagitatum,
1296 2064 1365 2104 sed
1377 2065 1492 2103 etiam
1505 2065 1660 2106 aedilem

190 2130 360 2163 vestrum
380 2139 390 2164 ι
419 2125 525 2177 quod
545 2131 733 2176 quantum
752 2126 893 2173 valeat,
914 2126 1004 2164 hinc
1027 2128 1286 2178 cognoscetis.
1325 2128 1439 2167 Scitis
1459 2142 1479 2167 e
1500 2129 1661 2169 sexviris

191 2186 335 2225 nemini
356 2200 444 2226 esse
475 2200 617 2225 nomen
647 2188 844 2234 sexvir,
873 2188 942 2226 sed
979 2201 1091 2226 suum
1122 2190 1320 2240 quoddam
1352 2190 1571 2242 unicuique.
1617 2192 1659 2230 Si

191 2261 307 2299 quem
333 2249 450 2300 igitur
469 2262 615 2297 eorum,
635 2249 728 2287 dum
747 2249 920 2301 privatus
955 2257 1028 2296 est,
1060 2251 1121 2289 vel
1142 2251 1338 2290 mulctarit
1364 2252 1568 2303 quispiam,
1598 2254 1660 2292 vel

180 2311 375 2349 ‘conviciis
395 2311 612 2357 incesserit,
641 2311 864 2363 injuriarum
886 2318 924 2349 et
949 2312 1111 2350 convicii
1134 2313 1283 2364 judicio
1309 2313 1457 2365 privato
1483 2316 1660 2366 postula-

190 2373 318 2411 bitur:
358 2373 415 2412 sin
435 2374 644 2420 sexvirum,
664 2374 874 2425 ignominia
892 2374 972 2412 sine
994 2374 1109 2413 dubio
1138 2375 1346 2413 notabitur.
1386 2377 1661 2429 Quapropter?

193 2432 311 2477 Quod
330 2434 504 2485 quisquis
523 2434 562 2472 id
582 2434 690 2481 facit,
710 2434 740 2472 is
753 2438 836 2483 jam
855 2435 971 2473 etiam
991 2435 1100 2486 leges
1120 2437 1355 2475 contumelia
1375 2438 1503 2486 afficit,
1529 2446 1568 2477 et
1591 2453 1660 2478 ve-

192 2500 311 2532 stram
337 2508 581 2534 communem
603 2509 802 2544 coronam,
822 2503 861 2535 et
879 2510 1019 2535 nomen
1039 2497 1203 2537 civitatis
1221 2511 1230 2536 ι
1261 2512 1350 2537 nam
1370 2501 1497 2539 sexvir
1515 2501 1659 2540 nullius

190 2554 355 2594 hominis
371 2562 432 2594 est
448 2569 603 2605 nomen,
623 2558 692 2596 sed
712 2557 891 2597 civitatis.
922 2558 1072 2597 Eadem
1093 2566 1153 2597 est
1173 2566 1211 2598 et
1226 2562 1396 2611 praetoris
1411 2562 1523 2610 ratio,
1543 2576 1659 2613 quem

192 2616 223 2654 si
244 2616 328 2667 quis
348 2624 578 2656 coronatum
596 2619 866 2667 verberaverit,
886 2625 954 2659 aut
973 2620 1156 2660 conviciis
1172 2620 1387 2669 incesserit,
1405 2624 1558 2663 infamis
1573 2631 1658 2664 est:

191 2677 251 2715 sin
270 2677 476 2729 privatum,
494 2679 642 2731 privato
655 2681 807 2732 judicio
835 2688 896 2720 est
914 2682 1117 2721 obnoxius.
1157 2682 1243 2722 Nec
1268 2684 1409 2723 horum
1428 2691 1580 2724 tantum
1611 2699 1659 2725 ea

189 2739 288 2778 ratio
308 2746 381 2787 est,
402 2740 474 2779 sed
491 2736 662 2780 omnium
686 2755 818 2780 eorum
845 2743 985 2794 quibus
1015 2744 1168 2796 publice
1199 2745 1329 2796 aliqua
1357 2746 1558 2793 securitas,
1592 2753 1660 2785 aut

190 2813 346 2840 coronae
358 2802 439 2854 jus,
460 2808 528 2841 aut
547 2803 642 2841 alius
663 2803 849 2856 quispiam
869 2805 992 2845 honos
1019 2806 1272 2846 conceditur:
1302 2808 1355 2846 ita
1374 2808 1506 2854 etiam,
1530 2809 1560 2846 si
1582 2808 1659 2847 Mi-

191 2861 274 2901 dias
303 2862 388 2902 aliis
416 2864 650 2915 quibusdam
679 2863 815 2903 diebus
841 2879 916 2912 me,
944 2873 989 2905 ut
1015 2880 1221 2919 personam
1240 2867 1441 2919 privatam,
1475 2869 1524 2907 ad
1553 2869 1658 2908 hunc

190 2924 349 2963 modum
368 2925 548 2976 laesisset,
567 2925 746 2977 privatim
763 2925 877 2966 etiam
891 2941 1030 2980 poenas
1050 2943 1138 2968 eum
1160 2929 1252 2967 dare
1265 2936 1460 2980 oporteret
1475 2943 1485 2974 ;
1517 2930 1548 2968 si
1567 2944 1657 2970 vero

190 2984 344 3025 aedilem
362 2994 547 3037 vestrum,
567 2988 630 3027 die
647 2987 764 3037 festo,
781 2988 842 3029 his
861 2990 1041 3030 omnibus
1060 2991 1209 3042 injuriis
1237 2997 1276 3030 et
1293 2991 1535 3032 contumeliis
1559 2992 1655 3033 affe-
