1923 3149
216 153 297 192 486
727 152 781 190 1N
814 149 1085 190 APHOBUM
1118 150 1167 188 11.

274 256 312 291 3.
346 253 512 292 Faciunt
540 258 668 292 autem
700 254 873 292 omnium
913 252 1199 300 absurdissime,
1228 252 1292 302 qui
1326 250 1476 298 dicant,
1502 252 1669 290 vetuisse

218 321 364 366 patrem
385 328 434 353 ne
451 314 588 352 domus
608 315 812 360 locaretur,
828 324 867 352 et
887 313 1036 351 tabulas
1052 321 1194 358 tamen,
1215 312 1319 350 unde
1339 313 1391 350 rei
1410 312 1550 350 veritas
1565 318 1670 350 certo

217 376 403 426 cognosci
436 382 582 426 posset,
603 388 794 426 nusquam
813 374 1032 426 proferant;
1068 387 1113 411 ae
1133 366 1458 424 putentssublato
1478 379 1587 411 tanto
1612 379 1671 411 te-

219 437 412 482 stimonio,
435 449 476 474 se
496 444 572 475 tam
593 436 708 475 facile
727 436 843 474 fidem
859 436 962 486 apud
981 448 1048 473 vos
1065 435 1299 473 inventuros.
1340 433 1568 472 Advocandi
1589 434 1672 484 qui-

218 498 306 536 dem
325 510 415 535 mox
433 505 523 549 post
554 499 701 536 obitum
720 498 841 548 patris
869 504 987 535 testes
1018 496 1187 534 fuissent
1219 495 1450 546 complures,
1481 508 1503 532 a
1531 493 1671 544 quibus

218 558 440 610 consignari
474 565 748 597 testamentum
780 558 974 608 juberent,
1009 565 1064 604 ut,
1093 558 1124 596 si
1152 557 1246 608 quid
1273 557 1371 595 forte
1400 556 1672 594 controversiae

219 620 393 667 oriretur,
403 620 451 658 ad
466 620 561 658 illud
571 620 755 671 scriptum
767 619 921 666 recurri,
932 626 971 657 et
979 619 1149 657 omnium
1161 632 1287 657 rerum
1297 618 1435 656 veritas
1444 617 1560 669 plane
1569 617 1672 655 inve-

219 681 290 719 niri
305 688 449 732 posset.
508 681 630 719 Nunc
649 680 724 718 alia
743 679 922 731 quaedam
937 680 1206 731 consignanda
1220 686 1468 725 censuerunt,
1484 679 1523 716 in
1535 678 1673 729 quibus

219 742 343 780 multa
359 741 407 779 de
425 741 569 779 relictis
586 741 722 792 opibus
742 740 926 791 inscripta
943 753 1021 778 non
1043 742 1211 787 fuerunt,
1232 740 1337 778 nudo
1358 740 1549 777 duntaxat
1566 751 1671 777 com·

218 802 404 840 mentaria
421 816 429 841 :
464 802 592 852 ipsum
612 814 702 839 vero
721 808 1011 847 testamentum,
1031 802 1068 838 in
1088 802 1193 851 quod
1222 808 1331 851 pater
1350 809 1389 839 et
1408 814 1455 839 ea
1475 813 1672 839 commen-

217 863 312 901 taria
325 863 524 908 retulerat,
544 869 583 901 et
598 862 787 913 reliquam
806 862 1011 914 pecuniam
1026 875 1193 906 omnem,
1211 875 1297 912 quae
1310 861 1400 899 fidei
1415 874 1548 898 eorum
1563 874 1670 898 man-

218 925 395 971 dabatur,
419 932 458 963 et
472 938 539 976 per
558 925 662 976 quod
678 937 755 962 non
777 924 939 962 elocatae
960 926 1098 962 domus
1120 923 1224 961 omni
1237 923 1394 961 crimine
1408 922 1672 966 liberarentur,

218 986 258 1024 id
288 986 444 1024 demum
464 999 590 1036 neque
619 987 914 1036 consignarunt,
939 998 1066 1035 neque
1095 984 1350 1036 protulerunt.
1409 983 1482 1021 Est
1508 995 1599 1020 vero
1619 982 1673 1020 eis

216 1047 469 1095 credendum,
491 1047 673 1098 quicquid
686 1047 734 1084 de
751 1046 859 1084 hisce
874 1047 1053 1084 dixerint.
1090 1046 1174 1096 Ego
1186 1059 1276 1084 vero
1294 1045 1387 1096 quid
1402 1045 1507 1082 istud
1518 1044 1580 1090 sit,
1598 1056 1675 1081 non

216 1110 406 1161 intelligo.
441 1110 535 1148 Non
557 1109 707 1147 sinebat
727 1108 856 1147 locare
877 1109 1048 1154 domum,
1069 1121 1193 1158 neque
1222 1107 1351 1157 palam
1370 1106 1542 1157 proferre
1559 1118 1675 1156 pecu·

217 1171 319 1210 niam
339 1178 463 1223 pater.
502 1171 691 1208 Utrumne
710 1170 818 1215 mihi,
837 1182 887 1207 an
907 1182 998 1207 vero
1019 1168 1195 1206 civitati?
1226 1169 1309 1205 Imo
1330 1174 1486 1205 constat
1505 1180 1573 1205 vos
1602 1165 1676 1204 rei-

216 1233 311 1284 pub.
329 1232 435 1270 illam
454 1231 678 1284 protulisse,
701 1231 792 1268 mihi
806 1243 896 1269 vero
915 1230 1070 1282 penitus
1084 1229 1352 1275 abscondisse,
1367 1242 1412 1267 ac
1427 1243 1476 1267 ne
1491 1242 1576 1267 eam
1591 1228 1675 1279 qui-

219 1295 308 1333 dem
329 1294 564 1340 declarasse,
593 1293 643 1331 de
664 1293 776 1344 cujus
797 1292 1050 1330 aestimatione
1072 1292 1217 1330 tributa
1241 1290 1492 1342 pependistis.
1549 1289 1676 1340 Agite,

219 1355 413 1394 ostendite
437 1355 524 1393 istae
543 1355 667 1406 copiae
687 1367 774 1405 quae
801 1353 957 1400 fuerint,
987 1360 1103 1404 atque
1124 1353 1187 1390 ubi
1207 1360 1246 1390 et
1263 1365 1341 1403 quo
1362 1358 1552 1402 praesente
1583 1351 1675 1388 mihi

218 1418 297 1456 sint
326 1417 492 1455 traditae.
554 1417 659 1455 Nam
686 1417 763 1454 duo
794 1416 951 1466 quidem
985 1416 1146 1461 talenta,
1179 1421 1217 1452 et
1246 1415 1446 1464 octoginta
1473 1413 1606 1458 minas,
1628 1412 1677 1451 de

219 1487 384 1531 quatuor
403 1479 570 1525 talentis,
591 1485 630 1516 et
648 1479 769 1516 tribus
790 1477 1060 1516 drachmarum
1073 1476 1244 1514 millibus
1260 1475 1480 1527 accepistis:
1509 1473 1677 1512 Proinde

220 1554 348 1592 neque
367 1541 463 1579 istas
483 1553 568 1578 mea
587 1553 707 1578 causa
726 1540 873 1590 reipub.
894 1538 1129 1585 contulistis,
1155 1551 1243 1576 cum
1264 1538 1337 1575 illis
1358 1536 1592 1588 temporibus
1611 1548 1677 1573 ve-

220 1610 310 1641 strae
331 1608 473 1640 essent.
530 1602 655 1652 Atqui
688 1614 734 1638 ex
762 1601 914 1638 aedibus
947 1607 986 1638 et
1013 1599 1305 1651 quatuordecim
1325 1598 1524 1649 mancipiis
1548 1610 1593 1635 ac
1612 1597 1678 1634 tri-

220 1664 329 1715 ginta
340 1663 469 1709 minis,
488 1676 576 1714 quae
592 1662 683 1700 mihi
699 1661 928 1712 tradidistis,
941 1675 1018 1700 non
1033 1662 1112 1700 fieri
1129 1668 1258 1712 potest
1269 1667 1314 1698 ut
1326 1667 1476 1698 tantum
1493 1659 1678 1697 tributum

222 1725 272 1763 sit
294 1731 552 1772 numeratum,
580 1730 769 1775 quantum
789 1737 858 1762 vos
880 1724 918 1762 in
938 1724 1102 1762 classem
1131 1722 1363 1761 contulistis.
1420 1722 1498 1760 Sed
1522 1721 1679 1760 omnino

219 1799 382 1826 neeesse
401 1793 463 1825 est
483 1786 537 1824 uti
568 1786 705 1824 relicta
720 1799 810 1836 quae
829 1792 932 1832 sunt,
954 1785 1012 1824 his
1034 1785 1150 1836 longe
1179 1785 1336 1837 majora,
1366 1783 1439 1835 ipsi
1467 1784 1596 1821 omnia
1621 1790 1678 1822 te·

218 1849 362 1887 neatis:
394 1856 434 1886 et
458 1854 587 1886 tamen
616 1861 705 1886 cum
725 1860 748 1884 a
767 1847 874 1886 vobis
895 1861 941 1886 ea
961 1847 1113 1898 direpta
1131 1859 1214 1884 esse
1234 1845 1360 1897 palam
1386 1845 1679 1890 convincamini,

219 1910 310 1948 talia
329 1909 570 1948 comminisci
591 1909 756 1947 audetis.
806 1910 938 1958 Atque
959 1909 1054 1946 alias
1074 1907 1229 1957 culpam
1250 1906 1348 1943 alius
1378 1906 1415 1942 in
1447 1906 1560 1943 alium
1590 1906 1676 1957 reji-

219 1971 305 2010 citis
323 1984 332 2009 :
363 1983 495 2009 rursus
514 1969 713 2021 accepisse
728 1982 795 2006 vos
807 1969 944 2006 vestris
958 1967 1185 2006 testimoniis
1206 1967 1303 2005 alius
1320 1966 1436 2004 alium
1453 1968 1678 2018 coarguitis.

221 2033 323 2071 Cum
341 2046 410 2071 vos
441 2032 640 2082 accepisse
667 2031 790 2068 multa
816 2030 980 2081 negetis,
1007 2042 1232 2080 magnorum
1259 2034 1484 2079 sumptuum
1511 2029 1679 2072 rationes

221 2093 418 2132 retulistis.
457 2093 558 2130 Cum
578 2091 741 2129 tutelam
762 2091 1017 2129 communiter
1039 2089 1236 2140 gesseritis
1263 2102 1411 2134 omnes,
1438 2102 1541 2127 nunc
1560 2102 1679 2139 pecu-

221 2155 331 2193 liaria
367 2152 507 2205 singuli
536 2151 682 2203 effugia
709 2152 896 2202 quaeritis.
946 2152 1045 2189 Cum
1073 2157 1348 2188 testamentum
1376 2150 1631 2197 aboleveritis‚
1659 2165 1680 2189 e

224 2229 301 2267 quo
321 2215 441 2254 totius
461 2214 608 2267 negotii
627 2214 766 2252 veritas
792 2213 975 2264 cognosci
998 2213 1200 2264 potuisset,
1220 2223 1419 2262 nunquam
1439 2218 1575 2249 vestrae
1595 2225 1680 2249 ora-

223 2278 349 2315 tiones
369 2276 468 2314 inter
489 2287 575 2314 sese
597 2274 847 2313 conveniunt.
897 2274 1064 2311 Proinde
1090 2273 1311 2311 testimonia
1329 2272 1469 2323 profer,
1500 2279 1613 2322 atque
1635 2286 1680 2310 ea

224 2339 357 2377 ordine
388 2338 448 2375 his
482 2337 569 2388 lege
602 2337 743 2380 omnia,
778 2342 821 2372 ut
850 2348 983 2372 eorum
1014 2335 1128 2373 etiam
1159 2347 1245 2384 quae
1271 2332 1498 2371 testimoniis
1518 2333 1682 2383 probata

226 2399 370 2438 fuerint
390 2411 594 2444 memores,
613 2398 834 2436 accuratius
856 2397 903 2434 de
920 2404 1002 2434 toto
1023 2396 1182 2447 negotio
1196 2396 1418 2433 decernant.

774 2547 1135 2590 TESTIMONlA.

232 2647 402 2685 Tantum
432 2646 493 2685 isti
522 2658 607 2683 mea
636 2657 754 2684 causa
786 2644 916 2682 tributi
948 2643 1101 2681 nomine
1132 2642 1409 2680 conferendum
1436 2649 1683 2687 censuerunt,

229 2717 416 2759 quantum
447 2709 478 2746 si
508 2720 632 2746 meum
663 2706 930 2757 patrimonium
953 2704 1174 2754 quindecim
1206 2704 1392 2742 talentum
1414 2703 1561 2749 suisset,
1592 2702 1683 2740 milii

232 2784 321 2809 vero
341 2771 412 2821 ipsi
433 2778 506 2809 tres
527 2782 573 2806 ne
595 2767 843 2819 septuaginta
863 2766 1018 2817 quidem
1040 2765 1224 2804 minarum
1247 2765 1513 2816 patrimonium
1530 2763 1682 2802 restitu-

232 2839 354 2871 erunt.
414 2832 513 2882 Lege
533 2829 745 2881 sequentia.
