1923 3149
254 168 331 204 448
652 166 879 204 CONTRA
915 163 1301 203 TIMOCRATEM.

248 275 391 314 autem,
407 268 662 306 Timocratem
677 268 800 319 legem
817 267 928 306 istam
945 268 1090 312 tulisse,
1103 280 1180 305 non
1197 266 1388 304 minimam
1402 270 1546 316 partem
1563 272 1700 316 suapte

249 342 389 371 causa:
420 329 540 366 multa
559 329 657 366 enim
674 329 708 366 in
725 330 894 380 gerenda
915 329 1108 379 republica
1123 342 1162 367 se
1184 341 1335 366 carcere
1351 327 1468 377 digna
1484 326 1698 370 admittere,

249 389 331 439 ipse
352 389 512 426 censuit.

302 450 367 486 49.
396 450 494 487 Illud
515 450 628 487 etiam
649 449 755 486 vobis
776 449 958 492 recitabo,
988 449 1091 499 quod
1121 447 1303 485 Solonem
1324 446 1529 497 aliquando
1557 445 1700 483 dixisse

247 509 375 546 ferunt
394 509 494 560 apud
511 511 676 561 judices,
691 511 729 546 in
749 523 795 547 eo
815 509 1033 547 accusando
1048 509 1110 559 qui
1126 509 1247 558 legem
1267 508 1517 558 perniciosam
1534 514 1700 556 rogarat,

247 571 285 607 in
307 571 405 608 hanc
424 572 652 608 sententiam
671 584 679 613 ;
710 579 906 620 receptum
928 584 1012 607 esse
1033 570 1070 607 in
1090 570 1304 606 universum
1327 569 1429 619 apud
1450 581 1583 606 omnes
1607 568 1699 605 civi-

248 639 362 675 tates,
383 632 443 681 qui
467 639 658 669 monetam
681 631 917 676 adulterant,
938 639 981 669 ut
1000 638 1119 668 morte
1144 631 1363 668 mulctetur.
1400 629 1552 667 Deinde
1585 629 1700 666 inter-

250 705 405 742 rogasse
420 692 588 742 judices,
609 705 699 729 num
726 693 779 729 eis
805 704 849 729 ea
877 692 938 729 lex
960 692 1067 742 justa
1087 699 1124 729 et
1144 691 1344 728 laudabilis
1376 690 1580 727 videretur.
1625 689 1702 730 Qui

250 767 337 790 cum
357 753 474 790 videri
494 753 564 790 sibi
584 753 888 802 respondissent,
918 752 1141 803 subjecisse,
1160 760 1292 802 putare
1313 764 1411 796 sese,
1445 750 1594 801 argenti
1619 762 1702 786 mo-

249 822 374 851 netam
399 813 627 863 privatorum
657 820 923 850 contractuum
947 825 1064 850 causa
1092 819 1278 862 repertam
1307 811 1403 848 intcr
1439 812 1566 850 cives:
1596 811 1702 860 leges

250 881 376 912 autem
409 881 598 912 monetam
632 886 718 911 esse
754 873 987 923 reipublicae.
1033 872 1191 910 Judices
1223 871 1337 921 igitur
1364 880 1549 922 oportere,
1581 870 1701 908 multo

251 935 372 985 magis
399 935 430 972 si
456 934 541 985 quis
568 947 651 971 eam
679 947 766 984 quae
800 933 964 971 civitatis
991 941 1146 970 moneta
1177 933 1225 970 sit
1254 939 1483 982 corrumpat,
1511 933 1637 970 odisse
1665 937 1705 968 et

248 996 395 1046 punire,
415 1008 528 1046 quam
559 995 591 1032 si
611 994 695 1044 quis
715 1007 799 1031 eam
826 1006 913 1043 quae
935 994 983 1031 sit
1003 993 1199 1031 hominum
1226 992 1470 1043 privatorum.
1513 993 1641 1042 Atque
1662 998 1705 1028 ut

249 1057 521 1107 intelligerent,
542 1056 644 1093 haud
677 1055 791 1093 dubie
825 1055 950 1106 majus
977 1068 1062 1092 esse
1096 1054 1277 1091 delictum
1308 1066 1552 1103 corrumpere
1583 1053 1703 1102 leges,

249 1129 363 1166 quam
391 1116 605 1154 adulterare
627 1122 834 1160 monetam,
866 1114 1085 1152 addidisse:
1115 1113 1257 1151 multas
1284 1114 1456 1151 civitates
1486 1126 1573 1163 quae
1597 1112 1704 1150 haud

250 1177 534 1216 dissimulanter
570 1185 740 1229 argento,
778 1177 882 1227 quod
917 1177 966 1214 sit
996 1191 1070 1214 aere
1104 1184 1142 1214 et
1173 1177 1328 1227 plumbo
1358 1183 1703 1226 contemperatum,

251 1247 419 1284 utantur,
442 1247 571 1277 tamen
599 1252 685 1277 esse
708 1238 933 1282 incolumes,
964 1251 1034 1275 nec
1058 1238 1177 1274 ullum
1209 1251 1255 1274 ex
1283 1250 1328 1274 ea
1354 1250 1393 1274 re
1424 1250 1562 1287 capere
1587 1236 1702 1274 detri-

248 1308 442 1338 mentum:
463 1308 502 1338 at
520 1301 550 1338 si
568 1300 632 1350 qui
652 1300 808 1351 perinde
830 1300 978 1349 legibus
997 1299 1218 1336 adulterinis
1237 1299 1296 1335 usi
1316 1305 1491 1348 receptas
1513 1297 1703 1348 corrumpi

250 1362 422 1407 siverint,
443 1375 572 1399 eorum
594 1362 721 1399 nullos
743 1374 907 1411 unquam
930 1373 1005 1397 non
1026 1360 1284 1398 internecione
1304 1360 1472 1410 periisse.
1511 1360 1613 1397 Huic
1633 1360 1705 1410 igi-

250 1430 312 1460 tur
331 1423 478 1460 crimini
494 1423 607 1460 etiam
627 1423 861 1459 Timocrates
881 1434 983 1458 nunc
1004 1428 1062 1459 est
1077 1422 1277 1465 obnoxius,
1295 1428 1333 1458 et
1351 1433 1436 1458 eam
1450 1420 1540 1471 jure
1555 1433 1579 1458 a
1596 1421 1706 1458 vobis

251 1485 543 1521 aestimationem
561 1496 661 1520 nunc
682 1483 841 1526 auferet,
857 1495 970 1531 quam
992 1481 1229 1519 commeruit.

303 1546 368 1581 50.
398 1545 456 1582 Ac
481 1557 572 1581 vero
602 1543 844 1581 irascendum
865 1550 924 1579 est
944 1542 1133 1586 omnibus,
1155 1541 1220 1592 qui
1239 1540 1344 1591 leges
1360 1547 1490 1591 turpes
1510 1546 1549 1578 et
1565 1541 1706 1591 impro-

248 1607 320 1642 bas
340 1605 478 1651 ferunt,
513 1613 592 1642 tum
623 1617 712 1642 vero
743 1603 801 1640 his
835 1603 1032 1653 imprimis,
1060 1597 1128 1653 >qui
1159 1615 1224 1639 eas
1252 1602 1357 1651 leges
1388 1609 1648 1651 corrumpunt,
1682 1614 1706 1638 a

249 1667 389 1716 quibus
409 1665 469 1703 vel
490 1665 715 1715 magnitudo
736 1664 852 1708 urbis,
881 1663 941 1700 vel
973 1663 1166 1700 humilitas
1187 1663 1342 1714 pendet.
1390 1662 1469 1699 Hae
1497 1675 1587 1699 vero
1617 1675 1705 1712 quae

251 1727 368 1764 sunt?
397 1727 494 1764 Tum
516 1739 602 1775 quae
621 1725 778 1776 injurios
793 1724 969 1774 puniunt,
990 1731 1070 1760 tum
1095 1738 1181 1774 quae
1201 1723 1309 1761 bonis
1331 1730 1369 1760 et
1381 1722 1499 1773 justis
1519 1722 1704 1760 honorem

249 1789 406 1826 habent.
453 1787 553 1825 Nam
583 1787 614 1824 si
633 1799 766 1823 omnes
798 1786 845 1823 de
867 1785 1061 1836 republica
1080 1786 1178 1821 bene
1203 1783 1334 1821 mereri
1362 1783 1555 1827 studeant,
1581 1783 1706 1820 hono-

251 1850 355 1887 ribus
375 1856 414 1886 et
431 1848 595 1898 praemiis
617 1861 704 1898 quae
725 1853 926 1897 propterea
946 1846 1083 1883 dantur
1116 1845 1274 1888 incitati,
1297 1852 1336 1881 et
1354 1857 1486 1881 omnes
1507 1843 1706 1880 maleficiis

251 1923 298 1948 ac
314 1909 460 1960 injuriis
481 1908 709 1952 abstineant,
730 1908 960 1944 detrimenta
979 1912 1018 1943 et
1044 1905 1231 1955 supplicia
1259 1905 1468 1942 sceleribus
1495 1905 1706 1941 constituta

251 1976 482 2015 metuentes,
502 1968 592 2019 quid
612 1967 827 2019 prohibebit
848 1966 1123 2016 rempublicam
1143 1972 1313 2002 nostram
1333 1977 1415 2002 esse
1432 1964 1706 2015 amplissimam

252 2040 291 2070 et
308 2028 644 2069 florentissimam?
675 2028 817 2065 Nonne
845 2034 902 2064 tot
923 2027 1108 2072 triremes,
1128 2033 1220 2076 quot
1239 2025 1345 2062 nulla
1363 2024 1438 2062 alia
1459 2023 1598 2062 Graeca
1615 2025 1709 2062 civi·

254 2101 310 2131 tas
348 2090 544 2143 possidet?
585 2089 675 2127 Non
711 2088 912 2139 legiones?
947 2088 1035 2124 Non
1072 2085 1247 2137 equites?
1292 2086 1381 2123 Non
1411 2085 1585 2124 reditus?
1617 2086 1708 2124 Non

252 2153 363 2191 loca?
394 2152 484 2189 Non
511 2150 673 2201 portus?
706 2149 803 2186 Haec
822 2161 912 2185 vero
939 2149 1068 2185 omnia
1096 2160 1182 2197 quae
1211 2160 1272 2184 res
1297 2154 1426 2184 tuetur
1453 2155 1492 2184 et
1510 2147 1708 2185 continet?

257 2215 390 2264 Leges
439 2213 539 2250 Nam
560 2224 648 2248 cum
668 2209 802 2247 civitas
822 2209 949 2259 legum
969 2208 1155 2259 praesidiis
1175 2207 1476 2252 administratur,
1496 2207 1580 2245 haec
1599 2207 1709 2245 utilia

255 2282 344 2312 sunt
362 2273 604 2324 reipublicae:
640 2271 698 2308 sin
730 2278 863 2308 contra
888 2270 956 2307 fiat
978 2270 1015 2306 in
1045 2269 1255 2320 republica,
1291 2268 1321 2304 si
1350 2269 1462 2305 bonis
1486 2268 1574 2305 viris
1602 2266 1709 2306 nulla

253 2335 401 2372 virtutis
421 2334 578 2384 praemia
596 2345 746 2381 sperare
767 2332 896 2375 liceat,
916 2331 946 2367 si
967 2331 1268 2367 facinorosorum
1289 2335 1395 2366 tanta
1420 2329 1469 2366 sit
1489 2328 1710 2379 impunitas,

255 2402 438 2446 quantam
463 2394 516 2431 eis
536 2394 623 2442 lege
645 2405 714 2429 sua
734 2391 973 2428 Timocrates
996 2390 1205 2441 proposuit,
1225 2395 1371 2439 quanta
1389 2401 1522 2438 quaeso
1539 2401 1607 2427 vos
1624 2403 1711 2440 per-

258 2456 422 2493 turbatio
442 2461 620 2491 secutura
640 2451 726 2489 est?
764 2451 864 2488 Satis
886 2451 986 2489 enim
1007 2451 1112 2488 scitis
1131 2451 1264 2487 harum
1286 2462 1381 2498 quas
1403 2449 1517 2487 modo
1536 2450 1711 2487 recensui

258 2517 466 2567 copiarum,
486 2527 534 2550 ne
555 2513 585 2550 si
607 2513 847 2563 duplicentur
879 2512 1046 2562 quidem,
1066 2511 1182 2547 ullam
1213 2510 1293 2546 fore
1321 2510 1535 2547 utilitatem.
1580 2510 1711 2553 Quum

258 2585 386 2616 autem
405 2577 476 2613 iste
496 2575 580 2624 lege
609 2587 680 2610 sua
710 2573 816 2610 vobis
840 2584 980 2609 nocere
1003 2579 1176 2615 conetur,
1196 2583 1273 2620 qua
1299 2570 1354 2614 fit,
1380 2578 1423 2608 ut
1444 2570 1481 2607 hi
1508 2570 1646 2620 quibus
1671 2571 1711 2608 in

260 2639 386 2675 animo
405 2643 463 2673 est
482 2634 724 2678 malefacere,
752 2633 927 2682 impuniti
955 2639 1133 2668 maneant
1152 2643 1160 2666 :
1201 2637 1355 2681 propter
1374 2631 1455 2668 haec
1475 2631 1603 2668 omnia
1623 2644 1712 2680 quae

259 2698 440 2740 diximus,
464 2695 705 2733 irascendum
727 2694 760 2730 ei
783 2700 856 2735 est,
883 2700 922 2729 ct
943 2692 1169 2742 supplicium
1199 2691 1460 2741 infligendum,
1480 2697 1523 2728 ut
1541 2691 1622 2741 ejus
1646 2703 1712 2728 ex-

261 2759 390 2808 emplo
411 2757 473 2795 alii
494 2757 570 2794 sint
590 2755 639 2793 ad
667 2753 840 2804 injuriam
864 2752 1049 2789 tardiores
1067 2765 1076 2788 ε
1107 2765 1193 2788 nam
1215 2751 1355 2789 talibus
1383 2751 1461 2788 leni
1481 2751 1606 2787 animo
1626 2763 1713 2800 par-

263 2832 362 2863 cere,
378 2824 444 2856 aut
469 2818 540 2855 etsi
561 2814 765 2855 damnetis,
791 2813 967 2862 exiguam
996 2819 1124 2848 tamen
1146 2812 1199 2849 eis
1220 2811 1405 2848 mulctam
1437 2810 1615 2859 irrogare,
1637 2822 1714 2847 non

260 2879 365 2917 aliud
385 2885 456 2922 est,
475 2889 591 2926 quam
609 2874 882 2913 consuefacere
900 2880 1014 2923 atque
1028 2872 1223 2910 instituere
1238 2883 1352 2921 quam
1368 2870 1561 2922 plurimos,
1581 2882 1627 2907 ne
1643 2881 1712 2908 vos

263 2939 406 2989 injuriis
425 2937 571 2976 afficere
588 2944 801 2974 vereantur.
