1923 3149
551 157 774 197 CONTRA
804 156 1189 197 TIMOCRATEM.
1543 155 1622 193 419

168 257 267 294 festo
302 258 447 310 injuriis
473 273 560 299 esse
592 261 800 300 affectam?
830 260 946 304 Quod
973 261 1072 297 enim
1104 259 1228 310 majus
1256 258 1383 296 scelus
1418 257 1620 295 admittere

167 317 336 367 privatus
353 320 469 359 horno
484 323 620 372 possit,
635 335 750 373 quam
759 323 865 373 leges
881 334 967 372 quae
982 320 1174 358 civitatem
1188 320 1401 363 continent,
1413 316 1623 356 violando?

222 380 260 418 9.
295 381 391 419 Eum
422 383 538 434 igitur
563 384 657 422 nihil
684 397 830 430 eorum,
857 395 946 433 quae
973 387 1195 433 oportuerat
1214 388 1252 419 et
1270 381 1376 431 leges
1390 380 1543 431 jubent,
1566 380 1622 416 fe-

166 439 279 486 cisse,
301 455 347 480 ea
362 456 450 493 quae
466 458 582 495 supra
596 445 702 483 dicta
715 451 805 483 sunt
816 445 1011 482 intuentes
1026 454 1264 492 cognoscere
1277 441 1453 491 potestis.
1482 439 1622 489 Neque

165 514 255 540 vero
274 503 348 541 hac
374 505 489 544 modo
518 518 559 543 re
591 519 751 557 peccare
781 517 881 551 eum,
911 504 1016 555 quod
1045 503 1224 553 neglecto
1252 501 1403 551 legibus
1433 500 1621 551 praefinito

166 567 356 614 tempore,
375 573 582 618 ereptaque
602 568 709 605 vobis
729 579 884 618 prorsus
905 565 1009 603 omni
1027 565 1075 602 de
1088 564 1149 602 his
1168 563 1406 601 deliberandi
1425 562 1623 606 facultate,

167 622 261 667 dum
281 625 420 663 festum
441 634 632 677 ageretur,
660 628 788 679 legem
813 627 915 672 tulit,
944 626 1011 664 sed
1040 627 1089 663 ob
1121 625 1218 662 illud
1245 624 1373 669 etiam,
1400 623 1505 673 quod
1535 634 1621 659 eam

166 686 343 723 omnibus
362 688 526 738 receptis
545 688 698 738 legibus
717 689 947 726 contrariam
972 687 1136 738 rogavit,
1156 686 1284 724 statim
1305 684 1501 722 evidenter
1530 695 1622 733 cog-

167 747 351 785 noscetis,
392 748 492 798 Age,
522 749 608 799 lege
633 749 726 786 mihi
748 749 910 800 primum
939 749 1042 787 hanc
1070 748 1209 799 legem,
1241 759 1328 797 quae
1349 751 1481 796 aperte
1504 749 1622 788 vetat,

166 818 216 843 ne
246 819 323 857 qua
349 810 541 848 contraria
571 810 633 848 lex
663 811 877 848 sanciatur:
909 810 969 848 sin
1001 808 1086 860 quis
1114 808 1270 859 rogarit,
1300 805 1472 845 accusari
1497 804 1623 855 jubet.

169 866 286 919 Lege.

840 995 957 1033 LEX.

213 1094 421 1134 Receptarum
438 1107 511 1126 vero
525 1097 627 1137 legum
644 1097 756 1127 nullam
774 1096 1103 1137 abrogareliceat,nisi
1117 1097 1197 1136 apud
1209 1095 1436 1135 legumlatores.
1459 1093 1536 1123 Tum
1553 1102 1626 1123 vero

169 1144 270 1175 cuivis
292 1147 473 1177 Atheniensi
493 1148 586 1178 liceat
601 1150 761 1188 abrogare,
777 1149 804 1178 si
825 1149 896 1188 quid
923 1149 1006 1178 uliud
1024 1148 1054 1178 in
1069 1150 1135 1187 ejus
1151 1148 1250 1177 locum
1269 1147 1351 1186 quod
1373 1145 1496 1176 sustulit
1512 1144 1627 1174 tulerit.

170 1198 325 1228 Praesides
345 1204 445 1229 autem
463 1200 500 1230 de
523 1200 570 1230 his
591 1200 712 1240 legibus
732 1201 875 1241 suffragia
890 1201 1022 1235 serunto,
1039 1210 1074 1230 ac
1097 1200 1227 1239 primum
1252 1200 1292 1229 de
1314 1204 1432 1235 vetere,
1456 1203 1564 1237 aplane
1582 1198 1626 1226 vi-

169 1248 279 1278 deatur
293 1250 474 1280 Atheniensi
485 1252 601 1290 populo
617 1263 654 1281 an
672 1262 745 1282 vero
763 1262 864 1288 secus,
878 1257 950 1292 post
965 1252 1003 1281 de
1017 1262 1052 1281 ea
1064 1261 1131 1290 quoe
1145 1255 1269 1290 rogatur
1283 1261 1290 1280 τ
1313 1255 1411 1280 utram
1426 1260 1497 1279 vero
1512 1249 1628 1288 legum-

167 1300 282 1330 latores
313 1303 550 1341 comprobat-int,
573 1313 609 1332 ea
631 1308 695 1333 rata
715 1304 854 1333 habetor.
892 1302 1082 1333 Contrariam
1111 1312 1184 1331 vero
1210 1302 1288 1331 ferre
1316 1301 1414 1339 legem
1436 1303 1627 1338 receptarum

168 1352 271 1391 legum
289 1352 342 1381 ulli
359 1353 470 1382 nemini
490 1353 594 1383 liceat.
638 1354 728 1392 Quod
755 1353 782 1383 si
798 1354 880 1392 quis¹
904 1354 1050 1391 abrogata
1065 1352 1132 1391 lege
1150 1352 1253 1391 aliqua
1268 1356 1385 1385 vetere,
1408 1350 1497 1380 aliam
1517 1348 1631 1378 substi-

169 1402 265 1432 tuerit
283 1403 462 1433 Atheniensi
478 1404 593 1442 populo
614 1414 672 1433 non
689 1409 906 1443 opportunam,
922 1406 974 1432 aut
995 1412 1011 1431 e
1027 1402 1161 1440 receptis
1180 1401 1302 1440 legibus
1325 1399 1416 1429 alitui
1437 1398 1630 1434 contrariam,

171 1463 241 1482 eum
257 1454 394 1484 accusari
409 1453 503 1483 liceat
519 1454 640 1493 exlege
657 1464 726 1493 quae
748 1454 777 1483 in
794 1464 848 1483 eos
865 1454 928 1483 lata
944 1457 1003 1488 est,
1019 1452 1070 1491 qui
1085 1452 1183 1491 legem
1201 1461 1259 1481 non
1275 1451 1415 1480 idoneam
1431 1450 1566 1480 tulerint.

170 1553 383 1591 Audivistis
403 1553 543 1604 legem.
600 1554 701 1591 Cum
731 1561 860 1592 autem
885 1560 1019 1592 nostra
1037 1552 1172 1591 civitas
1193 1551 1320 1589 multis
1339 1550 1451 1589 bonis
1478 1550 1629 1601 legibus

169 1615 218 1653 sit
235 1614 396 1661 munita,
417 1628 463 1652 ea
481 1621 541 1652 est
558 1614 672 1666 hujus
689 1615 800 1665 vlegis
820 1615 1058 1665 praestantia,
1090 1621 1133 1651 ut
1157 1613 1253 1651 nulli
1280 1611 1550 1663 postponenda
1573 1610 1632 1648 vi-

170 1676 323 1714 deatur.
358 1675 627 1722 Considerate,
647 1689 794 1727 quaeso,
814 1689 930 1727 quam
944 1675 1063 1727 juste,
1083 1687 1277 1726 quamque
1296 1673 1532 1725 populariter
1550 1672 1631 1710 lata

171 1739 234 1778 sit.
283 1739 374 1777 Non
401 1739 492 1777 sinit
509 1740 672 1790 receptis
693 1739 846 1790 legibus
872 1752 1009 1790 rogare
1029 1738 1274 1783 contrariam,
1294 1737 1368 1775 nisi
1386 1744 1497 1775 vetus
1517 1736 1631 1774 fuerit

171 1802 371 1851 abrogata.
422 1801 707 1844 Quamobrem?
747 1801 932 1847 Primum,
953 1807 998 1839 ut
1015 1800 1124 1839 vobis
1140 1802 1246 1850 juste
1266 1799 1523 1849 religioseque
1542 1811 1630 1849 pro-

172 1861 356 1900 nunciare
374 1861 502 1900 liceat.
534 1857 637 1899 Nam
654 1862 686 1900 si
705 1875 792 1912 quae
813 1862 901 1900 duae
922 1862 1125 1900 contrariae
1144 1861 1249 1912 leges
1269 1860 1496 1906 exstiterint,
1515 1866 1632 1910 atque

170 1923 286 1974 aliqui
305 1923 511 1961 adversarii
531 1923 635 1974 apud
654 1936 720 1960 vos
739 1922 1021 1969 contenderint,
1051 1923 1130 1960 sive
1162 1921 1341 1972 publicis,
1363 1920 1441 1959 sive
1475 1921 1632 1971 privatis

171 1985 222 2023 de
241 1985 370 2030 rebus,
386 1991 426 2022 et
443 1991 605 2034 uterque
620 1983 819 2022 victoriam
835 1984 907 2021 sibi
918 1983 1102 2029 vindicet,
1117 1983 1203 2034 lege
1217 1995 1296 2021 non
1315 1982 1450 2019 eadem
1469 1982 1631 2032 prolata,

170 2059 240 2098 pro
254 2052 418 2095 utroque
436 2045 534 2082 ferre
554 2045 784 2083 sententiam
805 2057 883 2082 non
900 2044 1031 2094 utique
1049 2044 1262 2093 licet—qui
1276 2043 1378 2081 enim
1392 2042 1432 2080 id
1447 2042 1631 2080 fieret?—

172 2119 299 2157 neque
335 2119 405 2157 pro
434 2106 619 2144 alterutro
649 2106 730 2143 lata
762 2105 965 2150 sententia,
991 2104 1244 2156 jurisjurandi
1273 2103 1408 2153 religio
1433 2110 1631 2147 servatum

173 2168 404 2206 sententiam
425 2167 526 2205 enim
556 2167 728 2204 alterutri
749 2166 838 2216 legi,
859 2179 947 2217 quae
973 2166 1129 2216 quidem
1158 2165 1316 2216 perinde
1343 2172 1428 2202 rata
1451 2165 1502 2202 sit
1516 2172 1632 2215 atque

172 2229 307 2274 altera,
338 2241 498 2266 necesse
532 2235 592 2265 est
617 2240 846 2279 repugnare.
889 2227 988 2264 Haec
1016 2227 1132 2277 igitur
1159 2226 1360 2277 legislator
1387 2225 1519 2271 edixit,
1548 2232 1631 2264 tum

173 2290 266 2342 quia
285 2290 459 2340 religioni
478 2295 617 2327 vestrae
641 2302 791 2336 cavere,
820 2295 902 2326 tum
931 2288 1045 2326 etiam
1074 2287 1164 2338 quia
1182 2299 1252 2325 vos
1281 2286 1412 2337 legum
1441 2287 1631 2325 custodiae

172 2348 340 2403 praeesse
360 2351 494 2389 voluit.
526 2351 684 2388 Sciebat
702 2351 804 2388 enim
822 2349 909 2395 hoc,
938 2349 1032 2387 alias
1063 2361 1195 2386 earum
1215 2348 1412 2385 custodias
1432 2347 1472 2384 in
1490 2348 1633 2399 scripta

172 2413 327 2459 relatas,
346 2412 476 2450 multis
495 2412 611 2450 licere
631 2413 756 2450 modis
773 2412 942 2450 eludere.
994 2410 1172 2448 Patronis
1189 2422 1286 2461 quos
1302 2409 1485 2460 deligitis,
1500 2417 1633 2460 posset

173 2474 310 2524 aliquis
330 2473 562 2524 persuadere
585 2479 630 2511 ut
657 2478 854 2511 tacerent:
884 2471 1047 2523 proponi
1066 2472 1180 2523 jubet
1206 2471 1334 2521 igitur,
1362 2478 1406 2507 ut
1426 2471 1634 2521 praesciant

175 2547 309 2572 omnes
326 2546 336 2576 ;
357 2546 446 2571 nam
461 2534 542 2571 fieri
555 2534 720 2572 fortasse
737 2539 864 2585 queat,
879 2539 922 2571 ut
936 2546 1002 2571 eos
1017 2531 1083 2583 qui
1102 2531 1285 2583 refragati
1297 2531 1473 2576 fuissent,
1495 2531 1634 2569 lateret

174 2595 331 2645 aliquid,
352 2595 382 2632 si
401 2595 542 2645 legem,
563 2608 641 2633 non
662 2595 765 2646 prius
782 2595 976 2646 cognitam
996 2592 1238 2638 habuissent,
1260 2592 1323 2630 alii
1342 2592 1469 2629 minus
1486 2597 1632 2629 attente

174 2657 338 2695 fortasse
365 2656 550 2706 legerent.
582 2656 645 2694 Sic
664 2669 772 2702 vero,
793 2656 953 2707 quilibet
979 2668 1065 2692 eam
1093 2667 1277 2692 accusare
1301 2658 1439 2704 potest,
1466 2652 1506 2689 id
1527 2653 1632 2703 quod

177 2724 217 2757 et
232 2730 305 2768 ego
322 2730 426 2754 nunc
445 2716 532 2754 feci.
563 2716 676 2760 Quod
693 2717 724 2755 si
742 2718 827 2767 quis
846 2730 932 2754 eum
953 2715 1019 2766 qui
1037 2716 1100 2753 hic
1118 2728 1160 2753 se
1181 2720 1404 2765 opponeret,
1426 2719 1633 2760 amoveret,

175 2779 295 2816 verba
313 2778 407 2815 data
421 2783 550 2815 esseut
567 2777 725 2815 civitati.
776 2778 875 2821 Quae
894 2777 1010 2828 igitur
1029 2776 1112 2814 sola
1130 2774 1308 2813 custodia
1328 2779 1387 2810 est
1406 2779 1446 2810 et
1464 2774 1572 2821 justa
1593 2781 1633 2811 et
1656 2766 1660 2770 ¹

178 2841 288 2878 firma
305 2838 465 2890 legum?
498 2839 578 2876 Vos
596 2838 776 2889 populus.
807 2839 848 2877 N
850 2852 893 2877 ec
913 2839 1015 2876 enim
1027 2837 1149 2881 vobis,
1165 2847 1242 2885 quo
1257 2834 1383 2871 minus
1399 2833 1577 2871 statuatis
1592 2840 1632 2871 et

177 2900 345 2952 probetis
368 2899 537 2946 meliora,
567 2898 607 2939 id
639 2898 841 2949 quisquam
875 2906 1103 2950 extorquere
1133 2902 1263 2947 queat,
1292 2906 1419 2945 neque
1452 2893 1483 2932 si
1511 2906 1631 2946 *quem
