1923 3149
604 158 830 194 &nmium
856 159 880 193 >3
917 158 1212 195 LEPTINEM.
1559 160 1628 196 311

170 267 206 293 et
228 271 352 307 parvm
376 272 443 296 occ
449 260 600 296 asioues
624 274 783 305 man-,nss
806 269 929 298 motus
953 262 1184 298 mutationes
1170 275 1263 313 que
1285 263 1448 314 pariunt.
1506 264 1634 305 Quare

170 318 333 357 modus
327 333 363 357 in
392 321 506 377 rebus
531 322 710 360 secundis
731 322 944 360 servandus
961 329 1032 368 est,
1053 330 1091 360 et
1117 324 1396 373 proxidendum
1418 325 1509 375 quid
1532 325 1634 363 acci-

169 378 258 418 dere
278 382 414 432 possit.

223 443 287 481 36.
320 443 446 482 Multa
474 445 600 482 adhuc
627 444 702 483 dici
731 451 769 483 et
799 444 1090 482 commemorari
1121 453 1283 496 possent
1303 446 1352 483 ad
1374 447 1485 484 istam
1506 448 1632 498 legem

168 506 430 551 evertendam,
448 514 491 544 ut
508 520 594 556 quae
616 520 688 544 nec
708 507 922 557 probanda,
948 519 1020 544 nec
1040 507 1149 544 vohis
1177 507 1380 558 profutura
1396 509 1470 546 sit:
1501 510 1571 547 sed
1592 517 1634 547 ut

167 566 207 604 id
227 568 360 617 paucis
380 567 613 617 intelligatis,
628 574 666 604 et
685 580 760 618 ego
784 568 936 606 tandem
958 568 1112 606 dicendi
1131 568 1246 606 finem
1268 569 1421 614 faciam,
1439 571 1494 607 sic
1511 571 1632 620 agite!

171 627 352 666 Conferte
373 628 471 665 inter
491 641 544 674 se,
579 636 618 666 et
651 629 819 680 cogitate
839 642 926 666 cum
949 628 1085 667 animis
1107 630 1259 676 vestris,
1280 629 1372 680 quid
1394 631 1500 668 vobis
1520 644 1634 669 even-

169 697 295 728 turum
316 690 378 744 sit,
398 691 429 728 si
449 691 573 741 legem
597 691 708 729 istam
731 690 1020 737 damnaveritis,
1036 691 1142 742 quid,
1159 691 1190 729 si
1212 693 1522 744 approbaveritis
1555 694 1636 732 De·

169 753 258 790 inde
280 759 406 803 tenete
424 759 463 791 et
481 761 730 798 mementote,
753 767 840 804 quae
860 766 908 791 ex
926 761 1086 804 utraque
1103 767 1141 792 re
1163 755 1270 792 vobis
1292 754 1372 793 fore
1391 755 1635 806 videbuntur,

168 821 211 852 ut
229 814 381 866 potiora
399 814 627 865 praeferatis.
686 815 726 852 Si
754 815 870 866 igitur
897 828 981 853 eam
1005 816 1254 862 damnabitis,
1277 823 1320 854 ut
1339 830 1410 854 nos
1437 818 1634 866 jubemus,

167 882 207 913 et
237 876 343 927 digni
370 878 435 927 jus
457 890 568 914 suum
589 890 611 915 a
633 877 739 915 vobis
760 883 1074 928 consequentum
1106 884 1145 915 et
1175 878 1206 915 si
1238 879 1322 929 quis
1354 878 1538 930 indignus
1567 889 1635 928 est,

168 938 267 977 sicut
301 947 385 977 esto
427 952 518 977 sane
548 940 700 991 aliquis,
742 947 999 992 praeterquam
1037 940 1143 991 quod
1185 941 1288 978 dono
1326 942 1550 992 privabitur,
1587 957 1635 982 ex

168 1000 284 1050 animi
314 1001 428 1039 vestri
460 1001 650 1039 sententia
683 1002 798 1039 etiam
829 1015 852 1038 a
885 1001 994 1038 vobis
1034 1001 1211 1052 punietur
1243 1002 1328 1053 lege
1362 1015 1386 1040 a
1417 1003 1528 1042 nobis
1550 1006 1637 1042 sub-

169 1061 327 1100 stituta:
364 1071 403 1100 et
435 1070 567 1101 nostra
595 1063 728 1101 civitas
754 1063 896 1108 fidelis,
927 1064 1049 1114 justa,
1085 1076 1204 1101 verax
1244 1077 1338 1115 erga
1367 1077 1500 1103 omnes
1529 1066 1635 1104 vide-

167 1123 280 1161 bitur.
338 1124 406 1161 Sin
442 1124 721 1175 approbamus,
757 1125 860 1175 quod
890 1124 1000 1162 ‘absit
1030 1131 1071 1162 ut
1095 1125 1259 1172 faciatis,
1293 1133 1331 1164 et
1362 1127 1452 1164 honi
1483 1135 1638 1179 propter

167 1186 362 1236 improbos
392 1186 608 1224 afficientur
642 1187 792 1238 injuria,
824 1195 863 1224 et
895 1186 1040 1237 indigni
1074 1187 1305 1226 calamitatis
1338 1189 1421 1226 aliis
1456 1197 1637 1229 auctores

167 1255 294 1297 erunt,
316 1261 389 1285 nec
408 1248 529 1285 ullas
521 1249 594 1299 ipsi
615 1262 750 1299 poenas
771 1249 942 1286 dabunt·
974 1255 1184 1300 nostraque
1198 1250 1348 1297 civitas,
1365 1259 1499 1289 contra
1520 1265 1636 1303 quam

167 1309 246 1348 dixi
283 1277 412 1355 inodo,
434 1317 494 1357 >ut
532 1310 694 1388 perfida,
724 1317 767 1347 ut
800 1309 942 1354 invida,
974 1321 1017 1348 ut
1051 1311 1218 1349 mendax
1251 1312 1355 1362 apud
1392 1325 1525 1351 omnes
1557 1320 1634 1352 tra-

166 1371 343 1410 ducetur.

166 1452 170 1457 ·
223 1436 285 1472 37.
316 1434 448 1479 Quare
477 1448 556 1472 non
582 1434 902 1473 committendum
939 1441 1009 1479 est,
1044 1435 1325 1481 Athenienses,
1348 1443 1496 1474 tantam
1526 1438 1637 1489 igno—

167 1495 323 1534 miniam
340 1504 382 1534 ut
395 1497 639 1543 adsciscatis,
658 1497 848 1548 piaeclaris
866 1504 903 1534 et
924 1497 1031 1535 vobis
1052 1498 1371 1536 convenientibus
1394 1499 1502 1537 honis
1524 1513 1635 1551 repu-

167 1558 296 1596 diatis.
354 1559 452 1597 Nam
473 1559 635 1609 quisque
655 1566 826 1603 vestrum
847 1562 928 1605 ejus
958 1558 1163 1618 opinionis,
1185 1573 1272 1610 quae
1301 1560 1349 1598 de
1383 1561 1544 1611 publicis
1567 1562 1635 1600 de-

167 1621 280 1659 cretis
314 1621 447 1667 oritur,
478 1629 627 1673 partem
660 1622 835 1673 capiet.
862 1621 949 1659 Non
983 1622 1082 1658 enim
1119 1622 1326 1672 quisquam
1364 1623 1533 1672 ignorat,
1571 1625 1632 1661 vel

166 1695 300 1720 eorum
337 1684 400 1734 qui
440 1684 704 1728 circumstant,
739 1683 797 1720 vel
828 1690 1056 1727 oeternum,
1094 1683 1292 1734 Leptinem
1324 1683 1362 1720 in
1385 1683 1534 1735 judicio
1564 1699 1632 1723 no-

165 1744 316 1783 biscum
336 1746 582 1791 contendere,
605 1746 674 1784 sed
703 1741 744 1783 'in
778 1744 1015 1796 singulorum
1039 1744 1215 1795 judicum
1236 1745 1384 1790 animis,
1406 1747 1633 1786 humanitati

165 1820 254 1845 ,curn
275 1807 432 1853 invidia,
458 1807 620 1855 justitiae
654 1820 741 1845 cum
781 1807 1039 1857 improbitate,
1073 1800 1238 1858 denique
1269 1808 1633 1848 virtutibus-omni-

164 1869 237 1906 bus
270 1882 357 1906 cum
391 1869 714 1907 vitiis'certamen
744 1881 840 1906 esse.
899 1868 940 1905 Si
974 1868 1090 1918 igitur
1115 1869 1336 1908 melioribus
1366 1871 1634 1922 obtemperan-

167 1937 239 1977 tes,
270 1931 382 1969 nobis
419 1931 567 1969 assensi
597 1930 758 1976 fueritis,
787 1937 867 1967 tum
903 1930 976 1980 ipsi
1020 1944 1108 1981 quae
1141 1931 1257 1970 decet
1285 1932 1502 1971 decrevisse
1530 1935 1635 1972 vide-

164 1993 313 2039 bimini,
349 2000 428 2031 tum
464 2006 550 2043 quae
582 1992 803 2043 reipublicae
839 1992 1116 2031 honestissima
1165 2001 1280 2033 erunt
1312 1996 1505 2042 statuetis,
1535 2003 1632 2044 tum,

165 2055 196 2093 si
226 2055 336 2106 ‚quod
373 2055 469 2093 forte
503 2054 681 2103 inciderit
708 2062 876 2106 tempus,
898 2068 974 2092 non
1002 2055 1166 2094 deerunt
1191 2057 1256 2107 qui
1285 2071 1355 2108 pro
1386 2059 1502 2098 vobis
1526 2059 1633 2098 adire

166 2117 339 2168 pericula
369 2130 447 2168 non
468 2116 659 2154 dubitent.
718 2116 816 2155 Haec
844 2117 960 2167 igitur
991 2118 1170 2156 universa
1201 2132 1304 2156 curae
1337 2121 1444 2158 vobis
1483 2122 1632 2172 opinor,

165 2193 212 2217 ac
241 2179 371 2217 studio
405 2191 493 2216 esse
520 2177 680 2224 debent,
702 2192 749 2216 ac
778 2177 984 2229 diligenter
1015 2179 1311 2230 providendum,
1331 2195 1380 2219 ne
1420 2182 1455 2219 vi
1484 2183 1534 2220 ad
1564 2183 1632 2222 de-

164 2241 419 2292 linquendum
451 2240 675 2291 adigamini.
733 2240 847 2291 Saepe
878 2240 981 2278 enim
1014 2241 1161 2279 factum
1192 2249 1264 2289 est,
1294 2243 1570 2291 Athenienses,
1592 2252 1632 2284 ut

165 2303 287 2343 multa
305 2303 414 2341 vobis
449 2303 611 2354 probata
645 2308 683 2340 et
714 2315 904 2354 persuasa
933 2316 1012 2340 non
1045 2303 1134 2348 sint,
1171 2299 1240 2342 sed
1270 2313 1404 2356 erepta
1425 2312 1463 2344 et
1483 2314 1633 2345 extorta

162 2372 358 2405 oratorum
373 2364 608 2404 clamoribus
630 2371 669 2402 et
689 2364 873 2402 violentia
891 2370 930 2402 et
948 2364 1212 2416 impudentia:
1244 2366 1283 2404 id
1305 2367 1410 2418 quod
1430 2382 1533 2407 nunc
1563 2383 1630 2408 vos

163 2418 402 2475 committere
420 2426 727 2482 indignissimum
750 2427 890 2465 fuerit!
932 2421 1026 2465 'Sed
1054 2441 1140 2478 quae
1162 2428 1272 2480 justa
1291 2442 1375 2467 esse
1396 2430 1630 2483 intelligitis,

164 2503 211 2529 ea
229 2491 356 2527 tenete.
376 2501 420 2526 ac
440 2488 709 2534 recordamini,
730 2496 772 2526 ut
791 2488 829 2526 in
845 2489 1138 2539 pronunciando
1158 2490 1406 2542 ferendisque
1422 2493 1628 2544 suffragiis,

162 2545 490 2607 quemadmodum
517 2548 772 2601 jurisjurandi
797 2549 939 2601 religio
967 2551 1150 2602 postulat,
1173 2553 1416 2592 consultores
1436 2555 1628 2606 improbos

163 2611 446 2653 condemnetis.
501 2609 623 2650 Miror
655 2619 798 2658 autem,
829 2626 894 2651 eos
923 2613 989 2667 qui
1021 2620 1218 2652 monetam
1249 2616 1470 2654 adulterant
1502 2618 1627 2668 capite

164 2665 343 2723 mulctari
362 2672 469 2725 apud
489 2686 570 2719 vos,
590 2673 644 2710 eis
664 2686 754 2712 vero
774 2674 839 2726 qui
861 2681 980 2713 totam
1012 2675 1206 2715 civitatem
1239 2677 1492 2716 adulteiinam
1512 2684 1551 2715 et
1568 2679 1626 2716 in-

162 2736 279 2776 fidam
312 2735 495 2780 reddunt,
526 2734 681 2773 dicendi
717 2735 797 2774 fieri
830 2744 1078 2788 potestatem.
1137 2738 1198 2812 Ne
1228 2739 1362 2789 utique
1395 2739 1457 2776 hoc
1475 2741 1568 2788 fiat,
1602 2753 1625 2778 o

163 2800 315 2851 Jupiter
336 2807 375 2837 et
396 2797 484 2836 Dii.
476 2801 482 2825 ¹
775 2812 777 2817 ’
1361 2818 1365 2822 ὴ

215 2862 307 2901 Scio
327 2874 404 2900 non
426 2873 522 2911 opus
543 2872 628 2898 esse
648 2866 690 2898 ut
708 2861 819 2911 plura
838 2859 989 2901 dicam:
1022 2862 1156 2913 opinor
1171 2862 1272 2900 enirn
1292 2875 1358 2900 vos
1375 2861 1517 2901 omnia
1536 2874 1630 2915 quae

162 2924 329 2963 diximus
350 2923 442 2983 satis
464 2921 712 2960 intellexisse.
