1923 3149
588 163 878 202 ADVERSUS
910 162 1206 200 LEPTINEM.
1560 160 1636 198 309

171 268 287 312 Quod
307 281 396 305 vero
417 267 589 305 omnium
611 268 816 305 maximum
839 275 911 313 est,
927 273 965 303 et
985 266 1021 302 in
1044 278 1186 315 genere
1209 271 1346 302 contra
1366 276 1500 302 omnes
1513 264 1633 302 advo-

169 337 277 368 cwtos
296 330 410 367 facit:
441 329 708 380 unusquisque
739 342 873 368 eorum
896 341 998 379 saepe
1030 327 1135 378 prins
1169 326 1402 376 quibusdam
1436 327 1474 364 in
1504 328 1633 366 causis

171 392 413 443 subscripsit.
471 392 542 429 Est
561 398 686 429 autem
715 391 900 442 praeclara
925 390 987 426 lex
1018 387 1121 439 apud
1143 400 1225 433 vos,
1247 401 1325 424 non
1342 389 1390 425 ob
1410 387 1634 439 hujusmodi

170 454 271 491 viros
287 454 379 499 lata,
399 454 468 491 sed
491 453 578 490 ideo
599 465 648 489 ne
669 466 715 490 ea
730 465 788 489 res
805 450 966 502 quaestui
987 455 1089 487 esset
1109 449 1360 500 sycophantis
1375 450 1634 499 quibusdam:

172 529 229 553 ne
277 515 434 553 liceat
478 514 659 564 Populi
703 512 952 563 suffragiis
993 524 1082 548 non
1114 511 1315 548 delecto
1353 511 1461 560 plus
1490 525 1635 562 quam

173 591 190 615 s
203 591 225 615 e
238 591 274 615 m
289 579 333 616 el
365 592 381 615 s
396 591 419 614 u
434 578 458 614 b
471 590 488 614 s
503 590 522 614 c
538 576 614 613 rib
628 589 648 613 e
662 590 678 613 r
690 589 724 613 e.
783 575 907 612 Decet
926 582 1054 611 autem
1071 581 1254 624 patronos
1272 573 1382 623 legis,
1398 574 1509 624 cujus
1528 573 1637 611 vobis

172 640 393 690 aequitatem
414 638 646 689 persuadere
665 637 835 679 student.
852 637 954 687 ipsos
971 636 1164 674 veteribus
1181 636 1331 686 legibus
1349 636 1613 686 obtemperare
1629 649 1638 674 ι

172 702 277 752 quod
299 702 330 739 si
353 700 570 751 negligunt,
591 699 793 736 ridiculum
807 705 878 744 est,
892 710 973 743 ⁴205,
988 698 1078 735 dum
1100 698 1175 748 legi
1197 697 1502 748 patrocinantur,
1525 696 1637 735 aliam

172 763 298 814 legem
320 762 468 801 interim
489 761 644 799 violare.
705 762 812 813 Cape
828 762 953 813 legem
976 761 1025 799 de
1046 774 1122 812 qua
1137 762 1239 805 dico,
1261 774 1305 799 ac
1322 761 1450 798 recita.

846 898 970 937 LEX.

175 1003 288 1049 Hoec,
308 1003 585 1049 Athenienses,
605 1010 645 1042 et
662 1010 815 1042 vetusta
829 1011 867 1041 et
883 1003 1077 1054 praeclara.
1092 1003 1151 1041 lex
1171 1011 1257 1046 estz
1289 1016 1404 1054 quam
1429 1016 1499 1041 nec
1514 1003 1589 1050 isti,
1607 1004 1640 1041 si

175 1064 344 1116 sapiunt,
364 1065 578 1104 violabunt.

232 1129 295 1166 33.
326 1128 414 1179 Ego
437 1142 539 1174 vero,
561 1129 626 1167 ubi
647 1142 772 1179 pauca
791 1128 992 1173 addidero,
1021 1127 1274 1166 descendam.
1333 1127 1471 1166 Studio
1501 1135 1541 1166 et
1561 1142 1641 1167 ma-

175 1203 263 1241 gnae
293 1203 401 1228 curae.
427 1191 538 1229 vobis
574 1204 661 1229 esse
692 1191 824 1236 debet,
859 1190 1132 1234 Atheniense&
1169 1203 1258 1228 cum
1294 1197 1336 1228 ut
1369 1203 1506 1229 ornnes
1534 1190 1642 1242 leges

174 1258 313 1290 vestrae
343 1252 650 1303 praeclarissimae
683 1252 772 1299 sint,
793 1259 873 1290 tum
894 1266 984 1290 vero
1010 1252 1069 1290 hae
1103 1253 1142 1290 in
1167 1253 1315 1304 primis,
1344 1266 1432 1303 quae
1451 1254 1643 1292 civitatem

175 1321 243 1352 aut
275 1327 454 1366 magnam
487 1323 555 1353 aut
585 1328 742 1366 parvam
775 1315 928 1353 efficere
964 1321 1138 1365 possunt.
1199 1314 1265 1350 Eae
1286 1327 1376 1352 vero
1403 1328 1492 1365 quae
1523 1315 1644 1353 sunt?

176 1375 251 1415 Hoe
270 1377 567 1428 nimirum,quae
601 1385 640 1416 et
669 1378 768 1417 bene
795 1376 941 1415 meritis
974 1376 1161 1414 honorem
1191 1375 1349 1421 habent,
1381 1383 1422 1414 et
1448 1377 1644 1429 improbos

177 1439 377 1490 suppliciis
399 1447 595 1478 coercent.
653 1441 754 1478 Nam
777 1440 807 1478 si
829 1452 984 1485 omnes,
998 1452 1212 1490 poenarum.
1230 1445 1335 1477 metu
1369 1452 1456 1489 quae
1492 1440 1644 1491 legibus

178 1501 340 1539 sancitae
360 1508 465 1547 sunt,
486 1502 686 1540 maleficiis
713 1503 889 1540 omnibus
922 1501 1157 1547 abstineant,
1177 1507 1216 1539 et
1235 1514 1370 1539 omnes
1390 1502 1645 1552 praemiisbe-

179 1562 403 1601 neficiorum
424 1563 589 1609 invitati,
608 1565 776 1602 officium
800 1564 927 1602 facere
945 1563 1155 1601 studeant:
1186 1563 1280 1614 quid
1308 1564 1439 1601 obstat
1467 1577 1545 1614 quo
1576 1566 1646 1603 mi-

179 1637 254 1663 nus
275 1624 412 1663 civitas
432 1625 709 1664 florentissima
723 1626 925 1671 efficiatur,
943 1632 982 1663 et
1000 1625 1091 1663 boni
1110 1624 1185 1662 sint
1201 1637 1348 1670 ornnes,
1364 1625 1489 1663 malus
1504 1628 1648 1666 nemo?

180 1687 234 1724 At
251 1685 328 1724 ista
347 1686 527 1738 Leptinae
548 1688 611 1725 lex
645 1701 721 1743 non
750 1688 789 1725 id
821 1687 960 1733 solum,
981 1686 1253 1732 Athenienses,
1272 1687 1363 1725 mali
1382 1687 1512 1737 habet,
1541 1690 1648 1741 quod

181 1748 344 1787 sublatis
371 1749 644 1787 beneficiorum
673 1749 855 1801 praemiis,
875 1749 993 1787 efficit
1012 1762 1059 1786 ne
1080 1749 1146 1799 qui
1180 1748 1238 1785 sui
1272 1762 1364 1800 erga
1381 1763 1450 1790 vos
1472 1755 1590 1793 studii
1609 1765 1650 1794 et

180 1809 462 1848 benevolentiae
493 1811 658 1849 fructum
679 1811 908 1862 percipiant,
930 1810 998 1848 sed
1018 1811 1113 1848 illud
1133 1811 1261 1856 etiam,
1285 1813 1389 1863 quod
1418 1822 1560 1854 nostrae
1595 1819 1649 1857 ci-

179 1872 289 1910 vitati
310 1873 571 1924 turpissimam
590 1873 817 1911 violatarum
846 1874 975 1924 legum
1002 1872 1222 1924 opinionem
1256 1874 1452 1914 conciliat.
1512 1878 1648 1931 Neque

181 1934 282 1973 enim
303 1948 371 1973 vos
392 1935 563 1985 profecto
593 1935 777 1987 praeterit,
798 1949 845 1974 ea
863 1935 948 1986 lege
970 1948 1086 1973 unam
1107 1941 1258 1973 tantum
1277 1949 1432 1987 poenam
1451 1952 1540 1979 esse
1557 1955 1650 1980 con-

184 1996 360 2034 stitutam
381 1997 435 2035 eis
456 1998 572 2035 etiam
594 1999 658 2048 qni
679 1998 905 2049 gravissime
931 1998 968 2036 in
989 2011 1058 2035 vos
1079 1996 1336 2048 deliquerunt,
1359 2013 1436 2050 qua
1456 2004 1649 2044 sancitum

179 2065 264 2096 est:
295 2059 448 2097 unius
472 2060 674 2110 judicii
704 2074 804 2098 non
841 2060 964 2111 plus
1000 2073 1101 2098 una
1139 2060 1500 2103 aestimatione
1530 2080 1649 2108 esse

184 2120 394 2167 debere,
443 2131 561 2159 utra
610 2122 658 2159 in
704 2122 819 2160 foro
860 2121 1081 2160 decreta
1122 2122 1307 2170 fuerit,
1337 2125 1419 2162 vel
1449 2126 1651 2169 luenda

185 2196 301 2222 esse
324 2203 326 2207 >
347 2183 433 2221 vel
487 2183 777 2227 solvenda3
834 2190 1098 2235 utrasque.
1145 2198 1268 2223 vero
1315 2199 1407 2225 non
1463 2188 1650 2232 licere,

186 2247 385 2293 Hac=vero
404 2247 688 2285 .mensuraiste
709 2260 791 2285 'non
820 2260 913 2285 usus
947 2253 1033 2285 est:
1062 2247 1131 2285 sed
1167 2247 1199 2285 si
1233 2249 1318 2298 quis
1339 2251 1503 2301 gratiam
1523 2255 1653 2295 referri

186 2308 258 2348 sibi
275 2310 460 2361 postulat.
491 2310 604 2347 insa
619 2322 655 2346 m
671 2309 682 2347 i
697 2322 729 2355 s,
757 2308 896 2359 inquit,
925 2322 945 2347 e
959 2316 1054 2355 sto,
1085 2316 1136 2348 et
1166 2323 1280 2362 opes
1324 2311 1366 2363 ej
1383 2325 1403 2349 u
1417 2326 1436 2351 s
1477 2328 1503 2365 p
1517 2329 1540 2353 u
1554 2317 1578 2355 b
1593 2318 1602 2355 l
1620 2319 1650 2357 i-

187 2378 405 2409 centur:
435 2371 754 2423 binaepoenaehae
777 2374 892 2410 sunt!
949 2370 1122 2410 liceat
1155 2385 1314 2424 porro
1343 2381 1394 2413 et
1442 2376 1654 2420 deferre

188 2440 238 2472 et
265 2434 314 2472 in
344 2447 612 2473 carcerem
644 2433 937 2472 abducere:
967 2435 1108 2485 quod
1153 2435 1196 2473 si
1225 2437 1511 2478 convictus
1541 2441 1652 2482 fue-

189 2496 278 2541 rit,
319 2498 592 2536 obnoxius
633 2503 757 2535 esto
791 2496 914 2548 legi,
945 2510 1057 2548 quae
1098 2497 1213 2536 lata
1251 2506 1338 2537 est
1376 2509 1572 2543 contra
1599 2520 1652 2544 ae-

192 2559 362 2596 rarios
407 2558 450 2596 si
490 2560 815 2611 magistratu
833 2573 850 2597 s
881 2560 1170 2610 gesserint.
1229 2561 1395 2600 Mortem
1413 2563 1531 2608 dicit;
1562 2581 1652 2607 nam

191 2621 231 2659 id
251 2620 335 2673 ejus
355 2621 410 2658 rei
431 2621 662 2675 supplicium
683 2609 766 2659 est:
797 2628 874 2659 tres
895 2621 1011 2673 igitur
1024 2635 1151 2673 poenae
1167 2629 1259 2660 sunt
1277 2623 1339 2661 hoe
1356 2628 1364 2662 !
1408 2626 1469 2664 An
1487 2640 1563 2665 non
1583 2629 1655 2681 igi-

192 2689 254 2721 tur
274 2682 535 2721 miserandum
553 2690 593 2721 et
612 2685 793 2721 acerbum
822 2690 896 2729 est,
927 2683 1203 2732 Athenienses,
1222 2686 1255 2724 si
1283 2688 1441 2737 gravius
1458 2690 1564 2739 apud
1587 2706 1654 2732 vos

191 2745 397 2792 videbitur,
413 2745 574 2796 gratiam
604 2758 674 2796 pro
704 2745 897 2784 beneficio
923 2753 1109 2797 repetere,
1129 2761 1244 2798 quarn
1266 2749 1481 2800 gravissimi
1502 2753 1655 2795 sceleris

195 2820 302 2846 reum
315 2806 479 2860 peragi?

249 2871 312 2908 34.
340 2869 479 2922 Turpis
507 2869 571 2906 lex
590 2874 663 2913 est,
683 2868 955 2917 Athenienses,
981 2878 1021 2909 et
1039 2872 1195 2909 minime
1214 2871 1423 2921 probanda,
1446 2881 1485 2912 et
1501 2876 1656 2919 invidiae

195 2944 241 2970 ao
259 2931 494 2971 aemulationi
513 2930 666 2969 cuidam
696 2929 842 2977 similis,
865 2945 910 2970 ne
944 2932 1054 2983 plura
1077 2932 1216 2971 dicam.
1278 2932 1326 2969 Et
1348 2934 1503 2984 quidem
1522 2938 1580 2978 his
1601 2942 1656 2980 af-
