1923 3149
535 143 762 183 CONTRA
793 143 1218 183 ANDROTIONEM.
1541 145 1616 181 360

153 255 387 286 sectatorum
408 249 751 301 magnificentiam,
768 249 965 302 propylaea
979 249 1058 295 illa,
1073 250 1195 287 aedcm
1212 249 1413 295 Minervae,
1428 250 1611 302 porticus,

153 310 328 348 navalia:
359 324 436 348 non
457 311 636 349 urceolos
665 312 778 358 duos,
798 323 926 361 neque
955 323 1072 348 aurea
1098 311 1258 348 vascula
1286 313 1358 350 tria
1386 319 1612 362 quatuorve,

154 369 260 407 librae
291 371 444 421 singula
471 372 666 423 pondere3
696 386 797 423 quae,
835 385 923 409 cum
949 371 1074 408 visum
1103 371 1171 408 tibi
1199 372 1324 418 fuerit,
1355 374 1491 410 iterum
1520 387 1612 412 con-

154 431 286 468 flanda
312 444 393 470 esse
426 433 624 471 decernes.
673 433 811 484 Neque
843 432 943 470 enim
972 431 1131 469 decimis
1165 444 1188 469 a
1218 432 1364 470 civibus
1396 434 1613 484 exigendis,

155 505 278 542 neque
311 492 355 530 iis
375 506 461 543 quae
479 493 614 532 hostes
634 494 937 544 imprecarentur
965 488 1166 538 faciendis,
1201 498 1240 530 et
1267 493 1419 531 tributis
1450 495 1612 545 geminis

154 554 505 600 comminiscendis,
525 567 572 592 ea
603 553 851 596 dedicarunt;
881 565 1010 603 neque
1035 553 1174 591 talibus
1203 560 1358 591 utentes
1388 555 1614 593 consiliariis

154 614 280 663 qualis
301 621 341 651 tu
369 627 424 659 es,
451 614 725 664 rempublicam
755 620 981 663 gesserunt:
1013 612 1080 650 sed
1111 613 1286 651 hostibus
1318 613 1532 661 vincendis,
1562 622 1614 661 et,

156 674 262 724 quod
290 675 467 712 omnibus
497 674 665 712 cordatis
694 673 860 724 optabile
893 680 965 719 est,
995 674 1202 711 concordia
1230 674 1329 712 inter
1356 675 1457 712 cives
1487 676 1617 713 conci-

154 734 298 781 lianda,
318 734 573 772 immortalem
592 735 652 772 sui
670 734 835 773 nominis
852 735 1014 785 gloriam
1032 734 1281 785 reliquerunt,
1302 747 1368 774 eos
1394 742 1521 774 autem
1550 737 1616 786 qui

155 795 232 832 tuis
255 795 388 833 studiis
420 795 726 841 delectabantur,
754 795 841 833 foro
870 795 1162 845 prohibuerunt.
1210 796 1290 833 Vos
1321 803 1464 843 autem,
1494 797 1618 834 Athe-

154 856 323 903 nienses,
342 869 389 894 eo
408 855 566 894 adducti
585 855 677 894 estis
699 856 886 894 socordiae
907 863 945 893 et
965 856 1225 906 negligentiae,
1245 865 1303 902 ut,
1324 858 1417 896 talia
1441 858 1618 908 exempla

154 929 243 954 cum
274 916 462 963 habeatis,
494 930 571 954 non
608 924 738 955 tamen
770 916 993 954 imitemini:
1029 917 1097 954 sed
1126 917 1316 956 Androtio
1346 919 1395 955 sit
1419 920 1526 955 vobis
1555 931 1617 956 so-

154 977 327 1014 lennium
348 990 528 1015 vasorum
547 978 790 1016 instaurator.
838 978 1041 1024 Androtio,
1062 991 1084 1015 o
1105 978 1156 1015 dii
1175 977 1435 1017 immortales!
1473 979 1525 1017 Et
1542 979 1617 1017 hoc

157 1039 315 1090 impium
335 1039 484 1076 facinus
505 1039 584 1077 ullo
605 1039 680 1077 alio
700 1052 783 1077 esse
802 1039 924 1077 levius
944 1040 1197 1078 existimatis?
1227 1041 1328 1078 Nam
1357 1054 1430 1091 ego
1459 1042 1615 1092 quidem

158 1100 214 1136 ita
243 1112 397 1145 censeo,
417 1112 505 1137 eum
541 1100 604 1150 qui
635 1100 727 1136 sana
750 1100 1011 1150 ingressurus,
1032 1107 1070 1137 et
1090 1101 1245 1138 lavacra
1273 1108 1312 1139 et
1339 1109 1488 1152 sportas
1517 1109 1616 1140 atta-

159 1167 292 1198 cturus
311 1160 374 1205 sit,
403 1166 443 1198 et
470 1173 595 1197 rerum
624 1160 838 1198 divinarum
867 1161 1055 1198 curationi
1084 1161 1332 1211 praefuturus,
1362 1175 1439 1200 non
1469 1170 1616 1201 certum

160 1220 276 1258 modo
294 1220 440 1258 dierum
463 1234 665 1258 numerum
685 1229 832 1260 castum
866 1235 951 1260 esse
980 1229 1169 1273 oportere,
1190 1224 1258 1260 sed
1276 1237 1343 1274 per
1363 1230 1482 1262 totam
1500 1224 1616 1262 vitam

161 1294 185 1319 a
203 1281 340 1319 talibus
361 1281 513 1330 studiis,
532 1282 656 1334 qualis
676 1282 783 1322 istius
802 1283 882 1322 vita
900 1290 972 1329 est,
991 1283 1110 1322 fuisse
1129 1283 1306 1322 alienum.

852 2937 873 2973 §.o

904 2949 926 2975 0²
