1923 3149
454 189 560 259 *DE
591 220 740 259 MALE
770 218 950 259 GESTA
980 218 1309 258 LEGATIONE.
1551 217 1628 254 239

174 337 300 374 neque
313 324 414 362 enim
429 325 502 362 iste
523 331 657 362 auctor
669 326 752 372 ejus
765 332 837 363 est.
868 321 909 359 Si
922 320 1008 371 quis
1022 327 1151 358 autem
1166 327 1290 371 roget,
1301 319 1391 369 quid
1409 319 1523 370 igitur
1535 319 1631 357 dicis

173 385 313 423 homo?
334 393 372 423 et
386 386 490 423 und-2
505 385 709 436 primordia
728 385 835 436 capis
856 381 1092 421 accusandi?
1124 381 1232 426 Inde,
1249 381 1523 426 Athenienses,
1543 393 1633 418 cum

176 447 285 484 vobis
306 447 620 493 deliberantibus,
640 460 717 486 non
728 454 858 484 utrum
874 457 948 496 pax
964 443 1141 481 facienda
1156 450 1274 489 esset,
1285 456 1355 481 nec
1370 456 1577 489 ne,—nam
1594 443 1634 480 id

178 508 333 558 quidem
343 509 424 560 jam
445 509 643 546 decretum
658 516 806 551 erat—,
824 506 893 543 sed
907 505 956 542 de
968 517 1014 542 eo
1029 504 1151 555 qualis
1165 517 1211 540 ea
1222 517 1308 541 esse
1322 504 1492 542 deberet.
1525 504 1638 542 Justa

177 569 279 606 enim
292 569 589 606 decernentibus
610 566 1038 617 refragatus,'mercede
1058 564 1280 602 decernenti
1301 564 1535 614 suffragatus
1562 571 1636 611 est,

179 629 448 680 largitionibus
463 636 664 679 corruptus
678 642 688 671 ;
712 627 851 665 deinde
862 626 1189 677 adjusjurandum
1205 625 1435 676 exigendum
1449 625 1637 671 delectus,

179 704 250 729 nec
271 692 318 728 de
339 690 531 728 mandatis
551 689 687 727 vestris
720 689 926 739 quicquam
944 687 1035 738 egit,
1063 694 1102 725 et
1128 687 1268 733 socios,
1287 686 1351 737 qui
1378 699 1399 724 e
1417 685 1522 724 bello
1550 698 1637 723 eva-

180 758 323 797 serant,
342 750 521 802 perdidit,
543 756 582 788 et
600 757 709 788 tanta
728 756 790 788 est
807 750 1029 795 ementitus,
1049 756 1195 799 quanta
1213 761 1325 786 nemo
1347 748 1445 786 alius
1467 760 1637 798 unquam

179 813 410 858 mortalium,
431 825 558 863 neque
578 819 681 859 ante,
701 824 826 862 neque
847 818 946 863 post.
991 811 1091 848 Nam
1120 811 1168 848 ab
1198 810 1307 848 initio
1328 823 1373 848 eo
1394 822 1517 860 usque
1546 810 1641 847 dum

177 874 402 925 permissum
422 873 603 925 Philippo
628 881 688 911 est
719 886 833 924 agere
853 873 902 911 de
921 873 1028 924 pacis
1054 872 1354 919 conditionibus,
1384 870 1571 922 Ctesipho
1601 878 1641 909 et

181 934 446 972 Aristodemus
466 935 628 985 primum
649 934 798 972 initium
822 933 997 972 fecerunt
1015 934 1261 984 imposturae:
1282 939 1489 983 'postquam
1510 938 1642 972 autem
1674 926 1680 930 ⁵

174 999 255 1044 jam
277 1009 323 1033 eo
343 1003 498 1034 ventum
518 997 602 1042 suit,
623 1002 666 1033 ut
684 1009 743 1034 res
765 996 936 1047 gerenda
954 1003 1071 1042 esset,
1091 1008 1175 1034 eam
1195 994 1405 1033 Philocrati
1424 1001 1462 1032 et
1484 994 1545 1031 isti
1566 1000 1641 1031 tra-

183 1056 384 1101 diderunt;
416 1058 483 1108 qui
510 1070 556 1095 ea
582 1065 775 1109 suscepta,
807 1059 935 1096 omnia
963 1058 1226 1109 perdiderunt.
1272 1057 1322 1094 Et
1345 1063 1553 1108 postquam
1581 1067 1642 1093 ra-

183 1118 307 1156 tiones
328 1124 500 1156 actorum
515 1118 726 1157 referendae
748 1126 850 1165 sunt,
866 1120 938 1157 iste
957 1119 1086 1165 homo,
1107 1125 1298 1157 veterator
1317 1118 1495 1155 nimirum
1516 1126 1556 1155 et
1570 1117 1643 1155 diis

183 1179 341 1224 invisus,
362 1186 400 1217 et
419 1180 558 1225 scriba,
576 1180 630 1216 ita
649 1192 690 1217 se
706 1179 889 1217 defendet
908 1180 1070 1225 scilicet,
1092 1180 1200 1230 quasi
1219 1180 1268 1217 de
1287 1192 1383 1230 pace
1398 1185 1547 1229 agatur,
1565 1191 1644 1216 non

182 1246 226 1276 ut
241 1239 288 1276 de
308 1239 481 1289 pluribus
503 1251 618 1290 quam
635 1246 853 1284 accusatur,
875 1240 1111 1290 respondeat
1130 1242 1235 1287 (nam
1255 1252 1301 1277 ea
1320 1239 1475 1289 quidem
1494 1240 1646 1277 insania

184 1302 299 1347 esset)
319 1299 386 1337 sed
419 1299 516 1337 illud
535 1299 653 1346 videt,
681 1300 720 1336 in
751 1300 830 1337 suis
851 1300 946 1337 actis
966 1312 1044 1337 non
1071 1300 1186 1337 modo
1212 1299 1308 1336 nihil
1327 1312 1412 1337 esse
1439 1300 1545 1344 boni,
1575 1300 1645 1338 sed

185 1361 304 1399 etiam
325 1361 474 1399 scelera
493 1361 620 1399 inesse
640 1361 779 1406 omnia,
796 1361 905 1412 pacis
923 1367 1052 1398 autem
1066 1361 1347 1407 defensionem,
1363 1369 1405 1399 ut
1416 1361 1510 1399 nihil
1526 1362 1645 1410 aliud,

189 1435 329 1460 nomen
349 1421 486 1460 saltem
498 1422 641 1460 habere
655 1422 872 1472 plausibile.
906 1422 1047 1470 Quam,
1069 1435 1198 1461 vereor
1213 1422 1486 1469 Athenienses,
1500 1437 1644 1472 vereor,

186 1497 235 1521 ne
256 1496 357 1529 sero,
383 1490 426 1520 ut
448 1483 655 1530 debitores,
676 1496 816 1533 magno
842 1496 929 1520 cum
957 1483 1102 1521 foenore
1131 1497 1202 1521 nos
1232 1497 1346 1534 agere
1369 1484 1646 1536 intelligamus.

187 1543 280 1592 Ejus
300 1545 401 1582 enim
423 1545 668 1582 securitatem
688 1551 727 1582 et
747 1544 966 1582 firmitatem
985 1544 1047 1582 isti
1072 1545 1337 1595 prodiderunt,
1360 1546 1582 1586 Phocenses
1609 1554 1650 1585 et

187 1605 319 1657 Pylas,
340 1619 418 1643 non
437 1614 568 1643 tamen
587 1612 741 1656 propter
755 1606 888 1652 istum,
906 1618 990 1643 eam
1011 1605 1116 1643 initio
1131 1606 1306 1644 fecimus.

245 1668 309 1705 33.
338 1667 574 1717 Quanquam
605 1673 733 1704 autem
762 1667 801 1704 id
834 1667 941 1718 quod
974 1667 1100 1705 dicam
1131 1667 1352 1714 absurdum,
1367 1681 1499 1706 verum
1519 1675 1650 1707 tamen

191 1728 346 1765 omnino
361 1735 433 1766 est.
467 1728 507 1764 Si
529 1728 613 1777 quis
634 1741 674 1765 re
693 1741 785 1766 vera
801 1741 897 1779 pace
920 1728 1078 1779 gaudet,
1099 1728 1275 1776 ducibus,
1295 1742 1392 1779 quos
1411 1742 1547 1768 omnes
1567 1731 1651 1769 cul-

192 1796 300 1839 pant,
321 1789 482 1839 gratiam
503 1789 656 1826 habeat.
681 1789 782 1826 Nam
803 1790 835 1827 si
856 1789 923 1834 illi,
946 1798 989 1827 ut
1002 1789 1203 1834 volebatis,
1221 1790 1365 1827 bellum
1387 1791 1651 1831 administras-

192 1859 291 1898 sent,
313 1864 380 1889 vos
401 1864 471 1888 nec
489 1864 629 1888 nornen
649 1851 753 1901 pacis
773 1852 1026 1889 tolerassetis.
1056 1852 1139 1888 Pax
1156 1852 1273 1901 igitur
1292 1865 1361 1902 per
1377 1852 1478 1898 illos,
1500 1855 1651 1904 pericu-

190 1913 273 1951 losa
290 1919 329 1950 et
346 1913 494 1951 lubrica
514 1919 553 1949 et
578 1912 697 1949 infida
716 1925 791 1962 pax
812 1927 879 1962 per
898 1914 990 1949 istos
1015 1912 1122 1950 facta
1147 1919 1206 1950 est
1222 1921 1422 1965 corruptos
1442 1915 1655 1966 largitioni-

188 1976 275 2012 bus.
303 1974 495 2025 Repellite
510 1974 638 2023 igitur,
658 1973 830 2024 repellite
845 1986 932 2010 eum
950 1986 972 2010 a
990 1973 1253 2024 disputatione
1268 1975 1317 2013 de
1330 1989 1438 2026 pace,
1460 1985 1499 2014 et
1514 1979 1553 2016 in
1571 1979 1651 2017 dis-

193 2036 428 2086 putationem
451 2035 501 2072 de
528 2034 624 2072 actis
645 2033 882 2084 compellite.
913 2034 1003 2072 Non
1025 2035 1072 2072 de
1092 2048 1188 2085 pace
1209 2043 1415 2074 accusatur
1430 2039 1654 2079 AEschines:

193 2097 262 2134 sed
275 2109 351 2147 pax
365 2102 520 2147 propter
537 2094 757 2132 AEschinem
777 2096 919 2133 crimen
933 2095 1064 2133 habet.
1085 2097 1331 2147 Argumento
1345 2098 1442 2136 illud
1457 2107 1531 2145 est,
1548 2102 1654 2152 quod

193 2157 224 2195 si
244 2170 319 2208 pax
338 2157 392 2194 ita
409 2157 516 2194 facta
533 2162 651 2201 esset,
671 2162 715 2192 ut
733 2169 800 2193 vos
816 2163 953 2206 postea
970 2156 1009 2193 in
1023 2156 1130 2200 nulla
1141 2170 1182 2194 re
1194 2157 1347 2210 decepti
1361 2161 1510 2206 essetis,
1526 2175 1654 2213 neque

192 2219 379 2256 sociorum
399 2219 600 2269 quisquam
616 2216 804 2266 periisset,
822 2216 962 2254 nemini
975 2217 1190 2255 mortalium
1205 2219 1375 2257 omnium
1394 2233 1471 2271 pax
1491 2223 1658 2264 molesta

190 2280 342 2325 fuisset,
360 2279 571 2330 ignominia
586 2278 780 2316 duntaxat
798 2285 973 2330 excepta.
1004 2279 1087 2316 Etsi
1109 2286 1236 2317 autern
1258 2288 1298 2318 et
1315 2280 1398 2332 ejus
1420 2284 1547 2335 culpae
1564 2299 1654 2337 pars

194 2341 233 2378 in
262 2342 336 2380 isto
363 2341 498 2387 haeret,
518 2354 605 2378 cum
637 2341 687 2379 sit
714 2340 925 2378 Philocrati
955 2339 1211 2391 suffragatus:
1241 2341 1336 2379 nihil
1362 2349 1494 2383 tamen
1523 2346 1656 2387 imme-

197 2403 360 2441 dicabile
378 2403 518 2441 fuisset
536 2403 763 2442 admissum.
793 2402 910 2440 Nunc
931 2402 1138 2440 multorum
1159 2402 1319 2442 aliorum
1333 2405 1520 2445 malorum
1537 2409 1656 2448 istum

197 2477 458 2513 causamesse
482 2472 654 2516 apparet.
1493 2510 1499 2511 ⁷

255 2527 318 2563 34.
350 2526 411 2564 Ac
429 2527 590 2577 turpiter
606 2526 775 2577 quidem,
796 2532 836 2564 et
854 2526 1044 2576 flagitiose
1059 2539 1128 2578 per
1146 2527 1240 2565 istos
1261 2540 1308 2565 ea
1321 2541 1409 2567 esse
1428 2531 1556 2569 omnia
1568 2545 1655 2583 per-

200 2588 282 2625 dita
293 2593 332 2624 et
350 2595 540 2639 corrupta,
561 2589 656 2627 scire
675 2601 810 2626 omnes
830 2601 899 2626 vos
919 2588 1081 2625 arbitror
1097 2600 1106 2626 z
1127 2601 1201 2639 ego
1214 2601 1318 2635 vero,
1327 2590 1494 2642 judices,
1507 2598 1656 2632 tantum

202 2649 312 2686 abest
329 2654 373 2685 ut
387 2648 590 2698 quicquam
610 2649 685 2687 illis
701 2650 816 2687 rebus
837 2649 1045 2700 adjungere
1061 2650 1263 2688 calumniae
1280 2651 1407 2697 velim,
1423 2660 1490 2690 aut
1508 2666 1531 2690 a
1549 2656 1656 2694 vobis

201 2711 240 2749 id
264 2711 345 2749 fieri
362 2710 570 2761 postulem,
589 2718 646 2756 ut,
669 2712 701 2750 si
729 2712 797 2750 illa
821 2725 888 2763 per
912 2712 1144 2750 vaecordiam
1170 2719 1238 2751 aut
1261 2714 1544 2765 simplicitatem
1571 2723 1658 2755 acta

203 2779 309 2818 sunt,
329 2780 393 2810 aut
414 2772 588 2823 quamvis
619 2774 734 2811 aliam
756 2773 1047 2824 ignorationem,
1075 2781 1114 2812 et
1142 2775 1225 2826 ipse
1250 2775 1408 2812 missum
1437 2776 1658 2816 AEschinem

203 2835 357 2878 faciam,
379 2841 419 2871 et
441 2834 548 2871 vobis
569 2834 728 2872 missum
758 2842 802 2872 ut
833 2835 996 2882 faciatis,
1018 2836 1216 2874 suadeam.
1264 2836 1495 2886 Quanquam
1523 2837 1658 2878 harum

206 2895 499 2934 excusationum
517 2895 626 2932 nulla
643 2894 779 2941 civilis,
794 2902 861 2934 aut
886 2897 991 2947 justa
1011 2904 1083 2936 est.
1121 2897 1327 2935 Neminem
1347 2897 1447 2935 enim
1471 2911 1540 2937 vos
1560 2912 1659 2939 rem-

206 2956 398 3007 publicam
418 2969 551 3008 gerere
566 2956 726 3007 jubetis,
757 2963 825 2996 aut
843 2957 997 3009 cogitis,
1025 2958 1095 2996 sed
1115 2958 1146 2996 si
1166 2958 1250 3008 quis
1283 2958 1356 2997 sibi
1383 2961 1587 3010 persuasit,
1616 2975 1658 3002 se
