1923 3149
718 178 790 214 DE
821 177 1068 214 CORONA.
1200 204 1204 208 .
1545 176 1621 211 203

161 278 314 317 collatae
335 279 472 317 laudes
493 286 614 326 crant,
646 292 668 317 a
695 279 802 316 vobis
834 289 922 316 vero
949 275 1139 314 sacrificia
1158 282 1197 312 et
1226 277 1527 326 supplicationes
1548 276 1621 314 diis

165 340 394 390 agebantur.
450 342 575 390 Atque
596 353 670 391 ego
689 339 852 377 libenter
873 350 966 375 sane
985 337 1033 374 ab
1055 335 1238 372 AEschine
1258 337 1500 384 quaesierim:
1531 351 1620 376 cum

163 401 201 437 in
217 400 275 437 his
298 401 540 439 versarcmini
560 408 598 439 et
619 400 771 438 honoris
792 399 1011 448 laetitiaeque
1032 403 1071 434 et
1088 396 1248 433 laudum
1273 396 1388 446 plena
1406 407 1511 437 esset
1529 400 1622 437 civi-

163 467 234 507 tas,
256 468 383 499 utrum
410 463 491 513 ipse
519 475 595 499 una
616 475 704 500 cum
722 460 868 512 populo
889 458 1115 497 sacrificarit
1135 464 1174 495 et
1200 457 1355 494 laetatus
1377 459 1438 503 sit,
1459 473 1507 497 an
1526 473 1620 497 moe-

161 535 251 561 rens
273 536 317 560 ac
338 536 495 574 gemens
515 529 554 561 et
572 521 689 560 livore
708 522 908 560 confectus
929 522 977 558 ob
1003 531 1246 558 communem
1272 517 1497 557 felicitatem
1518 521 1620 558 domi

161 584 403 622 consederit?
460 584 561 621 Nam
581 584 611 621 si
631 584 765 621 aderat
784 590 824 621 et
842 583 940 620 inter
961 588 1118 619 caeteros
1138 587 1410 618 annumeratus
1429 587 1499 627 est,
1523 595 1618 619 non-

159 658 207 682 ne
237 645 378 695 inique,
402 645 477 682 imo
496 657 586 682 vero
614 658 742 682 nonne
762 644 878 695 impie
897 644 1002 689 facit,
1023 643 1088 693 qui
1107 654 1269 692 quarum
1289 655 1415 679 rerum
1435 649 1619 692 tanquam

159 706 386 755 optimarum
418 705 500 756 ipse
530 706 623 743 deos
652 712 771 743 testes
805 704 1034 748 adhibuerit,
1057 703 1215 742 easdem
1234 716 1338 741 nunc
1367 709 1411 741 ut
1438 703 1619 753 indignas

154 765 350 813 judicetis,
370 767 543 817 postulet
563 780 586 804 a
605 767 712 804 vobis
733 767 798 818 qui
825 779 894 818 per
915 766 1008 804 deos
1023 765 1141 816 jurati
1162 764 1286 802 estis?
1343 765 1410 802 Sin
1431 778 1518 803 vero
1540 778 1617 802 non

157 827 303 873 aderat,
324 840 454 865 annon
474 828 611 866 millies
627 828 658 866 is
679 828 802 879 perire
821 828 978 865 meritus
1005 833 1078 873 est,
1092 826 1122 863 si
1142 826 1282 876 quibus
1303 826 1476 864 laetitiam
1497 826 1618 864 susci-

157 887 317 938 piebant
351 889 427 935 alii,
457 889 501 927 iis
530 890 613 940 ipse
642 891 733 928 visis
763 887 1094 928 contristabatur?
1151 887 1291 926 Recita
1321 887 1436 938 igitur
1466 895 1504 927 et
1535 887 1619 925 haec

160 949 251 986 mihi
273 950 440 988 decreta.

517 1054 776 1093 DECRETA
807 1055 880 1092 DE
912 1053 1259 1092 SACRIFICIIS.

211 1147 274 1183 64.
305 1147 408 1197 Ergo
429 1159 498 1184 nos
519 1148 673 1198 quidem
694 1148 733 1184 in
754 1147 947 1186 sacrificiis
967 1155 1048 1185 tum
1068 1159 1219 1184 eramus
1240 1142 1618 1196 occupati‚Thebani

155 1212 283 1244 autem
304 1207 396 1245 inibi
415 1214 525 1245 erant
544 1217 586 1246 ut
605 1222 690 1247 sese
710 1222 778 1260 per
792 1223 862 1247 nos
884 1209 1047 1247 salutem
1069 1215 1301 1246 consecutos
1321 1219 1407 1244 esse
1421 1206 1615 1243 existima-

155 1274 254 1314 rent,
273 1281 396 1318 eoque
429 1282 488 1306 res
519 1270 685 1308 redierat
716 1277 757 1307 ut
777 1271 915 1321 quibus
936 1276 1093 1321 propter
1112 1269 1272 1306 istorum
1292 1268 1466 1306 facinora
1485 1265 1617 1304 auxilii

154 1341 250 1380 opus
270 1330 351 1368 fore
371 1330 583 1377 videbatur,
604 1332 628 1369 ii
647 1331 715 1383 ipsi
737 1331 821 1370 aliis
843 1332 987 1369 ferrent
1011 1330 1193 1369 auxilium
1226 1343 1277 1368 ex
1308 1329 1354 1366 iis
1385 1329 1499 1367 rebus
1521 1340 1616 1377 quas

153 1401 214 1427 me
229 1397 386 1429 auctore
407 1392 645 1443 suscepistis.
702 1393 846 1437 Quales
867 1406 982 1443 porro
1002 1399 1095 1430 tunc
1124 1398 1280 1443 propter
1298 1391 1383 1428 haec
1404 1390 1490 1440 ipsa
1501 1400 1618 1426 voces

106 1478 110 1481 -
153 1451 319 1489 mitteret
340 1451 541 1504 Philippus
561 1461 600 1491 et
619 1454 758 1503 quibus
787 1454 824 1491 in
852 1454 974 1492 turbis
1001 1460 1233 1499 versaretur,
1254 1465 1303 1490 ex
1322 1450 1495 1502 epistolis
1514 1448 1618 1487 illius

153 1513 411 1562 cognoscetis,
432 1526 526 1563 quas
547 1514 582 1548 In
603 1514 915 1561 Peloponnesum
935 1515 1051 1551 misit..
1095 1515 1178 1564 Age
1198 1526 1293 1563 cape
1313 1512 1400 1549 illas
1419 1524 1463 1548 ac
1482 1510 1616 1556 recita,

150 1578 196 1609 ut
215 1573 451 1623 intelligatis,
474 1585 601 1610 meam
621 1572 887 1610 assiduitatem
909 1579 948 1609 et
968 1572 1169 1609 discursus
1189 1580 1228 1609 et
1243 1584 1436 1610 aerumnas
1457 1579 1495 1609 et
1511 1584 1616 1608 com-

150 1633 263 1684 plura
283 1634 454 1680 decreta,
474 1647 562 1684 quae
581 1633 655 1671 iste
674 1633 791 1672 modo
811 1632 1014 1671 calumniis
1044 1632 1246 1683 proscidit,
1267 1632 1505 1682 aliquantum
1527 1645 1617 1683 pro-

152 1694 305 1732 fecisse.
364 1694 569 1733 Enimvero
599 1695 710 1732 multi
743 1694 848 1746 apud
867 1707 949 1741 vos,
967 1692 1241 1741 Athenienses,
1265 1693 1498 1731 exstiterunt
1530 1705 1615 1731 ora-

150 1761 255 1793 tores
275 1755 368 1793 clari
388 1762 502 1806 atque
523 1756 653 1806 magni
684 1761 773 1793 ante
794 1768 867 1801 me,
890 1754 1138 1792 Callistratus
1159 1754 1236 1801 ille,
1258 1754 1516 1806 Aristophon‚
1541 1755 1615 1792 Ce-

147 1815 300 1866 phalus,
321 1816 599 1869 Thrasybulus,
620 1814 690 1854 alii'
702 1816 880 1868 plurimi:
911 1829 1044 1854 verum
1066 1823 1196 1853 tamen
1230 1829 1344 1853 nemo
1375 1829 1426 1853 ex
1451 1816 1512 1853 his
1545 1828 1616 1852 un-

148 1890 264 1928 quam
284 1891 324 1915 se
344 1886 467 1916 totum
486 1878 568 1916 ulla
587 1878 627 1915 in
657 1891 695 1916 re
724 1877 884 1916 tradidit
904 1877 1136 1929 reipublicae,
1158 1877 1227 1915 sed
1252 1878 1283 1914 si
1304 1877 1391 1928 quis
1414 1876 1615 1914 decretum

148 1939 345 1986 scriberet,
364 1954 443 1979 non
464 1941 558 1979 obiit
575 1940 824 1992 legationem,
857 1940 889 1978 si
920 1940 1152 1990 legationem
1183 1940 1319 1985 obiret,
1352 1952 1429 1977 non
1463 1939 1618 1990 scripsit

149 2001 363 2041 decretum.
420 2003 594 2053 Reliquit
629 2003 732 2040 enim
771 2002 842 2041 sibi
874 2002 1037 2054 quisque
1068 2001 1181 2040 simul
1208 2001 1418 2040 laxamenti
1457 2000 1615 2051 aliquid,

151 2062 265 2099 simul
287 2063 318 2100 si
338 2063 432 2113 quid
452 2062 648 2101 accideret
666 2070 879 2115 receptum.
937 2065 975 2106 Q
990 2064 1035 2101 ui
1050 2064 1074 2101 d
1117 2077 1137 2101 e
1151 2076 1168 2100 r
1181 2076 1207 2114 g
1222 2062 1275 2101 o?
1323 2062 1430 2100 dicat
1458 2061 1612 2112 aliquis,

148 2128 270 2160 tune
310 2124 438 2162 adeo
481 2125 677 2163 robore
726 2131 776 2162 et
818 2125 1053 2164 audacia
1092 2130 1324 2175 praestas
1368 2123 1515 2169 aliis,
1558 2128 1614 2160 ut

149 2195 172 2221 0
189 2183 332 2222 mnia
371 2185 421 2236 ip
438 2198 490 2223 se
527 2185 813 2223 conficias?
870 2185 961 2223 Non
983 2185 1071 2222 dico
1090 2185 1178 2230 hoc,
1200 2197 1331 2222 verum
1351 2185 1404 2221 ita
1428 2196 1614 2234 magnum

148 2258 234 2283 esse
255 2245 347 2283 mihi
374 2246 643 2297 persuaseram
669 2246 880 2296 periculum
906 2245 1011 2295 quod
1038 2246 1232 2283 invaserat
1255 2245 1464 2291 civitatem,
1481 2250 1523 2281 ut
1541 2257 1610 2281 ne-

145 2320 220 2357 que
239 2313 390 2358 tempus
419 2319 546 2357 neque
576 2306 727 2358 copiam
757 2305 802 2344 de
828 2307 976 2357 privata
1005 2306 1129 2344 salute
1156 2305 1417 2357 prospiciendi
1438 2305 1529 2343 dare
1558 2305 1614 2343 vi·

151 2368 318 2415 deretur,
350 2368 420 2406 sed
451 2368 637 2419 praeclare
669 2367 875 2406 nobiscum
914 2374 1044 2406 actum
1082 2367 1125 2405 iri
1164 2367 1417 2411 existimarem,
1456 2366 1488 2403 si
1525 2366 1611 2416 quis

148 2429 257 2467 nulla
285 2442 325 2468 re
355 2430 615 2481 praetermissa
646 2442 733 2479 quae
769 2443 868 2480 opus
909 2436 1019 2467 erant
1053 2429 1266 2481 perficeret.
1340 2427 1438 2465 Mihi
1481 2433 1611 2465 autem

147 2490 195 2527 de
233 2503 294 2528 me
329 2491 413 2542 ipso
445 2491 483 2528 in
520 2492 691 2529 animum
728 2491 969 2538 induxeram,
1007 2490 1125 2529 stulte
1160 2490 1339 2536 fortasse,
1375 2489 1446 2528 sed
1481 2495 1611 2527 tamen

145 2551 385 2599 induxeram,
405 2552 597 2591 neminem
623 2566 749 2605 neque
777 2553 842 2605 qui
872 2552 1029 2591 decreta
1050 2552 1232 2590 scriberet
1257 2550 1394 2589 melius
1413 2562 1530 2601 quam
1548 2562 1611 2586 me

147 2612 270 2651 fuisse
305 2613 550 2664 scripturum,
580 2627 706 2665 neque
742 2615 806 2666 qui
839 2621 972 2666 ageret
1002 2614 1213 2651 commodius
1251 2618 1441 2656 acturum,
1484 2623 1611 2660 neque

147 2674 213 2724 qui
232 2674 463 2724 legationem
489 2675 610 2712 obiret
639 2675 768 2714 studio
789 2682 855 2714 aut
873 2676 949 2713 fide
974 2677 1118 2723 maj0re
1145 2673 1378 2725 legationem
1402 2672 1611 2710 obiturum.

148 2734 209 2772 Ea
227 2741 382 2786 propter
415 2734 462 2774 ad
493 2736 622 2774 omnia
652 2749 712 2776 me
744 2737 902 2789 negotia
933 2736 1094 2777 accinxi.
1152 2735 1293 2774 Recita
1314 2735 1396 2785 jam
1424 2731 1607 2784 epistolas

151 2795 329 2848 Philippi.
