1923 3149
735 127 808 165 DE
838 125 1083 165 CORONA.
1557 129 1627 168 167

187 227 284 264 ciem
304 228 480 266 accrevit.
522 228 777 281 Posteaquam
796 243 886 268 vero
905 228 1018 267 taedio
1036 228 1126 266 belli
1145 228 1354 276 confectos,
1376 243 1510 281 graves
1529 238 1627 278 tum,

187 300 290 326 nunc
311 288 479 327 infelices
498 290 702 329 Thebanos
731 291 972 342 perspicuum
998 296 1103 327 esset
1119 290 1296 328 omnibus
1316 300 1470 330 coactos
1489 293 1570 331 fore
1587 300 1632 332 ut

186 349 235 387 ad
251 362 322 388 vos
337 351 601 401 confugerent,
623 352 837 404 Philippus,
857 352 895 389 id
917 356 958 388 ut
971 364 1019 389 ne
1038 349 1144 388 fieret
1163 363 1259 389 neve
1278 352 1450 390 civitates
1470 355 1631 405 conjun-

187 418 380 460 gerentur,
400 414 509 451 vobis
535 427 683 464 pacem,
703 414 775 452 illis
795 413 972 452 auxilium
993 412 1208 462 pollicetur.
1252 413 1349 455 Quae
1369 427 1429 451 res
1457 415 1571 464 igitur
1597 417 1631 454 ei

186 471 407 522 adjumento
427 474 498 512 fuit
516 481 559 512 ut
578 487 644 512 vos
663 487 761 525 pene
781 474 906 512 dicam
928 473 1028 511 ultro
1049 473 1233 524 deceptos
1252 473 1521 525 interciperet?
1551 476 1631 514 Re-

184 532 373 583 liquorum
403 534 760 574 Graecorum—sive
789 548 835 574 ea
865 535 1010 573 malitia
1038 534 1115 572 sive
1140 534 1355 585 ignorantia
1383 535 1548 574 dicenda
1575 543 1635 574 est

186 595 264 633 sive
284 604 456 648 utraque,
475 598 552 648 qui,
565 611 653 636 cum
675 597 871 635 assiduum
892 609 937 635 ac
957 596 1176 634 diuturnum
1195 595 1340 634 bellum
1360 597 1553 648 gereretis,
1575 597 1633 635 id-

186 669 262 706 que
282 671 351 707 pro
379 659 572 697 communi
593 660 764 697 omnium
785 658 960 705 utilitate,
981 657 1305 708 quemadmodum
1325 672 1384 696 res
1403 659 1488 709 ipsa
1506 659 1634 698 decla-

186 717 297 763 ravit,
318 731 441 769 neque
461 721 626 771 pecunia
643 733 771 772 neque
797 720 885 758 viris
905 732 1027 770 neque
1048 732 1086 756 re
1107 718 1186 757 ulla
1204 720 1358 757 omnino
1386 720 1461 758 alia
1479 734 1546 759 vos
1566 722 1635 759 ad-

179 777 384 828 juverunt:
415 781 554 831 quibus
568 782 656 834 jure
676 795 744 820 vos
765 781 974 832 meritoque
995 780 1183 831 indignati
1203 781 1382 832 Philippo
1401 781 1506 821 haud
1528 782 1637 821 inviti

186 841 477 881 auscultavistis.

240 904 276 940 8.
307 903 364 941 Ea
377 903 492 955 igitur
510 918 597 956 quae
610 911 693 943 tum
712 917 898 944 concessa
918 904 990 942 fuit
1009 903 1185 955 Philippo
1205 916 1280 954 pax
1300 902 1405 941 hisce
1426 904 1474 942 de
1494 906 1636 953 causis,

185 976 263 1001 non
283 977 379 1012 mea,
405 967 598 1016 quomodo
617 968 688 1005 iste
712 967 957 1013 insimulavit,
989 979 1105 1017 opera
1132 964 1337 1003 conciliata
1363 972 1446 1003 est:
1476 967 1635 1005 istorum

187 1032 313 1063 autem
334 1026 490 1078 injurias
506 1029 759 1080 sordidosque
779 1036 951 1079 quaestus
972 1028 1010 1066 in
1030 1041 1075 1066 ea
1089 1041 1128 1065 re
1147 1028 1333 1064 institutos
1352 1026 1485 1065 harum
1504 1030 1635 1067 turba-

186 1099 269 1124 rum
289 1088 327 1124 in
346 1089 482 1138 quibus
502 1103 604 1128 nunc
629 1104 841 1135 versamur,
865 1090 894 1128 si
921 1091 1006 1140 quis
1027 1096 1130 1128 recte
1152 1088 1368 1138 investiget,
1391 1102 1529 1128 causas
1550 1104 1636 1130 esse

184 1147 459 1198 deprehendet.
503 1152 629 1201 Atque
659 1152 744 1190 haec
765 1152 892 1190 omnia
918 1151 1087 1189 veritatis
1107 1157 1246 1188 tantum
1267 1149 1392 1188 studio
1420 1153 1637 1190 accuratius

184 1221 391 1260 persequor
410 1218 450 1249 et
464 1225 612 1250 enarro.
650 1213 751 1250 Nam
773 1214 803 1251 si
819 1214 944 1264 quain
965 1212 1023 1250 his
1040 1214 1152 1250 rebus
1173 1212 1232 1250 vel
1252 1212 1414 1249 maxime
1433 1213 1640 1251 videantur

183 1284 268 1309 esse
293 1280 467 1324 peccata,
489 1287 535 1312 ea
553 1274 644 1312 nihil
664 1275 714 1313 ad
732 1289 794 1314 me
819 1276 950 1326 utique
978 1275 1192 1326 pertinent:
1222 1275 1313 1324 quin
1341 1273 1372 1311 is
1403 1274 1466 1324 qui
1491 1274 1635 1324 primus

186 1336 413 1374 sententiam
439 1335 535 1374 dixit
562 1342 601 1374 et
626 1337 863 1376 mentionem
892 1337 940 1375 de
969 1350 1064 1388 pace
1092 1336 1183 1374 fecit
1210 1335 1475 1374 Aristodemus
1504 1336 1638 1375 histrio

185 1394 269 1442 suit,
298 1397 363 1447 qui
381 1397 489 1435 illum
508 1399 683 1450 suscepit
711 1406 750 1437 et
769 1400 948 1437 decretum
968 1398 1120 1450 scripsit
1136 1405 1177 1436 et
1196 1411 1284 1436 cum
1303 1398 1378 1436 isto
1406 1411 1515 1436 suam
1544 1411 1637 1450 ope-

186 1469 265 1494 ram
287 1458 325 1495 in
351 1471 436 1497 eam
465 1472 545 1498 rem
571 1460 713 1499 locavit
741 1461 979 1499 Philocrates
1006 1460 1080 1498 fuit
1097 1459 1307 1511 Agnusius,
1338 1467 1427 1498 tuus
1458 1460 1638 1499 AEschine

185 1519 389 1571 particeps,
415 1533 493 1559 non
521 1534 644 1568 meus,
673 1534 749 1560 non
779 1522 811 1560 si
840 1521 1063 1560 mentiendo
1093 1520 1366 1572 disrumparis;
1397 1521 1480 1572 ejus
1507 1528 1637 1560 autem

186 1582 387 1619 sententiae
407 1582 677 1634 suffragatores
695 1584 851 1622 fuerunt
878 1597 1106 1635 quacunque
1136 1583 1287 1621 demum
1318 1583 1367 1621 de
1393 1583 1638 1622 causa—hoc

186 1641 286 1679 enim
301 1642 339 1680 in
352 1656 522 1694 praesens
533 1645 896 1683 omitto—Eubulus
909 1653 948 1684 et
960 1645 1244 1697 Cephisophon,
1258 1658 1331 1695 ego
1342 1658 1432 1683 vero
1446 1659 1638 1697 nusquam

186 1703 403 1754 quicquam.
425 1706 473 1744 Et
492 1713 633 1754 tamen,
652 1720 739 1745 cum
759 1707 844 1746 haec
863 1708 916 1745 ita
933 1721 975 1746 se
994 1708 1160 1746 habeant
1180 1714 1219 1745 et
1238 1708 1286 1745 ab
1304 1707 1388 1758 ipsa
1406 1707 1522 1746 etiam
1540 1708 1638 1746 veri-

185 1771 264 1802 tate
283 1766 337 1803 ita
355 1779 442 1804 esse
468 1767 794 1817 demonstrentur,
813 1783 935 1820 usque
955 1782 1001 1807 eo
1018 1769 1123 1806 venit
1151 1769 1415 1820 impudentiae,
1446 1776 1489 1807 ut
1517 1781 1638 1808 ausus

185 1825 234 1864 sit
260 1825 456 1873 affirmare,
476 1841 537 1866 me
556 1842 634 1866 non
666 1830 779 1867 modo
806 1831 913 1881 pacis
940 1831 1060 1868 fuisse
1085 1836 1295 1876 auctorem,
1325 1830 1395 1868 sed
1414 1843 1462 1868 ne
1490 1843 1537 1868 ea
1553 1830 1640 1881 ipsa

185 1900 262 1937 pax
290 1901 313 1926 a
339 1895 470 1927 nostra
487 1889 639 1928 civitate
667 1904 744 1929 una
763 1904 851 1929 curn
879 1892 1074 1929 communi
1094 1891 1320 1929 Graecorum
1339 1892 1502 1930 concilio
1529 1891 1640 1931 fieret

185 1949 390 1988 obstitisse.
421 1951 473 1989 At
491 1964 646 2002 o——quo
672 1960 710 1990 te
733 1953 818 2002 quis
839 1953 991 1990 nomine
1010 1959 1113 1990 recte
1133 1952 1329 2004 appellet?
1358 1959 1449 1991 tune
1473 1967 1637 2004 usquam

187 2011 250 2061 qui
269 2011 441 2058 adesses,
462 2026 550 2051 cum
579 2027 639 2051 me
657 2020 804 2052 tantam
823 2027 902 2051 rem
933 2021 1157 2064 tantamque
1186 2015 1424 2060 societatem,
1453 2022 1637 2065 quantam

187 2073 304 2111 modo
331 2074 486 2124 quidem
505 2075 654 2126 tragica
679 2089 774 2114 voce
800 2077 1126 2114 commemorabas
1145 2083 1184 2114 et
1203 2077 1475 2127 percensebas,
1496 2076 1639 2116 civitati

188 2136 388 2174 detrahere
406 2136 568 2183 videres,
588 2143 673 2174 tune
691 2151 837 2187 usquam
852 2138 1074 2189 indignatus
1096 2151 1137 2176 es
1156 2144 1195 2176 et
1212 2137 1251 2175 in
1270 2138 1441 2176 medium
1459 2151 1639 2190 progres-

188 2210 254 2235 sus
273 2210 332 2244 ea,
351 2211 439 2248 quae
459 2211 561 2236 nunc
582 2199 724 2250 arguis,
745 2200 909 2238 docuisti
935 2206 1003 2238 aut
1022 2200 1234 2238 enarrasti?
1263 2200 1387 2251 Atqui
1408 2200 1439 2238 si
1459 2207 1503 2239 ut
1520 2202 1637 2240 inter-

188 2259 366 2298 cludatur
393 2259 468 2298 ista
487 2273 572 2298 cum
593 2260 740 2299 Graecis
759 2261 977 2300 communio
997 2261 1175 2312 Philippo
1195 2274 1268 2312 ego
1292 2275 1434 2311 operam
1453 2263 1636 2302 vendide-

187 2333 282 2366 ram,
299 2320 367 2359 tibi
385 2328 469 2359 erat
488 2321 676 2373 reliquum
703 2322 896 2361 silentium
925 2330 970 2361 ut
993 2336 1042 2361 ne
1063 2335 1211 2374 ageres,
1232 2323 1301 2361 sed
1320 2330 1364 2360 ut
1390 2324 1578 2363 clamares
1597 2331 1639 2363 et

187 2381 448 2420 testimonium
467 2383 584 2421 ferres
599 2390 638 2421 et
656 2383 763 2422 hisce
783 2397 862 2421 rem
882 2384 1084 2422 indicares.
1131 2384 1184 2422 At
1202 2390 1242 2422 tu
1269 2397 1467 2435 nunquam
1485 2385 1560 2424 hoc
1579 2387 1637 2424 fe-

188 2442 286 2488 cisti,
306 2455 501 2493 nunquam
521 2458 604 2483 eam
627 2458 673 2483 ex
699 2452 737 2484 te
763 2459 897 2484 vocem
919 2446 1119 2496 quisquam
1151 2445 1310 2484 audivit.
1365 2446 1483 2486 Jure:
1513 2461 1638 2500 neque

188 2503 288 2540 enim
315 2503 365 2541 ad
381 2505 481 2543 ullos
510 2506 662 2545 omnino
683 2507 906 2547 Graecorum
936 2514 1017 2546 tum
1043 2508 1160 2545 missa
1177 2515 1257 2546 erat
1275 2509 1430 2560 legatio,
1453 2509 1522 2547 sed
1535 2510 1635 2561 jam-

189 2564 335 2603 dudum
353 2578 483 2604 eorum
503 2568 671 2606 omnium
689 2570 908 2609 voluntates
926 2571 1124 2621 patebant,
1140 2583 1263 2621 neque
1285 2571 1358 2609 iste
1376 2571 1514 2610 sinceri
1527 2572 1635 2622 quic-

190 2639 306 2676 quam
321 2626 381 2664 his
400 2626 449 2665 de
467 2629 579 2666 rebus
606 2631 777 2680 protulit.
829 2631 1023 2670 Praeterea
1047 2645 1137 2670 vero
1156 2632 1367 2671 mendaciis
1386 2632 1457 2670 illis
1482 2645 1636 2683 rempu-

188 2688 329 2727 blicam
348 2689 531 2728 acerrime
546 2690 810 2731 calumniatur.
844 2693 945 2731 Nam
965 2694 996 2731 si
1020 2707 1089 2732 vos
1107 2694 1219 2732 simul
1249 2693 1407 2732 Graecos
1424 2694 1474 2731 ad
1491 2693 1636 2731 bellum

192 2750 463 2797 accersebatis‚
497 2751 609 2789 simul
640 2752 712 2803 ipsi
733 2754 782 2792 ad
802 2754 1022 2807 Philippum
1040 2755 1188 2807 legatos
1214 2755 1263 2794 de
1291 2768 1386 2807 pace
1412 2754 1636 2803 mittebatis,

193 2811 378 2863 Eurybati
396 2811 559 2859 facinus,
580 2826 658 2851 non
679 2820 746 2851 aut
763 2815 905 2854 civitati
924 2824 1062 2855 vestrae
1088 2824 1155 2855 aut
1179 2816 1269 2854 viris
1294 2816 1403 2854 bonis
1430 2822 1635 2855 consenta-

194 2885 306 2912 neam
324 2886 403 2913 rem
420 2873 666 2925 praestitistis.
694 2875 837 2915 Verum
853 2889 931 2918 non
950 2877 1004 2917 ita
1018 2891 1059 2917 se
1077 2891 1137 2918 res
1150 2877 1309 2924 habent,
1324 2889 1424 2916 non:
1452 2889 1635 2928 quorsum
1677 2906 1679 2908 -
