1923 3149
520 205 594 246 DE
625 207 773 246 MALE
804 207 981 246 GEs‘rA
1013 177 1342 246 LEGArioNs.
1585 209 1661 244 ππ

198 322 328 349 versos
348 322 434 349 esse
455 312 642 362 quosdam
666 318 704 350 et
719 323 891 350 morosos
913 310 950 347 in
969 311 1063 347 urbe
1083 310 1271 356 homines,
1295 317 1336 347 ut
1356 323 1431 348 non
1453 310 1658 348 erubesce-

196 378 286 409 rent
309 371 343 409 ei
364 373 536 410 convicia
551 373 694 418 dicere,
715 380 754 410 et
773 373 976 410 barbarum
996 383 1084 407 eum
1104 371 1284 408 vocitare.

237 433 299 470 86.
319 432 416 470 Fieri
430 440 556 483 potest
569 434 683 483 igitur
697 439 739 471 ut
751 433 853 470 idem
869 433 937 478 vir,
952 431 1024 468 illis
1039 432 1279 469 sermonibus
1291 439 1379 469 ante
1392 433 1545 479 habitis,
1559 440 1658 483 post,

199 491 284 530 haec
304 494 430 531 dicere
452 507 528 531 non
551 494 778 540 dubitasset,
792 493 864 531 nisi
885 498 1086 542 corruptus
1108 498 1212 530 essct
1229 493 1523 543 largitionibus?
1555 495 1658 537 Quid

196 554 315 591 vero?
344 556 424 592 isne
445 556 508 605 qui
529 555 738 592 Atrestidae
759 561 840 592 tum
856 554 1020 591 infestus
1036 553 1108 591 fuit
1126 560 1280 604 propter
1297 554 1501 605 Olynthios
1517 569 1656 605 pueros

196 621 238 652 et
257 615 514 662 mulierculas,
534 629 637 653 nunc
657 616 810 666 adjutor
831 614 1060 652 Philocratis
1083 628 1168 653 esse
1197 628 1275 652 non
1298 615 1464 661 dubitat,
1492 616 1558 665 qui
1576 630 1658 654 mu-

198 675 309 713 lieres
339 676 544 727 Olynthias
573 676 760 725 ingenuas
791 675 841 713 ad
861 675 1059 713 libidinem
1088 676 1163 714 huc
1193 676 1380 713 adduxit?
1408 676 1471 726 qui
1498 678 1547 714 ob
1570 677 1656 714 vita:

194 736 448 786 petulantiam
470 737 526 775 sic
548 736 725 782 innotuit,
745 744 790 774 ut
808 736 899 774 mihi
920 737 1026 774 nulla
1048 740 1130 785 jam
1155 739 1237 788 ejus
1258 739 1403 788 flagitia
1423 751 1655 776 commemo-

193 797 314 834 randa
332 798 420 842 sint,
441 805 508 836 aut
526 798 710 844 facinora,
731 799 797 836 sed
819 799 850 837 si
870 805 1019 836 tantum
1039 799 1185 845 dixero,
1210 800 1468 838 Philocratem
1487 801 1562 838 huc
1583 801 1655 839 du-

192 858 294 896 xisse
309 858 502 905 mulieres,
515 872 648 897 omnes
665 873 734 897 vos
750 866 788 898 et
802 873 867 898 eos
885 860 948 910 qui
965 860 1228 906 circumstant,
1245 869 1374 898 cetera
1387 874 1503 899 nosse
1521 861 1654 908 sciam,

192 926 230 956 et
251 919 383 958 dolere
405 920 530 958 vicem
549 921 758 959 infelicium
777 928 814 959 et
831 934 1135 959 aerumnosarum
1160 922 1379 968 mulierum,
1401 936 1562 973 quarum
1589 924 1654 959 AE-

192 980 346 1018 sehines
367 994 445 1018 non
460 981 675 1027 miseretur,
691 982 816 1020 necin
832 995 896 1020 eas
914 982 1080 1028 intuens,
1103 982 1294 1021 Graeciam
1315 984 1503 1034 deplorat,
1525 985 1556 1022 si
1577 985 1653 1022 ill-cc

192 1041 296 1092 apud
315 1043 440 1080 socios
461 1055 484 1080 a
502 1042 640 1093 legatis
661 1043 938 1080 contumeliose
950 1050 1155 1091 Vvexantur,
1185 1057 1276 1082 suas
1295 1045 1449 1095 quidem
1478 1046 1653 1084 fortunas

191 1102 477 1150 lamentabitur,
497 1116 586 1141 cum
608 1103 661 1141 ita
681 1117 721 1141 se
742 1104 780 1140 in
801 1104 995 1154 legatione
1014 1105 1191 1154 gesserit,
1211 1113 1250 1143 et
1274 1107 1457 1156 puerulos
1479 1108 1653 1145 fortassis

189 1171 372 1210 accerset‚
391 1171 429 1202 et
449 1164 645 1214 producet.
675 1165 757 1202 Vos
777 1172 906 1202 autem
920 1165 1156 1215 cogitabitis,
1170 1166 1338 1217 judices,
1354 1168 1390 1204 in
1408 1176 1583 1219 respectu
1604 1170 1653 1206 ad

188 1224 298 1262 istius
324 1225 475 1271 liberos,
506 1226 713 1263 multorum
744 1226 934 1264 sociorum
962 1234 1174 1264 vestrorum
1207 1235 1245 1265 et
1271 1229 1478 1266 amicorum
1511 1230 1651 1268 liberos

177 1298 326 1332 errare,
350 1293 390 1324 et
421 1287 620 1324 mendicos
649 1287 862 1332 circumire,
889 1288 1096 1325 crudeliter
1124 1295 1310 1327 tractatos
1336 1298 1490 1341 propter
1512 1291 1649 1335 istunn

185 1359 349 1398 quorum
363 1360 431 1385 vos
452 1348 621 1385 misereri
640 1348 760 1385 multo
781 1354 841 1385 est
861 1348 1025 1398 aequius,
1041 1361 1156 1398 quam
1176 1357 1354 1387 natorum
1375 1351 1428 1388 ita
1447 1351 1653 1390 facinorosi

185 1414 226 1446 et
244 1408 448 1458 proditoris
463 1409 595 1459 patris,
611 1415 650 1446 et
664 1415 877 1446 vestrorum
890 1409 1052 1447 liberum
1069 1410 1133 1459 qui
1151 1418 1241 1447 sunt
1254 1413 1301 1449 ab
1320 1411 1416 1458 istis,
1435 1413 1500 1463 qui
1515 1427 1650 1463 pacem

184 1469 236 1507 ad
255 1477 428 1520 posteros
443 1483 595 1521 quoque
613 1470 884 1515 extenderunt,
903 1470 1018 1508 etiam
1035 1484 1103 1522 spe
1120 1472 1284 1510 fortunae
1301 1473 1470 1511 melioris
1485 1475 1649 1525 spoliati.

186 1531 308 1582 Ipsius
329 1538 458 1570 autem
477 1532 666 1582 lacrymas
681 1531 885 1577 intuentes,
905 1545 972 1569 vos
993 1545 1096 1569 nunc
1116 1532 1258 1570 habere
1278 1534 1472 1572 hominem
1495 1535 1560 1586 qui
1579 1536 1649 1574 ves

177 1593 294 1641 jussit
311 1593 460 1631 mittere
480 1593 517 1630 in
539 1593 760 1638 Arcadiam,
780 1593 845 1643 qui
867 1592 1034 1643 Philippi
1056 1593 1249 1631 studiosos
1269 1603 1512 1633 accusarent.

182 1678 187 1680 -
240 1658 301 1694 87.
335 1657 452 1694 Nunc
479 1656 594 1707 igitur
624 1656 719 1693 nihil
746 1663 806 1693 est
832 1668 992 1694 necesse
1025 1657 1174 1706 legatos
1201 1657 1352 1696 mittere
1381 1659 1419 1696 in
1453 1660 1648 1710 Pelopon-

182 1715 333 1764 nesum,
353 1726 421 1756 aut
438 1718 688 1768 longinquum
710 1718 781 1755 iter
799 1718 1010 1769 suscipere,
1032 1725 1098 1756 aut
1117 1719 1300 1758 viaticum
1321 1720 1558 1772 impendere,
1579 1722 1647 1760 sed

182 1779 279 1818 illud
298 1780 499 1825 duntaxat,
520 1786 564 1817 ut
583 1779 847 1830 unusquisque
866 1786 1037 1818 vestrum
1059 1794 1182 1832 usque
1207 1782 1258 1819 ad
1278 1782 1444 1820 tribunal
1467 1797 1646 1834 progres-

181 1853 263 1887 sus,
284 1851 461 1879 sanctum
488 1847 528 1878 et
554 1854 708 1890 aequum
735 1840 960 1891 suffragium
979 1842 1076 1880 ferat
1103 1856 1172 1894 pro
1198 1845 1334 1894 patria,
1362 1853 1496 1884 contra
1522 1847 1646 1884 homi-

180 1914 283 1949 nem,
304 1903 383 1953 qui,
405 1915 428 1940 o
441 1902 492 1939 dii
505 1902 753 1947 immortales,
769 1915 856 1940 cum
875 1902 975 1949 illas,
990 1903 1038 1941 de
1053 1904 1192 1954 quibus
1208 1905 1313 1943 initio
1330 1906 1421 1953 dixi,
1439 1907 1644 1946 conciones

179 1962 369 2007 habuerit,
381 1963 427 2001 de
444 1963 690 2008 Marathone,
704 1963 752 2000 de
771 1963 976 2010 Salamine,
992 1964 1039 2002 de
1053 1966 1209 2015 praeliis,
1224 1966 1270 2005 de
1284 1967 1501 2019 triumphis,
1514 1970 1644 2006 statim

179 2030 224 2062 ut
247 2025 522 2063 Macedoniam
550 2024 691 2075 attigit,
715 2025 844 2062 omnia
868 2025 927 2063 his
960 2024 1153 2065 contraria
1181 2027 1299 2066 dixit:
1328 2043 1406 2067 non
1437 2031 1644 2069 recordan-

178 2085 274 2122 dum
292 2099 378 2124 esse
397 2089 596 2134 majorum,
621 2099 702 2124 non
727 2086 941 2137 triumphos
961 2088 1186 2135 narrandos,
1213 2091 1355 2128 nemini
1377 2105 1489 2142 opem
1518 2092 1644 2131 feren-

175 2147 283 2193 dam,
311 2160 389 2185 non
409 2148 661 2185 communiter
680 2160 768 2184 cum
797 2148 947 2186 Graecis
969 2150 1282 2198 consultandum,
1313 2158 1461 2190 tantum
1482 2166 1564 2191 non
1585 2154 1641 2191 di-

176 2208 346 2246 ruendos
366 2221 452 2246 esse
473 2221 615 2246 muros.
645 2209 793 2250 Quibus
814 2209 1006 2248 orationes
1024 2210 1130 2248 nullo
1154 2225 1326 2263 unquam
1345 2221 1516 2265 tempore
1538 2216 1642 2265 apud

177 2284 247 2309 vos
266 2271 406 2308 habitae
428 2278 519 2308 sunt
535 2271 730 2309 foediores.
763 2270 856 2314 Quis
876 2278 935 2309 est
953 2273 1054 2310 enim
1076 2273 1301 2312 Graecorum
1322 2283 1361 2314 et
1382 2277 1641 2315 Barbarorum

176 2333 232 2370 ita
257 2345 419 2382 vaecors,
439 2339 507 2370 aut
524 2327 721 2383 imperitus
753 2345 893 2378 rerum,
922 2340 989 2371 aut
1012 2347 1136 2385 usque
1164 2336 1262 2374 adeo
1291 2344 1432 2375 nostrae
1461 2340 1545 2376 urbi
1571 2339 1641 2377 ini-

176 2394 314 2441 micus,
329 2394 408 2444 qui,
425 2394 457 2432 si
477 2395 561 2444 quis
581 2400 705 2445 roget,
726 2407 811 2444 age,
833 2393 892 2432 dic
912 2395 1016 2440 mihi,
1036 2396 1120 2447 ejus
1141 2396 1305 2435 Graeciae
1325 2412 1414 2450 quae
1442 2413 1546 2438 nunc
1567 2409 1641 2447 est,

176 2460 295 2505 ,atque
321 2455 512 2502 incolitur,
533 2462 644 2493 estne
664 2455 745 2492 ulla
769 2469 872 2506 pars,
897 2470 984 2507 quae
1008 2468 1286 2509 nomen-suum
1312 2462 1506 2508 retineret,
1526 2471 1640 2513 atque

177 2516 408 2554 incoleretur
422 2518 470 2554 ab
490 2516 534 2555 iis
551 2518 616 2568 qui
635 2530 736 2554 nunc
762 2530 847 2555 eam
873 2518 1047 2556 obtinent
1069 2519 1231 2567 Graecis,
1250 2521 1324 2560 nisi
1341 2522 1379 2560 in
1406 2523 1639 2562 Marathone

177 2586 217 2617 et
235 2580 301 2618 ad*
316 2580 551 2618 Salaminem
577 2581 740 2632 majores
760 2581 880 2618 nostri
899 2594 970 2632 pro
992 2582 1044 2620 eis
1065 2590 1175 2621 tanta
1193 2584 1332 2622 virtute
1362 2585 1638 2624 dimicassent?

177 2642 303 2680 Nemo
321 2641 361 2678 id
380 2641 547 2692 quidem,
568 2643 662 2680 satis
689 2642 782 2689 scio,
803 2642 962 2681 dixerit:
994 2644 1062 2682 sed
1087 2644 1187 2682 illud
1204 2646 1318 2685 fuisse
1338 2648 1522 2693 futurum,
1542 2655 1585 2685 ut
1615 2661 1638 2685 a

175 2704 350 2742 barbaris
384 2703 468 2741 haec
501 2704 630 2741 omnia
658 2712 898 2755 caperentur.
945 2705 1097 2747 Quibus
1116 2707 1234 2757 igitur
1258 2709 1435 2746 laudibus
1460 2716 1499 2746 et
1524 2722 1637 2747 orna-

176 2766 318 2803 mentis
336 2765 421 2802 illos
435 2764 494 2801 vel
514 2764 682 2802 hostium
703 2779 818 2805 nemo
838 2767 1024 2818 spoliarit,
1043 2781 1174 2806 eorum
1193 2782 1262 2807 vos
1283 2769 1483 2807 AEsclzines
1503 2760 1634 2807 memi-

177 2827 280 2864 nisse
298 2839 375 2864 non
391 2825 493 2871 sinit,
513 2824 663 2862 illorum
683 2834 871 2876 posteros,
892 2836 934 2866 ut
950 2829 1033 2879 ipse
1053 2843 1230 2867 nummos
1250 2830 1441 2881 accipiat?
1482 2831 1539 2868 Ac
1561 2831 1636 2870 alia

179 2887 332 2938 quidem
351 2888 454 2924 bona
472 2885 567 2923 nihil
582 2886 746 2924 attinent
765 2888 815 2925 ad
835 2889 1042 2928 defunctos
1057 2902 1078 2942 ε,
1096 2897 1136 2928 at
1152 2903 1278 2928 rerum
1302 2890 1485 2940 praeclare
1505 2899 1634 2943 gesta-

132 2962 134 2965 ·
163 2956 263 2986 'rum
283 2947 434 2995 laudes,
453 2960 584 2987 eorum
613 2948 677 2998 qui
701 2947 755 2987 sic
776 2950 983 3001 oppetiere,
1005 2952 1157 3002 propria
1179 2957 1268 2989 sunt
1288 2952 1478 3002 possessio
1496 2955 1634 3004 (neque
