1923 3149
277 181 351 217 336
757 175 979 215 CONTRA
1014 175 1238 213 MIDIAM.

275 282 367 319 dum
393 288 437 318 ut
462 293 502 318 se
524 279 627 331 apud
652 293 711 318 me
741 279 779 317 in
809 280 931 331 gratia
951 284 1124 329 poneret,
1137 290 1258 329 eaque
1278 277 1369 328 egit,
1390 283 1430 315 et
1445 283 1621 328 sumptus
1642 277 1731 315 fecit

276 343 314 381 in
329 343 418 388 hoc,
432 349 476 380 ut
495 355 574 379 una
592 354 679 379 cum
699 341 765 379 illo
785 354 845 379 me
863 353 1016 392 quoque
1038 353 1103 391 per
1119 340 1291 391 injuriam
1307 339 1462 390 ejiceret
1480 337 1659 385 civitate?

331 406 394 442 36.
424 404 545 442 Istum
564 403 679 454 igitur
704 404 821 441 talem
853 417 994 441 moreni
1026 411 1063 440 et
1094 402 1434 446 machinationem,
1456 400 1729 445 Athenienses,

276 473 319 506 ut
338 466 404 516 qui
423 466 494 503 sibi
506 465 628 503 factas
648 465 804 516 injurias
817 465 904 515 jure
924 465 1177 510 ulciscuntur,
1193 462 1365 514 pluribus
1381 463 1494 500 etiam
1517 461 1733 499 afficiantur

277 526 402 573 malis,
422 539 499 564 non
513 527 667 577 quidem
684 527 849 576 graviter
870 532 909 563 et
929 525 1058 576 iniquo
1082 524 1209 562 animo
1228 524 1325 562 ferre
1346 536 1418 569 me,
1434 536 1503 560 vos
1523 529 1652 560 autem
1672 534 1731 559 re-

275 589 402 640 liquos
421 589 617 640 negligere
632 587 767 625 decet:
797 587 953 625 minime
973 587 1147 638 profecto
1166 585 1204 623 id
1225 585 1543 624 committendum
1562 589 1640 626 estz
1662 578 1740 621 sed*

277 651 418 702 pariter
437 663 569 688 omnes
592 650 704 686 irasci
725 648 888 695 debetis,
904 649 999 686 illud
1026 655 1248 700 reputantes
1277 654 1316 685 et
1348 646 1654 691 considerantes,
1674 645 1732 681 in-

272 712 384 764 juriis
416 710 664 762 accipiendis,
692 709 959 756 Athenienses,
991 711 1152 748 maxime
1181 717 1421 761 opportunos
1449 721 1533 746 esse
1559 713 1732 744 nostrum

276 773 540 825 pauperrimos
569 785 745 822 quosque
771 778 810 809 et
841 771 1129 810 infirmissimos.
1186 771 1402 809 Inferendis
1437 778 1578 815 autem,
1605 769 1659 806 sic
1690 774 1733 805 ut

278 848 357 873 non
373 833 488 872 modo
508 834 720 872 facinorum
739 845 871 884 poenas
887 833 960 884 ipsi
980 847 1057 871 non
1076 834 1183 880 dent,
1204 834 1274 872 sed
1290 834 1404 871 etiam
1419 833 1568 883 aliquos
1586 844 1732 869 merce-

276 896 326 933 de
345 896 577 941 conducant,
597 894 663 946 qui
686 894 851 933 vicissim
884 895 1042 946 negotia
1068 895 1266 933 facessant
1283 894 1584 939 accusatoribus,
1605 895 1733 943 [para-

277 957 448 995 tissimos
473 963 512 995 et
542 956 855 1007 expeditissimos
875 956 979 1005 esse]
998 956 1175 994 homines
1195 955 1415 1007 petulantes
1436 961 1474 992 et
1490 955 1731 1005 pecuniosos.

279 1019 371 1057 Non
386 1019 502 1069 igitur
520 1018 664 1069 negligi
684 1019 777 1057 talia
794 1019 952 1064 debent,
967 1031 1093 1069 neque
1120 1030 1208 1055 eum
1234 1017 1298 1067 qui
1329 1023 1436 1054 metu
1456 1016 1514 1053 sui
1536 1022 1574 1053 et
1592 1022 1736 1053 terrore

278 1081 469 1131 prohibet,
494 1093 570 1131 quo
590 1080 715 1118 minus
736 1093 759 1118 a
779 1094 818 1118 se
838 1080 1076 1131 injuriarum,
1097 1093 1184 1131 quae
1205 1079 1317 1117 alicui
1333 1085 1503 1116 nostrum
1520 1078 1632 1115 factae
1652 1076 1736 1114 fue-

277 1142 365 1188 rint,
381 1155 506 1193 poenae
526 1149 770 1193 expetantur,
791 1141 896 1179 aliud
927 1141 1054 1179 facere
1085 1141 1325 1179 censendum
1346 1147 1421 1185 est,
1441 1153 1555 1190 quam
1576 1138 1737 1189 aequali-

275 1204 365 1242 tatis
381 1211 419 1242 et
437 1204 622 1242 libertatis
643 1204 867 1242 societatem
896 1204 1006 1241 nobis
1040 1210 1213 1254 ereptum
1234 1202 1300 1240 ire.
1359 1202 1461 1239 Nam
1488 1213 1562 1250 ego
1580 1200 1735 1250 quidem

278 1265 456 1303 fortassis
477 1272 592 1316 atque
612 1266 710 1304 alius
729 1265 919 1316 quispiam
939 1264 1080 1302 falsum
1102 1265 1242 1302 crimen
1273 1270 1388 1314 atque
1417 1263 1646 1300 calumniam
1676 1274 1737 1298 re-

277 1327 505 1378 pulerimus,
524 1341 601 1365 non
622 1327 749 1365 statim
772 1327 1010 1365 consternati
1029 1333 1067 1364 et
1086 1325 1228 1363 afflicti.
1286 1325 1365 1362 Vos
1393 1331 1520 1362 autem
1549 1324 1683 1373 reliqui
1715 1336 1735 1360 e

277 1389 423 1439 populo
452 1389 545 1439 quid
573 1389 734 1434 facietis,
764 1389 836 1426 nisi
865 1388 1083 1439 exemplum
1115 1387 1339 1433 statueritis,
1371 1399 1446 1436 quo
1474 1386 1740 1423 deterreantur

278 1462 413 1488 omnes
434 1464 457 1488 a
476 1450 617 1489 divitiis
637 1452 675 1488 in
695 1451 792 1488 tales
820 1451 964 1488 abusus
995 1447 1292 1487 convertendis?
1352 1447 1425 1485 Ubi
1444 1447 1630 1484 rationem
1651 1445 1738 1483 red-

279 1512 437 1559 dideris,
453 1513 717 1563 judiciumque
738 1511 912 1557 subieris,
931 1511 1068 1562 quibus
1088 1511 1136 1548 de
1154 1511 1268 1547 rebus
1286 1508 1490 1554 accusaris,
1510 1514 1591 1545 tum
1613 1506 1742 1545 vindi-

277 1576 444 1614 candum
464 1576 502 1614 in
522 1589 587 1614 eos
609 1576 673 1626 qui
693 1575 835 1612 falsum
865 1575 900 1611 in
935 1581 974 1612 te
998 1574 1142 1612 crimen
1167 1572 1344 1624 jecerint,
1366 1584 1410 1609 ac
1429 1578 1525 1616 tum,
1546 1571 1577 1608 si
1593 1570 1678 1622 quis
1698 1576 1737 1607 te

278 1637 485 1688 deliquisse
505 1637 655 1683 viderit,
676 1650 751 1674 non
771 1643 830 1674 est
857 1635 1051 1673 tollendus
1081 1648 1101 1672 e
1129 1635 1269 1679 medio,
1298 1646 1436 1684 neque,
1459 1633 1524 1670 ubi
1543 1632 1645 1670 falsa
1664 1631 1736 1671 cri-

277 1698 382 1736 mina
401 1698 601 1750 objeceris,
623 1698 843 1736 conandum
862 1704 906 1734 ut
923 1697 1003 1735 sine
1027 1696 1176 1748 judicio
1197 1695 1422 1740 absolvaris,
1442 1699 1507 1732 aut
1527 1706 1658 1745 poenas
1678 1694 1736 1731 in—

276 1761 355 1811 fligi
388 1761 456 1799 tibi
481 1774 584 1811 aegre
611 1760 828 1805 ferendum,
863 1759 933 1797 sed
965 1766 1053 1797 ante
1079 1758 1297 1796 cavendum
1331 1763 1404 1802 est,
1433 1769 1482 1794 ne
1519 1755 1737 1807 petulanter

279 1822 486 1873 quicquam
506 1821 737 1860 committas.

332 1886 395 1922 37.
426 1885 534 1926 Quas
564 1883 676 1934 igitur
709 1883 867 1933 injurias
901 1889 940 1920 et
969 1881 1235 1926 contumelias,
1256 1887 1336 1918 tum
1355 1893 1514 1931 corpore
1534 1892 1635 1924 meo,
1657 1886 1738 1916 turn

283 1947 322 1983 in
351 1946 534 1983 aedilitate
568 1958 790 1996 perpessus,
810 1945 950 1994 quibus
985 1950 1023 1980 et
1050 1956 1166 1993 quam
1199 1943 1311 1980 variis
1347 1941 1493 1979 insidiis
1531 1942 1739 1992 appetitus,

281 2007 420 2058 quibus
453 2007 562 2044 malis
595 2012 788 2052 oneratus,
817 2005 973 2043 tandem
1007 2005 1206 2049 evaserim,
1231 2004 1448 2048 audivistis,
1469 2003 1741 2048 Athenienses,

281 2081 503 2119 quanquam
537 2068 658 2105 multa
689 2066 867 2118 praeterii.
928 2066 1013 2104 Nec
1051 2066 1152 2103 enim
1181 2065 1362 2115 explicari
1410 2064 1521 2102 facile
1567 2064 1740 2102 fortassis

281 2131 409 2168 omnia
438 2136 594 2180 queant.
653 2129 715 2167 Sic
747 2137 875 2166 autem
915 2142 955 2166 se
988 2140 1049 2165 res
1084 2127 1227 2165 habet:
1258 2126 1405 2163 nullum
1438 2135 1498 2165 est
1524 2126 1738 2164 facinorum

282 2191 467 2237 omnium,
495 2191 602 2241 quod
641 2190 691 2228 ad
724 2203 786 2227 me
814 2190 934 2227 solum
965 2190 1140 2234 attineat,
1173 2201 1262 2225 nam
1294 2188 1333 2225 in
1362 2188 1407 2226 iis
1438 2201 1504 2238 per
1532 2201 1619 2238 quae
1647 2187 1739 2225 cho-

280 2267 345 2291 rus
363 2252 529 2307 violatus
545 2259 619 2299 est,
637 2253 758 2290 tribus
778 2259 925 2298 nostra,
956 2251 1106 2289 decima
1140 2256 1308 2288 vestrum
1338 2262 1438 2300 pars,
1460 2261 1539 2285 una
1570 2254 1632 2285 est
1658 2248 1740 2286 vio-

279 2315 388 2358 lata;
418 2314 561 2366 injuriis
581 2321 619 2352 et
636 2314 784 2351 insidiis
804 2313 897 2351 mihi
922 2312 1048 2359 factis,
1075 2312 1195 2362 leges,
1227 2323 1388 2361 quarum
1416 2309 1598 2360 praesidio
1619 2322 1738 2347 unus-

281 2377 447 2427 quisque
466 2383 634 2414 vestrum
655 2376 784 2414 salvus
807 2382 890 2417 est3
920 2382 1059 2426 praeter
1088 2374 1173 2411 haec
1203 2373 1330 2411 omnia
1348 2384 1437 2409 vcro
1458 2371 1555 2408 deus
1576 2371 1652 2415 ille,
1673 2384 1740 2410 cu-

276 2438 340 2489 jus
371 2452 444 2489 ego
474 2438 597 2475 aedilis
631 2451 747 2484 eram,
767 2444 807 2475 ct
834 2437 1042 2487 religionis,
1064 2447 1305 2486 quaecunque
1332 2433 1396 2470 illa
1426 2440 1483 2470 est
1501 2433 1683 2484 majestas
1702 2441 1740 2471 et

284 2500 480 2544 divinitas,
497 2513 574 2537 una
593 2500 687 2536 laesa
706 2506 777 2537 est.
836 2499 962 2536 Decet
980 2498 1096 2547 igitur
1117 2509 1183 2533 eos
1203 2495 1266 2545 qui
1286 2508 1354 2545 pro
1375 2495 1576 2532 atrocitate
1596 2495 1740 2533 facino-

284 2575 368 2600 rum
400 2562 448 2600 de
481 2562 554 2599 isto
586 2574 718 2612 poenas
753 2574 901 2599 sumere
927 2560 1074 2605 volunt,
1096 2571 1172 2595 non
1200 2557 1251 2594 ita
1282 2557 1397 2594 modo
1416 2556 1541 2602 irasci,
1562 2556 1672 2606 quasi
1692 2554 1741 2594 de

283 2638 345 2663 me
370 2631 519 2663 tantum
545 2631 695 2674 agatur,
717 2623 783 2661 sed
807 2623 916 2673 quasi
937 2621 1072 2659 eadem
1093 2633 1209 2670 opera
1238 2620 1356 2669 legeS,
1378 2619 1487 2664 dem,
1508 2617 1740 2669 respublica,

284 2687 395 2724 simul
417 2699 551 2724 omnes
572 2685 701 2723 violati
723 2685 811 2729 sint,
843 2685 896 2722 sic
929 2684 1081 2733 exigere
1113 2681 1369 2732 supplicium:
1401 2680 1510 2718 istius
1539 2693 1651 2732 porro
1671 2679 1740 2717 ad-

279 2748 429 2798 jutores
458 2756 497 2785 et
527 2747 737 2784 advocatos
765 2759 839 2782 non
868 2752 1048 2796 patronos
1080 2757 1165 2781 esse
1197 2750 1360 2788 tautum,
1380 2742 1448 2780 sed
1469 2742 1741 2792 approbatores

286 2810 400 2847 etiam
422 2809 632 2847 facinorum
654 2808 762 2845 istius
783 2805 1060 2844 existimabitis.
1119 2804 1234 2846 Quod
1264 2804 1308 2849 si,
1327 2803 1598 2847 Athenienses,
1619 2801 1739 2839 sobri-

286 2884 349 2908 um
366 2878 405 2909 et
424 2872 661 2909 moderatum
683 2882 776 2919 erga
804 2869 898 2907 alios
919 2867 1062 2904 Midias
1084 2880 1124 2904 se
1148 2866 1345 2917 gessisset,
1370 2878 1491 2916 neque
1512 2863 1742 2914 reliquorum

285 2933 421 2971 civium
437 2934 558 2971 ullum
591 2932 767 2978 laesisset,
785 2938 900 2982 atque
932 2931 968 2967 in
999 2943 1056 2967 me
1078 2929 1204 2967 solum
1224 2927 1323 2966 adeo
1343 2927 1521 2978 petulans
1538 2931 1576 2962 et
1595 2925 1741 2963 violen-
