1923 3149
585 177 809 215 CONTRA
839 178 1227 217 TlMOCRA‘rEM.
1564 181 1639 216 430

237 279 300 315 37.
331 280 458 320 (Quam
481 279 618 318 callide
639 286 765 318 autem
787 281 892 318 vobis
920 293 1058 318 nocere
1079 280 1302 325 decreverit,
1326 294 1451 331 operat
1479 282 1638 331 pretium

182 346 243 376 est
258 341 403 379 audire.
446 340 547 379 Nam
569 354 657 378 cum
677 342 825 379 videret
844 343 945 378 omni
968 350 1139 392 tempore
1160 351 1197 379 et
1217 355 1394 392 proceres
1417 353 1455 379 ct
1470 344 1642 392 plebeios

183 414 316 438 omnes
331 403 488 451 sentire,
505 403 612 452 leges
633 415 771 440 causas
788 416 874 439 esse
890 402 1054 453 publicae
1067 403 1274 447 felicitatis,
1293 416 1423 440 secum
1439 405 1644 453 meditatus

182 469 255 507 est,
289 475 367 512 qua
386 464 531 500 rati-one
552 463 652 508 illas,
676 464 1006 501 animadvertente
1035 464 1201 509 nemine,
1231 464 1470 508 destruerem
1499 465 1536 501 in
1567 480 1643 515 quo

183 522 352 561 facinore
373 526 405 561 si
437 524 802 576 deprehenderetur,
823 537 873 561 ne
904 531 1033 561 tamen
1060 524 1188 574 inique
1219 531 1286 562 aut
1305 525 1548 575 impudenter
1573 528 1641 564 ad-

182 584 330 622 misisse
348 586 553 635 quicquam
572 585 780 623 videretur.
812 585 856 622 Id
876 584 992 635 igitur
1010 585 1181 623 facturus
1202 585 1308 635 quod
1330 586 1433 629 fecit,
1455 589 1640 624 rationem

181 645 328 684 invenit
355 659 452 692 eam,
473 654 515 684 ut
534 647 622 697 lege
641 646 747 697 leges
767 652 967 691 everteret,
988 653 1032 686 ut
1060 647 1140 697 ejus
1172 647 1319 697 injuriae
1351 648 1525 685 beneficii
1555 663 1640 698 pcr—

182 707 302 758 nicies
318 707 452 745 salutis
467 720 607 744 nomen
626 707 944 758 adipiscerentur.
977 707 1079 745 Nam
1099 715 1140 745 et
1157 720 1243 757 quae
1259 708 1533 759 rempublicam
1551 723 1643 747 con-

182 774 350 812 servant,
373 767 607 817 suntleges:
638 774 678 806 et
692 782 807 819 quam
827 769 899 806 iste
919 769 1020 814 tulit,
1041 782 1127 806 cum
1149 768 1208 806 his
1230 769 1336 806 nulla
1355 783 1402 807 ex
1422 777 1529 818 parte
1545 785 1643 808 con-

178 828 428 875 sentientem,
448 829 523 866 lex.
573 830 750 867 Nominis
780 830 895 880 igitur
918 830 1210 876 humanitatem,
1237 844 1353 880 quam
1378 844 1448 869 vos
1477 833 1641 869 maxime

182 890 470 940 amplectimini,
492 892 709 942 perspexit:
738 892 917 942 idemque
945 892 1051 942 quod
1081 892 1117 928 in
1142 893 1380 942 experiundo
1413 895 1641 932 contrariam

181 951 259 988 vim
276 959 381 990 esset
400 952 587 998 habitura,
617 953 807 1004 despexit.
837 954 922 1003 Age
941 966 1046 998 vero,
1065 966 1132 1003 per
1161 954 1266 1000 deos,
1289 962 1397 992 estne
1422 955 1480 992 vel
1501 969 1644 1006 praeses

183 1012 335 1063 aliquis,
355 1014 414 1051 vel
436 1021 593 1052 senator
612 1016 677 1065 qui
697 1014 774 1052 tale
801 1014 891 1064 quid
913 1028 1082 1064 unquam
1104 1016 1336 1066 approbarit,
1358 1016 1487 1065 qualia
1506 1017 1541 1053 in
1573 1017 1645 1054 ista

183 1073 270 1124 lege
291 1075 562 1113 continentur?
592 1075 676 1125 Ego
705 1075 896 1113 neminem
915 1089 1002 1113 esse
1023 1084 1132 1127 puto.
1169 1076 1216 1113 Id
1238 1076 1352 1127 igitur
1370 1078 1563 1127 quomodo
1584 1088 1644 1116 est

184 1135 420 1174 suffuratus?
451 1138 538 1174 Suis
557 1137 767 1174 sceleribus
782 1137 879 1188 legis
894 1150 1032 1174 nomen
1050 1139 1242 1189 imposuit.
1273 1138 1356 1175 Nec
1371 1139 1471 1176 enim
1488 1141 1642 1185 stolide,

184 1205 253 1235 aut
271 1204 430 1243 temere,
463 1198 532 1235 sed
564 1199 680 1236 sobrii
700 1205 739 1236 et
767 1199 1022 1249 praemeditati
1041 1200 1239 1237 accedunt
1261 1200 1311 1237 ad
1331 1213 1399 1238 vos
1431 1201 1645 1246 laedendos,

181 1264 301 1308 atque
321 1258 396 1296 hoc
417 1259 543 1309 ipsum
564 1266 685 1310 agunt
708 1273 785 1297 non
815 1260 877 1298 isti
903 1261 1043 1303 solum,
1069 1261 1138 1298 sed
1158 1267 1196 1298 et
1213 1261 1322 1299 multi
1344 1262 1646 1312 magistratuum,

184 1320 249 1370 qui
269 1332 358 1357 mox
377 1321 454 1358 huc
474 1321 668 1371 progressi
696 1321 757 1359 isti
788 1322 1147 1372 patrocinabuntur,
1176 1335 1255 1360 non
1285 1324 1434 1360 medius
1463 1323 1576 1360 fidius
1605 1331 1649 1360 ut

185 1380 396 1419 Timocrati
422 1382 708 1432 gratificentur:
745 1395 813 1421 cur
841 1381 971 1420 enim?
1006 1383 1084 1420 Sed
1110 1384 1202 1433 quia
1226 1384 1491 1434 unusquisque
1519 1384 1644 1434 legem

183 1442 286 1481 hanc
305 1456 326 1481 e
345 1456 385 1481 re
405 1457 476 1481 sua
495 1457 581 1481 esse
601 1444 764 1494 putabit.
806 1444 1146 1487 Quemadmodum
1179 1445 1295 1495 igitur
1321 1445 1383 1482 isti
1412 1452 1566 1483 mutuas
1596 1446 1645 1483 ad

185 1517 253 1543 vos
286 1504 535 1555 decipiendos
556 1506 716 1542 tradunt
741 1518 891 1555 operaS,
923 1505 977 1543 sic
997 1513 1036 1543 et
1062 1519 1130 1543 vos
1152 1506 1201 1543 ad
1232 1506 1348 1543 vestri
1368 1506 1645 1544 'defensionem

184 1566 405 1616 conspirare
425 1566 587 1603 debetis.
635 1566 801 1603 Proinde
821 1566 974 1603 cuidam
996 1566 1262 1616 interroganti,
1281 1568 1531 1616 quamobrem
1556 1568 1649 1605 talia

184 1627 351 1665 seribere
370 1627 570 1671 voluisset,
597 1633 636 1664 et
665 1627 923 1678 periculosam
954 1627 1069 1678 hujus
1094 1627 1230 1678 judieii
1259 1628 1383 1665 aleam
1414 1628 1486 1666 sibi
1514 1629 1648 1676 videri,

180 1689 500 1726 commemoranti
533 1688 748 1739 respondit,
780 1688 942 1726 delirare
969 1701 1074 1735 eum,
1102 1689 1167 1739 qui
1196 1689 1263 1726 illa
1284 1689 1453 1727 diceret:
1485 1702 1526 1727 se
1544 1691 1647 1728 enim

185 1749 464 1787 Androtionem
479 1750 724 1788 defensorem
741 1749 974 1795 habiturum,
993 1757 1108 1800 atque
1123 1764 1191 1801 per
1207 1751 1325 1788 otium
1342 1751 1440 1788 tales
1455 1752 1649 1790 orationes

185 1811 379 1849 invenisse
400 1811 448 1849 de
470 1812 581 1849 rebus
601 1811 795 1862 omnibus,
814 1819 857 1848 ut
883 1811 976 1848 satis
997 1812 1126 1856 sciret,
1147 1812 1335 1850 actionem
1356 1812 1457 1850 hanc
1478 1813 1548 1851 sibi
1578 1814 1647 1851 mi-

185 1872 288 1909 nime
306 1872 434 1910 fraudi
450 1873 634 1910 futuram.
666 1873 804 1923 Itaque
824 1873 988 1909 mirabar
1014 1872 1293 1923 impudentiam
1313 1880 1394 1910 tum
1422 1873 1546 1920 istius,
1565 1881 1646 1911 tum

183 1933 319 1973 iniust,
340 1933 464 1980 istius,
492 1934 524 1971 si
556 1933 756 1972 advocarit
780 1946 883 1979 eum,
901 1933 1020 1979 illius,
1041 1933 1073 1970 si
1092 1941 1253 1972 vocatus
1273 1934 1494 1980 accesserit,
1515 1941 1555 1972 et
1578 1935 1648 1974 de-

184 1995 334 2034 fendet.
374 1994 476 2032 Nam
495 2007 547 2032 ex
573 2008 620 2033 eo
640 1995 769 2046 palam
787 1994 1002 2046 apparebit,
1028 1994 1155 2045 legem
1175 1995 1288 2033 istam
1307 1995 1346 2032 in
1367 1996 1449 2046 ejus
1478 2009 1649 2034 commo-

187 2056 281 2094 dum
296 2069 382 2094 esse
402 2055 536 2100 latam,
558 2069 636 2094 non
655 2063 813 2107 propter
834 2056 973 2093 civium
995 2055 1327 2094 communitatem.

244 2118 309 2155 38.
340 2116 570 2154 Praestiterit
599 2123 730 2154 tamen
750 2130 819 2154 vos
850 2117 899 2154 de
929 2116 1029 2153 illius
1053 2118 1146 2155 actis
1175 2118 1212 2154 in
1239 2117 1440 2168 republica
1469 2119 1648 2168 quaedam

187 2178 358 2224 audisse,
378 2186 417 2216 et
436 2191 485 2216 ex
505 2178 580 2215 illis
598 2190 645 2215 ea
658 2190 822 2228 quorum
838 2178 965 2216 socius
986 2178 1056 2216 iste
1077 2179 1171 2220 fuit:
1202 2185 1359 2229 propter
1374 2191 1462 2228 quae
1482 2179 1554 2217 iste
1569 2194 1647 2217 non

185 2241 334 2278 minore
351 2253 466 2292 quam
485 2239 550 2276 ille
569 2239 657 2277 odio
678 2239 819 2290 dignus
839 2247 909 2277 est.
958 2239 1097 2277 Dicam
1117 2246 1245 2276 autem
1259 2239 1380 2276 nihilo
1399 2239 1511 2290 plura
1530 2255 1646 2291 quam

187 2314 257 2340 vos
279 2301 496 2348 audivistis,
515 2301 586 2339 nisi
606 2301 705 2339 forte
724 2307 895 2339 vestrum
918 2300 1035 2351 aliqui
1049 2301 1206 2349 judiciis
1235 2301 1466 2339 Euctemoni
1496 2302 1649 2340 dictatis

188 2375 266 2401 non
290 2363 557 2400 interfuerunt.
599 2362 658 2400 Ac
687 2362 866 2413 primum,
886 2363 925 2400 id
955 2362 1060 2412 quod
1090 2362 1124 2399 ei
1150 2362 1336 2400 maximos
1363 2363 1511 2399 animos
1540 2364 1646 2408 facit,

189 2425 275 2475 ejus
294 2425 469 2475 pecuniae
489 2424 730 2463 exactionem
749 2424 1004 2470 excutiamus,
1018 2437 1096 2474 qua
1106 2437 1173 2462 vos
1187 2436 1320 2462 omnes
1340 2437 1430 2462 cum
1449 2424 1523 2463 isto
1543 2427 1646 2463 bono

188 2486 270 2524 viro
290 2485 495 2523 divexavit.
544 2486 644 2524 Nam
674 2493 858 2524 accusato
879 2486 1134 2531 Euctemone,
1161 2486 1270 2535 quasi
1298 2485 1330 2524 is
1359 2492 1488 2524 vestra
1505 2487 1649 2524 tributa

186 2547 395 2590 detineret,
424 2554 537 2597 atque
562 2547 770 2599 pollicitus,
792 2560 833 2585 se
861 2547 902 2584 id
930 2547 989 2584 vel
1021 2555 1282 2592 ostensurum,
1310 2547 1372 2585 vel
1401 2547 1450 2584 de
1480 2560 1549 2584 suo
1577 2548 1646 2584 de-

188 2610 413 2660 pensurum‚
453 2608 608 2646 decreto
640 2609 909 2659 magistratum
942 2608 1009 2658 qui
1047 2615 1149 2646 sorte
1186 2609 1397 2646 obvenerat
1432 2609 1646 2657 abrogavit,

189 2683 257 2722 per
276 2672 439 2719 eamque
459 2669 627 2718 speciem
649 2671 698 2708 ad
723 2671 965 2708 exactionem
993 2670 1174 2720 obrepsit,
1195 2670 1385 2719 istumque
1415 2669 1647 2719 designavit,

186 2730 361 2782 corporis
381 2729 639 2767 infirmitatem
672 2738 876 2769 causatus:
905 2737 960 2775 ut,
987 2731 1124 2781 inquit,
1153 2731 1194 2768 in
1225 2730 1558 2768 administratione
1587 2742 1648 2768 me

189 2793 353 2844 adjutet.
412 2790 565 2829 Habitis
597 2791 738 2829 deinde
766 2791 824 2829 his
855 2793 905 2830 de
934 2792 1049 2830 rebus
1083 2791 1351 2836 concionibus,
1381 2791 1493 2828 trium
1521 2804 1647 2829 rerum

190 2854 300 2892 vobis
316 2852 510 2903 optionem
529 2852 612 2890 dari
633 2851 743 2899 dixit,
763 2860 830 2891 aut
848 2853 948 2891 enim
975 2866 1086 2895 sacra
1105 2865 1197 2889 vasa
1223 2852 1432 2889 conflanda
1449 2865 1548 2898 esse,
1581 2860 1650 2890 aut

189 2915 322 2954 denuo
335 2914 483 2951 ⁴tributa
499 2913 724 2964 pendenda,
745 2922 811 2953 aut
842 2928 897 2953 aes
922 2914 1092 2953 alienum
1114 2913 1372 2964 exigendum
1403 2926 1492 2951 cum
1519 2920 1649 2952 autem
