1923 3149
309 165 385 203 112
814 167 1233 207 ARGUMENTUM.

307 267 442 302 factum
474 279 551 303 esse
577 269 662 304 dicit
691 280 754 314 per
782 272 956 316 quosdam
973 275 1142 314 oratores,
1158 283 1310 317 quorum
1327 274 1615 308 maledicentiam
1638 275 1748 319 pretio

308 333 534 365 compescere
553 325 677 358 noluit.

352 378 424 408 11·.
450 376 519 409 Per
536 378 636 420 plura
652 378 784 412 evincit
798 378 942 420 sejuste
958 383 993 413 et
1011 380 1167 424 legitime
1181 380 1363 424 possidere
1381 381 1638 426 Amphipolim.

354 431 426 463 12⁰,
451 430 645 465 Conciudit
661 432 895 475 significando
917 445 955 467 se
974 433 1189 477 injuriarum
1208 438 1383 477 auctores,
1402 436 1620 478 ulturun1‚et
1639 447 1753 481 quan-

302 484 380 516 tum
397 483 433 516 in
453 495 490 517 se
510 487 577 519 erit
591 496 693 519 suum
705 485 767 528 jus
785 492 1061 522 consecuturum
1081 489 1149 522 diis
1166 489 1317 522 testibus
1333 490 1518 523 invocatis.

349 537 492 625 Slizripia
518 544 572 573 cst
601 539 677 573 haec
695 539 849 583 epistola
865 541 977 585 primo
995 552 1089 576 auno
1105 542 1320 586 olympiadis
1335 553 1397 585 cx,
1415 543 1481 577 sub
1497 543 1749 589 Theophrasto

304 601 361 625 arc
390 595 485 626 onte.

602 905 683 947 ΤΟ
690 906 953 949 URELLII
988 907 1456 950 ARGUMENTUM

990 1041 1026 1060 IN

544 1138 1054 1189 EPISTOLAM
1112 1140 1530 1187 PHILIPPI.

352 1253 642 1290 SCRIPTAM
651 1255 768 1301 fuisse
793 1256 878 1290 hane
895 1255 1082 1302 epistolam,
1098 1255 1276 1289 Arc-honre
1294 1255 1539 1300 Theophrasto,
1564 1266 1654 1289 anno
1673 1263 1754 1302 post

307 1310 495 1343 orationem
511 1312 765 1354 piac-edentem,
782 1317 953 1344 testantur
970 1310 1147 1344 Diodorus
1171 1316 1202 1342 et
1229 1309 1418 1355 Dionysius
1443 1310 1529 1343 Hal.
1566 1310 1661 1352 Pax,
1678 1322 1754 1356 quoe

306 1363 400 1397 ‘inter
415 1364 618 1410 Philippum
634 1371 665 1398 et
681 1365 904 1399 Athenienses
921 1370 1132 1405 convenerat,
1154 1363 1215 1406 (ut
1220 1364 1270 1408 fit
1293 1364 1494 1409 plerumque
1497 1366 1518 1410 )
1543 1365 1651 1409 infida
1662 1365 1755 1410 fuit.

305 1418 502 1453 Hostilibus
527 1432 606 1453 sane
631 1420 848 1459 abstiterunt,
870 1419 1011 1453 invicem
1037 1426 1149 1452 tamen
1171 1419 1318 1464 suspecti
1331 1419 1508 1464 invisique.
1558 1420 1678 1465 Neque
1693 1419 1758 1454 mi·

302 1485 394 1514 rum,
413 1486 486 1506 cum
500 1486 647 1519 prorsus
663 1481 898 1519 repugnarent
914 1486 987 1519 quoe
1002 1475 1157 1519 utrisque
1181 1474 1354 1508 commoda
1380 1481 1440 1507 aut
1466 1475 1615 1519 expetita
1632 1482 1756 1516 essent,

307 1539 427 1561 causas
443 1528 574 1561 dissidii
588 1528 696 1562 indies
709 1529 813 1562 nasei.
861 1527 1102 1562 Demosthenis
1107 1528 1280 1572 facundia
1287 1527 1482 1573 patriaeque
1497 1528 1649 1562 studium
1665 1529 1756 1563 Plu·-

305 1581 394 1626 lippi
406 1582 593 1616 immodica>
605 1583 783 1617 ambitioni
798 1594 971 1628 nunquam
993 1594 1061 1615 non
1075 1582 1264 1617 obstabant.
1312 1582 1385 1616 Nec
1402 1593 1475 1627 pax
1499 1583 1592 1617 inter
1614 1594 1679 1624 eos,
1695 1595 1758 1617 nec

304 1636 453 1671 induciae
463 1637 739 1672 intercesserunt.
790 1638 862 1671 Hic
875 1637 1043 1683 speciosas
1053 1637 1244 1681 excoyitare
1254 1648 1386 1677 causas,
1400 1635 1520 1681 quibus
1530 1644 1670 1671 conatus
1681 1649 1758 1672 suos

305 1697 339 1725 et
343 1691 494 1735 foederis
508 1692 705 1726 violationes
721 1691 892 1737 obtegeret
901 1704 913 1730 ;
937 1690 996 1725 ille
1012 1698 1134 1725 contra
1146 1703 1223 1724 vera
1237 1691 1313 1737 ejus
1334 1691 1476 1725 consilia
1492 1691 1759 1728 Atheniensibus

302 1746 498 1791 patefacere
518 1747 700 1791 quaerebat,
717 1747 776 1792 qui
792 1747 876 1792 quid
896 1746 1083 1780 statuerint
1105 1752 1296 1790 agerentve,
1323 1745 1427 1779 totius
1450 1745 1594 1779 Graeeioe
1611 1745 1758 1780 maxime

307 1801 485 1834 intererat.
535 1801 686 1835 Insitum
704 1801 782 1835 huie
794 1800 916 1846 populo
940 1800 1114 1834 servitutis
1137 1800 1252 1833 odium
1276 1800 1358 1834 adeo
1383 1799 1579 1845 languentes
1601 1800 1756 1845 ipsorum

307 1855 436 1888 animos
451 1854 590 1888 subinde
606 1856 776 1896 excitavit,
794 1862 832 1888 ut
855 1855 1028 1900 majorum
1051 1855 1212 1888 virtutem
1235 1854 1373 1899 referre
1398 1855 1642 1899 quodammodo
1665 1855 1758 1890 vide-

307 1915 444 1943 rentur.
492 1908 680 1955 Superiore
695 1921 784 1943 anno
801 1908 1012 1943 Clitar-chum
1027 1909 1198 1954 ejecerant
1219 1914 1416 1953 tyrannum,
1448 1920 1545 1953 quem
1570 1908 1759 1954 Philippus

308 1963 463 1997 Eretria>
483 1963 711 2009 proefecerat;
735 1970 766 1997 et
791 1963 972 1997 Charetem
997 1975 1074 1996 eum
1096 1963 1209 1996 valida
1235 1962 1339 1996 classe
1366 1961 1554 1996 Thraciam
1577 1962 1758 2006 miserant,

306 2017 364 2051 ubi
377 2018 564 2063 Philippus
582 2018 790 2052 Perinthum
804 2017 1035 2063 oppugnabat.
1086 2018 1168 2051 Rex
1191 2017 1304 2062 igitur
1319 2017 1458 2057 veritus,
1475 2029 1517 2050 ne
1534 2016 1759 2053 Athenienses

308 2072 395 2105 hanc
407 2072 524 2106 urbem
540 2072 706 2106 obsidione
717 2071 914 2111 liberarent.
929 2072 1047 2105 literas
1061 2072 1180 2111 mittit,
1197 2071 1318 2117 quibus
1334 2070 1428 2105 ultro
1444 2083 1499 2105 eos
1511 2071 1608 2117 rupti
1609 2072 1760 2117 soederis

309 2126 496 2166 insimulat,
514 2138 615 2171 seque
626 2127 784 2172 religiose
790 2127 888 2173 pacis
903 2126 996 2172 leges
1011 2138 1158 2160 servasse
1164 2127 1278 2172 jactat
1292 2137 1302 2159 :
1326 2137 1416 2159 nunc
1430 2132 1576 2167 accusat,
1592 2137 1685 2160 nunc
1696 2127 1761 2161 mi·

308 2181 441 2215 nitatur
454 2193 465 2219 ‚·
483 2188 521 2215 ut
537 2180 587 2214 vel
598 2182 729 2225 pudore
743 2193 808 2221 eos,
825 2180 879 2214 vel
892 2188 983 2214 metu
1000 2181 1198 2214 deterreret.
1241 2180 1326 2225 Ipsa
1343 2179 1483 2225 epistola
1501 2180 1760 2225 videturperfi-

307 2243 398 2270 etum
417 2235 500 2280 quid
513 2241 545 2268 et
555 2234 753 2269 absolutum.
774 2235 870 2269 Inest
886 2235 918 2268 ei
933 2235 1055 2280 ubique
1071 2235 1221 2278 diyviitas
1233 2235 1386 2279 quendam
1402 2234 1536 2273 eximia,
1551 2234 1640 2267 mira
1652 2246 1760 2280 argu-

308 2297 496 2324 mentorum
514 2290 619 2333 fides,
627 2289 808 2333 factorum
825 2290 987 2335 expositio
1001 2291 1194 2335 perspicua,
1217 2288 1329 2322 ironia
1351 2288 1596 2329 venustissima,
1611 2288 1760 2324 brevitas

307 2343 374 2376 ista
384 2344 604 2387 imperatoria
615 2343 768 2387 (lenique,
782 2344 923 2389 regibus
933 2343 1230 2388 consentanea‚qui
1245 2349 1373 2376 norunt
1387 2350 1446 2376 aut
1460 2343 1527 2387 ipsi
1539 2342 1620 2376 bene
1632 2343 1759 2387 dicere,

310 2405 368 2432 aut
388 2409 515 2437 eorum,
532 2397 592 2441 qui
604 2404 742 2437 norunt,
767 2398 958 2431 ministerio
973 2399 1035 2432 uti.
1087 2398 1137 2431 Et
1151 2396 1318 2442 profecto,
1335 2397 1500 2442 siquidem
1523 2396 1593 2430 hoee
1616 2398 1759 2442 epistola

310 2452 515 2497 Philippum
529 2451 644 2485 habuit
657 2458 839 2493 auctorem,
857 2452 971 2498 (quod
985 2454 1123 2487 credere
1133 2464 1266 2497 oequum
1280 2458 1339 2491 est,
1357 2463 1431 2484 cum
1445 2451 1533 2484 nihil
1546 2453 1758 2487 marruvium

311 2511 460 2552 constet)
477 2507 598 2540 merito
615 2509 654 2541 (Ie
670 2508 740 2548 illo,
756 2510 848 2552 quod
861 2516 892 2542 et
917 2510 956 2543 de
970 2509 1117 2549 Casan-e,
1130 2509 1199 2542 dici
1210 2514 1341 2553 potest:
1368 2507 1566 2542 EODEM
1576 2508 1758 2544 ANIMO

311 2561 491 2604 DIXIT,
521 2561 624 2600 QL‘O
652 2562 832 2597 BELLA
842 2562 943 2597 VJT.
994 2564 1120 2605 Quint.
1139 2563 1229 2597 lust.
1249 2563 1350 2597 Orat.
1368 2563 1430 2597 lib.
1449 2566 1503 2598 lo.
1520 2574 1554 2598 c.
1572 2566 1605 2597 l.
