1923 3149
522 129 758 170 *CONTRA
791 130 1232 169 ARISTOCRATEM.
1530 133 1604 168 377

158 237 383 269 senatus
410 232 646 283 judicet:
679 234 717 270 in
737 232 822 277 hac,
857 231 1159 269 homicidam
1185 232 1400 278 nominans,
1420 244 1505 282 quoe
1526 233 1604 282 pati

153 298 343 340 oporteat,
364 291 470 329 dixit.
503 293 591 336 Quo
611 293 710 330 enim
731 292 768 329 in
789 292 875 329 loco
898 304 960 329 res
990 291 1131 328 crimen
1162 292 1287 329 adhuc
1309 299 1403 338 erat,
1417 293 1605 343 judicium

153 352 386 390 nominavit:
417 354 481 390 ubi
498 367 585 391 vero
606 354 810 390 damnatus
830 353 918 390 huic
939 352 1184 403 appellationi
1199 353 1279 402 jam
1300 354 1489 391 obnoxius
1509 360 1606 399 erat,

155 425 308 462 poenani
329 414 491 464 scripsit.
523 414 584 451 De
603 413 795 450 damnatis
816 414 931 463 igitur
951 412 1131 462 loquitur.
1174 412 1276 454 Quid
1297 426 1386 450 vero
1413 415 1606 463 loquitur?

156 473 322 511 licere
363 474 606 512 occidere
637 481 784 524 atque
818 473 1092 510 abducere.
1130 473 1316 523 Nunquid
1336 475 1383 511 ad
1404 488 1503 520 sese,
1524 483 1604 519 aut,

153 540 198 571 ut
216 535 327 572 alicui
344 535 491 572 libitum
507 534 646 572 fuerit?
674 535 826 571 minirnc
842 534 881 570 id
896 533 1064 583 quidem.
1102 534 1308 576 Quomodo
1328 535 1448 584 ergo?
1479 542 1528 572 ut
1555 537 1605 573 in

155 595 194 632 D
212 595 516 633 ecemvirali
551 596 745 639 tabula,
782 594 917 644 inquit,
945 595 1335 645 promulgatum
1368 602 1462 633 est.
1500 597 1606 635 Illud

153 668 244 693 vero
264 656 356 705 quid
383 655 470 693 est?
510 655 556 692 Id
578 655 680 705 quod
699 668 766 692 vos
787 668 922 692 omnes
951 655 1071 692 scitis.
1116 655 1260 693 Sexviri
1281 668 1348 693 eos
1368 657 1433 706 qui
1452 664 1607 707 propter

154 715 301 752 caedem
322 716 447 753 solum
467 722 676 761 verterunt,
690 716 754 766 jus
773 716 918 753 habent
936 724 1058 753 morte
1079 716 1312 754 mulctandi:
1343 730 1520 768 annoque
1540 731 1604 755 su-

151 775 298 824 periore
331 775 478 813 vidistis
498 789 629 813 omnes
650 790 670 814 e
689 777 877 814 concione
896 777 1088 826 quendam
1115 778 1162 814 ab
1191 777 1246 815 eis
1274 778 1497 816 abductum,
1542 779 1606 816 Ad

152 835 224 874 hos
252 836 366 887 igitur
384 837 712 888 abducerejubet.
760 837 847 874 Hoc
866 850 955 875 vero
975 837 1067 887 quid
1088 838 1135 875 ab
1155 838 1221 875 illo
1240 837 1378 883 differt,
1401 839 1432 876 si
1453 839 1538 888 quis
1555 840 1606 877 ad

151 909 195 933 se
217 896 372 934 domum
392 897 627 940 abduceret?
658 897 760 941 Quia
778 897 843 947 qui
864 897 1035 943 abducit,
1055 897 1327 944 Athenienses,
1348 899 1398 936 ad
1423 899 1605 944 sexviros,

152 957 282 1007 legum
298 958 479 1008 potestati
490 957 745 995 facinorosum
760 958 931 1007 subjicit:
953 958 1018 1008 qui
1032 958 1081 995 ad
1095 971 1135 996 se
1148 959 1267 1004 ducit,
1283 972 1377 997 suae.
1405 960 1476 997 Illo
1490 961 1606 998 modo

154 1030 292 1068 poenas
313 1018 402 1055 dare
422 1017 527 1064 licet,
547 1024 591 1055 ut
608 1018 673 1055 lex
694 1018 836 1055 sancit:
866 1018 954 1064 hoc,
976 1025 1017 1055 ut
1035 1017 1090 1055 illi
1111 1019 1174 1069 qui
1203 1019 1317 1069 cepit,
1344 1019 1464 1058 lubet.
1511 1021 1606 1058 Plu·-

152 1079 289 1116 rimum
306 1085 432 1116 autem
453 1079 627 1129 profecto
648 1079 820 1122 interest,
842 1086 970 1116 utrum
990 1079 1205 1129 irrogandae
1228 1080 1385 1118 mulctae
1398 1082 1463 1132 jus
1483 1096 1604 1133 penes

154 1139 279 1190 legem
301 1139 363 1184 sit,
385 1153 434 1177 an
453 1152 542 1177 vero
571 1139 609 1176 in
627 1146 818 1190 potestate
837 1139 992 1177 inimici.
1034 1139 1067 1176 E
1085 1152 1107 1175 x
1121 1152 1141 1176 c
1155 1153 1177 1177 a
1189 1140 1324 1179 rnific
1338 1154 1387 1179 ar
1401 1155 1436 1189 e,
1467 1143 1604 1194 inquit,

154 1215 179 1238 n
196 1201 354 1239 elice
371 1208 432 1246 at,
466 1214 633 1251 neque
662 1201 936 1251 pecuniam
970 1207 1296 1251 extorquere.
1357 1202 1448 1240 Non
1473 1217 1606 1243 excar-

153 1262 308 1300 nificare
324 1262 418 1311 quid
433 1262 495 1307 sit,
510 1262 687 1300 omnibus
703 1262 810 1300 vobis
822 1269 957 1300 notum
971 1275 1058 1300 esse
1072 1263 1153 1300 scio
1170 1275 1179 1299 t
1210 1276 1286 1301 non
1301 1264 1511 1314 flagellare,
1528 1280 1607 1305 non

154 1323 311 1368 vincire,
340 1323 433 1360 nihil
453 1323 618 1373 denique
648 1323 775 1361 facere
805 1326 886 1371 ejus
920 1323 1084 1374 generis.
1133 1323 1265 1361 Habet
1298 1324 1413 1363 etiarn
1445 1326 1606 1365 alterum

154 1384 252 1434 legis
272 1385 430 1422 verbum
449 1383 542 1421 nihil
568 1384 825 1422 obscuritatis.
873 1385 931 1422 Ac
963 1384 1025 1422 lex
1054 1384 1223 1435 quidem,
1251 1385 1446 1424 homicida
1472 1396 1510 1425 et
1524 1390 1608 1439 jam

153 1446 359 1483 damnatus
379 1445 573 1495 quomodo
587 1446 806 1495 puniendus
828 1445 888 1490 sit,
905 1452 944 1484 et
957 1446 1037 1492 ubi,
1057 1446 1147 1483 caesi
1162 1447 1284 1496 patria
1297 1448 1505 1495 nominata,
1531 1450 1607 1488 hoc

155 1506 271 1544 modo
290 1506 405 1551 cavit,
436 1512 476 1544 et
494 1518 571 1543 non
591 1506 666 1544 alio
686 1507 803 1544 modo
831 1519 949 1556 quam
975 1506 1065 1551 hoc,
1091 1519 1214 1557 neque
1235 1507 1323 1545 alibi
1349 1508 1464 1547 licere
1492 1523 1607 1560 quarn

153 1566 228 1611 hic,
250 1573 378 1617 aperte
399 1566 519 1604 dixit:
550 1573 590 1604 at
609 1567 933 1604 senatusconsulti
959 1573 1106 1612 auctor,
1127 1568 1292 1606 multum
1311 1576 1414 1607 certe
1433 1571 1545 1610 abest
1564 1579 1608 1610 ut

152 1627 361 1678 quicquam
377 1627 534 1678 caverit,
555 1639 673 1677 quum
686 1629 817 1664 omnia
836 1626 895 1664 his
915 1627 1107 1665 contraria
1125 1628 1277 1667 dixerit.
1310 1629 1470 1682 Scripsit
1488 1632 1604 1679 enim,

152 1689 191 1725 si
221 1689 330 1738 quis
361 1688 636 1726 occiderit
671 1687 1050 1734 Charidemum,
1076 1689 1269 1727 abduci
1296 1703 1407 1729 eum
1438 1692 1605 1732 licere

151 1762 177 1786 u
191 1750 251 1786 nd
265 1762 285 1786 e
297 1762 350 1787 cu
364 1762 388 1785 n
401 1761 461 1799 qu
473 1761 507 1786 e.
556 1748 659 1792 Quid
680 1749 734 1786 ais
750 1749 765 1786 2
796 1749 927 1791 Quum
946 1749 1053 1799 leges
1085 1762 1157 1787 nec
1177 1749 1381 1789 damnatos
1414 1753 1604 1792 abducere

151 1809 381 1855 sinant‚.nisi
402 1810 438 1846 in
458 1815 590 1847 nostro
611 1809 810 1856 territorio,
838 1815 880 1847 tu
901 1810 1049 1855 scribis,
1071 1809 1153 1848 sine
1166 1810 1312 1859 judicio
1331 1812 1471 1851 abduci
1491 1827 1606 1865 posse

153 1870 321 1920 aliquem
340 1882 388 1906 ex
403 1869 507 1907 omni
528 1869 671 1907 ditione
699 1870 890 1908 sociorum
906 1870 922 1908 ἲ
953 1870 1082 1914 Quum
1103 1884 1176 1909 nec
1195 1871 1234 1909 in
1253 1879 1388 1911 nostra
1407 1874 1512 1924 leges
1533 1875 1605 1913 du—

151 1945 237 1970 cere
248 1931 424 1981 jubeant,
445 1937 484 1968 tu
499 1930 685 1981 permittis
703 1931 962 1983 undecunque
982 1932 1155 1977 ducere?
1184 1932 1377 1972 Praeterea
1391 1934 1484 1973 dum
1499 1949 1606 1974 com-

153 1991 420 2043 prehendendi
434 1997 662 2041 potestatem
677 1991 761 2038 das,
776 1993 905 2031 omnia
920 2006 1008 2043 quae
1020 1993 1083 2030 lex
1097 1994 1234 2039 vetuit,
1248 1994 1402 2041 dedisti,
1418 1996 1606 2036 mulctare

153 2052 331 2103 pecunia,
355 2051 627 2089 excarnificare
658 2053 862 2098 viventem,
894 2053 1072 2104 affligere,
1105 2067 1227 2104 penes
1254 2068 1296 2093 se
1329 2056 1515 2102 detinere,
1546 2064 1606 2096 at-

154 2127 229 2165 que
244 2113 470 2150 interficere.
502 2112 553 2150 Et
567 2112 633 2162 qui
647 2113 859 2151 evidentius
873 2113 1015 2151 dixisse
1030 2114 1221 2152 contraria
1237 2115 1386 2165 legibus
1399 2117 1605 2167 quisquam

158 2174 422 2219 convincetur,
441 2180 507 2211 aut
525 2172 714 2223 iniquiora
731 2174 941 2225 scripsisse,
968 2187 1082 2226 quam
1109 2175 1159 2212 ad
1182 2174 1285 2213 hunc
1308 2177 1496 2214 modum?
1527 2179 1606 2221 Qui

153 2251 273 2289 quum
311 2237 389 2274 duo
421 2237 577 2274 nomina
613 2237 807 2288 proposita
842 2238 1015 2284 haberet,
1049 2244 1184 2276 contra
1221 2251 1305 2276 reos
1343 2240 1528 2286 criminis,
1561 2255 1578 2279 s
1594 2241 1606 2279 i

153 2299 272 2349 quis
320 2297 600 2342 occiderit,
640 2304 774 2336 contra
815 2299 1032 2344 damnatos,
1074 2298 1116 2335 si
1160 2312 1185 2349 q
1202 2298 1283 2336 uis
1327 2298 1605 2340 homicida

153 2360 242 2396 fue
257 2371 274 2395 r
288 2357 299 2394 i
315 2364 343 2404 t,
375 2358 411 2395 in
434 2358 704 2409 appellatione,
725 2361 806 2406 ejus
828 2358 893 2409 qui
919 2359 1086 2396 criminis
1107 2371 1195 2397 reus
1224 2365 1296 2404 est,
1324 2373 1465 2398 nomen
1492 2375 1604 2400 usur-

151 2421 267 2471 pasti,
285 2419 516 2470 supplicium
534 2432 638 2464 vero,
658 2419 762 2469 quod
791 2433 864 2457 nec
893 2419 932 2457 in
958 2420 1157 2458 convictos
1176 2420 1404 2471 permittunt
1422 2421 1544 2473 leges,
1564 2423 1604 2460 id

152 2488 194 2519 tu
214 2481 251 2517 in
272 2492 339 2518 eos
358 2480 408 2518 de
417 2474 564 2530 ¹quibus
583 2481 756 2518 nondum
770 2480 959 2531 judicium
980 2481 1127 2519 factum
1146 2489 1220 2527 est,
1239 2482 1419 2529 statuisti,
1436 2496 1483 2521 eo
1498 2484 1604 2533 quod

152 2548 214 2579 est
230 2541 367 2578 horum
393 2540 562 2578 medium
586 2541 802 2592 repudiat&
851 2542 1094 2593 Interjectum
1115 2542 1219 2580 enim
1250 2549 1310 2581 est
1328 2543 1427 2581 inter
1459 2544 1603 2582 crimen

150 2601 402 2653 ejusdemque
419 2602 696 2651 probationem,
717 2603 930 2654 judicium:
961 2603 1000 2642 id
1019 2603 1124 2654 quod
1144 2616 1334 2655 nusquam
1353 2605 1426 2643 iste
1450 2604 1603 2656 scripsit

153 2663 192 2701 in
212 2662 563 2701 senatusconsulto.

208 2724 247 2761 8.
276 2722 413 2761 Recita
431 2729 635 2773 sequentes
654 2724 774 2775 leges.
