1923 3149
702 173 757 210 m
790 171 1063 210 APHOBUM
1099 172 1147 210 ΙΙ.
1569 175 1643 210 487

743 386 1099 428 TESTIMONIA.

189 486 345 534 Dotem,
363 500 477 538 quam
498 499 584 524 eum
607 493 830 524 contutores
851 485 1049 535 accepisse
1069 488 1274 527 testantur,
1296 489 1334 519 et
1354 482 1416 520 alii
1434 483 1537 534 apud
1550 496 1647 533 quos

185 549 326 586 habere
347 562 388 586 se
408 549 608 586 confessus
637 554 709 593 est,
740 559 824 584 eam
856 559 926 584 nec
960 545 1082 596 ipsam
1110 556 1186 582 nec
1219 543 1439 582 alimoniam
1467 543 1647 582 reddidit.

187 610 296 661 Cape
316 615 457 648 caetera
477 617 516 647 et
537 609 635 659 lege.

739 751 1095 791 TESTIMONIA.

185 850 351 889 Officina
376 849 573 888 biennium
594 848 873 892 administrata,
901 847 1145 900 Therippidae
1173 845 1343 885 reddidit
1361 845 1525 897 pretium
1545 844 1649 883 loca-

184 913 314 958 tionis,
333 912 426 950 mihi
447 924 549 957 vem,
569 923 658 948 cum
678 910 870 961 acceperit
892 909 1054 948 duorum
1076 921 1265 948 annorum
1300 908 1463 946 reditum
1494 906 1650 958 triginta

185 973 322 1020 minas,
342 986 467 1023 neque
483 971 553 1010 has
573 984 700 1023 neque
721 984 876 1010 usuram
896 971 1074 1009 reddidit.
1132 971 1242 1022 Cape
1262 969 1368 1008 aliud
1383 976 1423 1008 et
1435 968 1536 1020 lege.

711 1117 1120 1157 TESTIMONIUM.

187 1214 233 1251 In
252 1214 336 1252 haec
357 1213 548 1265 mancipia
567 1227 654 1264 quae
672 1214 745 1250 iste
767 1213 816 1250 ad
843 1226 884 1250 se
918 1214 1061 1265 recepit
1089 1221 1129 1252 et
1159 1214 1309 1265 reliqua
1336 1227 1424 1264 quae
1445 1214 1554 1252 nobis
1576 1226 1651 1251 una

185 1289 274 1314 cum
295 1275 354 1313 his
375 1275 629 1326 oppignorata
648 1274 818 1319 fuerunt,
833 1281 983 1312 tantum
1004 1288 1217 1326 expensum
1237 1276 1341 1321 tulit,
1365 1275 1454 1313 inde
1476 1288 1564 1313 vero
1585 1288 1651 1313 ac-

187 1344 344 1388 ceptum
359 1336 451 1374 nihil
471 1336 626 1374 omnino
645 1336 793 1373 retulit:
815 1336 908 1386 quin
923 1337 1028 1388 ipsos
1049 1337 1165 1376 etiam
1179 1338 1352 1376 homines
1373 1337 1572 1384 subduxit,
1586 1338 1651 1387 qui

187 1397 391 1436 duodecim
409 1397 532 1436 minas
550 1398 739 1436 immunes
759 1398 968 1447 quotannis
990 1398 1211 1438 afferebant.
1270 1399 1346 1437 Dic
1360 1399 1478 1437 aliud.

713 1541 1120 1580 TESTIMONIUM.

188 1636 276 1673 Hoc
294 1636 389 1674 ebur
408 1641 447 1673 et
467 1636 608 1673 ferrum
628 1648 715 1673 cum
737 1636 966 1683 vendiderit,
988 1649 1036 1674 ne
1057 1637 1231 1676 relictum
1247 1637 1402 1689 quidem
1424 1651 1508 1676 esse
1530 1637 1651 1682 dixit;

187 1697 254 1735 sed
275 1703 314 1735 et
331 1697 469 1734 horum
486 1697 609 1747 pretio
631 1710 690 1734 me
711 1696 931 1742 defraudat,
951 1697 1098 1736 talento
1112 1699 1278 1738 circiter.
1336 1699 1474 1738 Recita
1488 1699 1586 1737 haec.

739 1842 1094 1880 TESTIMONIA.

189 1937 286 1975 Haec
306 1938 377 1976 tria
395 1938 544 1976 talenta
558 1944 597 1976 et
611 1937 714 1975 mille
734 1937 939 1976 drachmas
960 1944 1097 1988 praeter
1111 1944 1252 1974 caetera
1270 1943 1387 1982 tenet,
1408 1937 1521 1974 sortis
1542 1936 1652 1987 quin-

187 2012 263 2051 que
283 1999 442 2046 talenta,
459 2013 546 2050 quae
566 2001 638 2038 iste
658 1999 834 2050 accepit;
861 2012 938 2037 una
957 2012 1047 2037 vero
1067 2012 1155 2037 cum
1172 1998 1311 2044 usuris,
1340 1999 1370 2036 si
1392 1998 1478 2049 quis
1496 1998 1544 2036 ad
1566 1998 1652 2036 dra·
1674 2019 1678 2023 -

187 2060 339 2099 chmam
354 2068 506 2098 tantum
517 2067 729 2111 computet,
748 2061 912 2111 amplius
934 2061 1070 2098 decem
1090 2060 1239 2098 talenta
1257 2060 1387 2098 habet.
1401 2060 1477 2098 Dic
1497 2060 1652 2111 reliqua.

747 2204 1098 2242 TESTIMONIA.

188 2301 288 2339 Haec
307 2301 368 2339 isti
388 2301 599 2353 perscripta
623 2315 710 2340 esse
732 2303 770 2339 in
791 2301 1011 2339 testamenti
1032 2300 1188 2347 tabulis,
1209 2313 1326 2352 seque
1346 2302 1554 2353 accepisse,
1593 2310 1650 2341 te-

189 2364 378 2402 stimoniis
398 2364 436 2402 in
458 2377 500 2402 se
519 2371 653 2402 mutuo
672 2364 785 2402 dictis
807 2364 986 2414 probant.
1027 2363 1079 2400 At
1097 2363 1168 2402 iste
1189 2376 1230 2402 se
1250 2364 1479 2402 accersitum
1501 2377 1523 2402 a
1543 2371 1650 2416 patre

188 2437 273 2463 esse
293 2425 358 2470 ait,
373 2432 412 2463 et
431 2426 646 2476 ingressum
665 2426 704 2463 in
723 2425 842 2471 aedes,
863 2438 942 2463 non
962 2426 1174 2463 accessisse
1190 2426 1240 2463 ad
1260 2439 1348 2464 eum
1364 2438 1386 2463 a
1403 2439 1478 2476 quo
1492 2434 1650 2465 vocatus

189 2492 306 2532 esset,
328 2499 452 2536 neque
473 2487 607 2526 horum
629 2487 834 2538 quiequam
854 2485 1036 2524 habuisse
1057 2492 1207 2524 ratum:
1246 2487 1317 2525 sed
1347 2488 1541 2526 audivisse
1572 2489 1650 2526 De-

188 2547 438 2598 mophontem
456 2548 684 2587 recitantem
712 2549 879 2594 tabulas,
908 2555 946 2586 et
974 2547 1249 2599 Therippidem
1275 2548 1541 2595 affirmantem,
1561 2563 1648 2588 eum

188 2608 241 2646 ita
258 2608 341 2646 fieri
357 2609 578 2656 mandasse,
598 2623 687 2648 cum
707 2610 812 2662 prius
833 2609 1021 2648 introierit
1041 2609 1123 2660 ipse
1144 2616 1184 2648 et
1202 2610 1300 2662 patri
1320 2623 1361 2648 se
1379 2610 1570 2649 facturum
1590 2624 1648 2649 re-

189 2670 336 2721 ceperit
355 2670 498 2717 omnia,
516 2685 605 2722 quae
626 2673 854 2723 consignata
873 2671 993 2709 literis
1012 2671 1086 2710 illis
1107 2672 1172 2710 ille
1186 2672 1419 2722 reliquisset.

243 2734 282 2769 4.
304 2732 420 2770 Pater
435 2732 551 2779 enim,
572 2733 749 2780 Judiees,
762 2734 1058 2784 ingravescente
1072 2735 1207 2772 morbo
1223 2746 1310 2772 cum
1330 2733 1652 2772 animadverteret

190 2806 232 2832 se
263 2806 343 2831 non
368 2806 586 2838 evasurum,
615 2797 840 2834 convocatis
872 2796 995 2834 tribus
1027 2796 1111 2835 istis
1131 2802 1170 2834 et
1188 2795 1305 2832 fratre
1327 2795 1503 2833 Demone
1537 2809 1651 2835 accu-

188 2855 281 2893 bare
293 2855 419 2906 jusso,
432 2868 593 2906 corpora
607 2863 740 2895 nostra
758 2857 798 2895 in
810 2870 946 2897 manus
959 2858 1036 2897 illis
1050 2857 1170 2905 dedit,
1186 2856 1406 2908 depositum
1425 2858 1648 2901 nominans;

188 2923 229 2954 et
253 2928 426 2956 sororem
453 2917 715 2969 Demophonti
734 2925 773 2956 et
800 2918 877 2958 duo
904 2920 1050 2959 talenta
1070 2919 1169 2957 dotis
1189 2920 1340 2957 nomine
1359 2919 1489 2957 statim
1509 2918 1672 2971 legavit'
