1923 3149
279 214 354 249 4:32
677 214 897 252 CONTRA
928 215 1316 255 TlMOCRATEM.

281 313 496 363 puniendus
515 315 558 360 is,
580 316 642 366 qui
665 317 745 354 laesi
765 317 894 368 populi
916 317 1058 354 nullam
1078 316 1261 354 rationem
1282 316 1426 363 habuit,
1447 318 1514 355 sed
1538 318 1641 369 leges
1656 331 1722 369 pro

279 375 322 412 iis
343 375 441 420 tulit,
472 377 536 425 qui
556 383 595 414 et
613 376 702 414 olim
724 378 909 422 fecerunt,
932 385 970 415 et
989 376 1151 428 posthac
1171 377 1307 415 facturi
1326 384 1416 415 sunt
1435 378 1618 428 injurias?

333 439 397 473 29.
429 435 604 485 Demiror
623 445 763 483 autem,
778 439 946 487 Judices‚
964 442 1045 486 ejus
1065 438 1440 489 impudentiam‚,qui
1461 452 1549 476 cum
1572 439 1724 476 Andro-

278 497 390 534 tionis
414 497 450 533 in
465 498 691 547 magistratu
711 499 866 549 collega
881 507 995 544 esset,
1013 499 1147 537 eadem
1169 500 1241 537 hac
1253 500 1454 537 clementia
1474 513 1550 536 non
1567 500 1616 537 sit
1633 513 1724 536 usus

278 570 370 607 erga
395 565 599 595 vestratem
621 559 821 610 populum,
851 560 913 610 qui
927 560 1008 610 jam
1029 560 1081 597 ita
1102 559 1316 597 exhaustus
1338 567 1420 597 erat
1445 560 1724 603 exactionibus,

278 626 321 655 ut
335 618 446 669 plura
466 619 636 669 pendere
658 633 733 657 non
749 628 904 670 posset:
934 628 1140 671 postquam
1155 633 1244 658 vero
1262 621 1539 658 Androtionem
1558 620 1727 671 oportuit

278 692 323 717 ea
343 680 557 724 restituere,
580 680 720 729 quibus
735 680 817 730 jam
845 681 934 718 olim
954 681 1229 732 rempublicam
1258 681 1510 731 depeculatus
1531 682 1667 727 fuerat,
1687 689 1726 718 et

279 753 402 783 sacra,
421 748 459 777 et
478 740 639 790 profana
658 741 825 791 pecunia
845 749 1033 792 surrepta,
1053 750 1134 779 tum
1151 755 1240 779 vero
1260 742 1415 779 demum
1436 743 1565 780 tulisse
1586 742 1724 792 legem,

278 809 322 838 ut
341 801 487 838 mulcta
505 801 611 852 dupli
635 802 812 852 publicae,
847 803 1001 853 decupli
1021 816 1142 840 sacrae
1167 804 1342 854 pecuniae
1371 817 1438 841 vos
1464 804 1725 842 defraudaret.

277 862 353 904 Qui
376 875 463 898 cum
486 869 651 900 vestram
671 863 956 900 multitudinem
973 863 1027 901 sic
1047 864 1234 913 tractarit,
1249 877 1336 901 mox
1351 865 1458 902 haud
1475 865 1590 903 dubie
1610 865 1725 910 dicet,

279 935 319 959 se
339 922 463 972 legem
481 922 589 960 istam
604 924 736 974 populi
756 924 877 973 gratia
891 923 1039 961 tulisse.
1089 924 1187 960 Mihi
1205 924 1361 974 quidem
1381 926 1516 975 quovis
1538 925 1726 975 supplicio

277 982 417 1032 dignus
434 982 592 1028 videtur,
607 984 826 1033 quicunque
847 990 1023 1034 oportere
1043 990 1166 1035 putat,
1182 984 1259 1021 sive
1281 985 1366 1035 quis
1379 985 1516 1030 aedilis,
1534 985 1613 1022 sive
1627 998 1725 1035 prae—

277 1044 401 1081 fectus
418 1044 537 1089 urbis,
558 1045 635 1081 sive
650 1045 773 1096 judex
793 1045 945 1096 legibus
974 1052 1139 1090 creatus,
1160 1046 1360 1096 peculatus
1381 1046 1418 1083 in
1438 1046 1646 1084 referendis
1666 1059 1727 1084 ra-

277 1105 444 1142 tionibus
474 1105 522 1142 sit
548 1106 759 1152 convictus,
788 1107 903 1143 homo
929 1118 1074 1156 pauper
1094 1113 1133 1144 et
1156 1107 1275 1153 rudis,
1305 1114 1345 1145 et
1369 1107 1574 1144 multarum
1600 1120 1727 1145 rerum

277 1166 491 1216 imperitus,
512 1167 721 1217 sortitoque
741 1168 969 1218 magistratu
983 1167 1152 1213 functus,
1168 1181 1256 1205 eum
1270 1167 1423 1218 decupli
1438 1168 1622 1214 damnari,
1638 1181 1727 1206 cum

278 1240 393 1265 nemo
412 1227 529 1265 ullam
548 1227 674 1278 legem
695 1228 794 1266 ferat
812 1241 898 1279 quae
926 1229 1065 1266 talibus
1085 1229 1319 1279 opituletur:
1347 1230 1378 1266 si
1403 1229 1467 1280 qui
1492 1242 1580 1268 vero
1611 1229 1728 1280 legati

279 1289 420 1327 delecti
441 1303 463 1327 a
482 1289 638 1340 populo,
658 1289 831 1327 homines
853 1290 1010 1340 copiosi,
1029 1303 1209 1341 magnam
1232 1290 1433 1341 pecuniam
1452 1291 1725 1341 surripuerunt,

280 1350 393 1387 aliam
415 1363 575 1396 sacram,
606 1350 719 1387 aliam
751 1351 958 1401 publicam,
980 1364 1141 1401 eamque
1164 1351 1280 1401 longo
1311 1359 1481 1402 tempore
1507 1357 1727 1398 tenuerunt,

280 1411 339 1448 his
372 1411 525 1448 demum
555 1411 729 1461 expediri
758 1411 925 1449 remedia
953 1425 1103 1450 summo
1133 1412 1292 1450 artificio
1324 1413 1569 1459 concinnata,
1599 1420 1640 1449 ut
1679 1425 1727 1449 ne

280 1472 373 1522 quid
394 1472 573 1516 subeant,
594 1472 696 1522 quod
717 1478 776 1509 est
789 1472 850 1509 vel
868 1472 1033 1522 legibuS,
1052 1473 1113 1511 vel
1133 1473 1296 1511 decretis
1316 1473 1577 1511 constitutum.
1608 1473 1727 1522 Atqui

282 1533 387 1577 Solo,
409 1533 469 1570 cui
489 1546 558 1570 nec
583 1533 666 1583 ipse
685 1533 921 1571 Timocrates
943 1546 985 1571 se
1004 1526 1244 1572 ferendarum
1266 1534 1397 1584 legum
1417 1534 1579 1571 scientia
1598 1533 1728 1571 confe-

280 1587 441 1632 rendum
461 1607 547 1631 esse
567 1600 740 1643 censeat,
759 1607 948 1644 nusquam
967 1594 1005 1632 id
1028 1595 1120 1645 egit,
1137 1602 1182 1633 ut
1197 1598 1278 1644 ejus
1295 1595 1444 1646 generis
1464 1595 1640 1632 homines
1659 1594 1729 1631 im-

280 1668 382 1705 pune
402 1662 439 1691 et
458 1667 590 1692 secure
613 1655 778 1704 grassari
797 1662 971 1706 possent,
994 1656 1065 1694 sed
1084 1656 1122 1693 in
1140 1656 1217 1694 hoc
1244 1655 1370 1707 potius
1389 1656 1558 1694 intentus
1578 1648 1662 1702 fuit,
1688 1662 1729 1692 ut

282 1723 349 1753 aut
366 1728 443 1753 non
463 1715 742 1766 delinquerent,
762 1722 829 1755 aut
848 1716 1076 1756 delictorum
1093 1730 1227 1769 poenas
1242 1717 1394 1765 darent,
1407 1717 1608 1768 legemque
1626 1717 1727 1756 tulit.

280 1776 417 1814 Recita
433 1775 570 1827 legem.

949 1925 1065 1963 LEX.

327 2024 360 2054 Si
376 2023 444 2063 quis
461 2022 594 2054 interdiu
613 2034 704 2063 supra
719 2024 935 2064 quinquaginta
957 2027 1114 2056 drachmas
1131 2026 1244 2056 furatus
1260 2026 1362 2061 suerit,
1387 2025 1497 2055 abduci
1514 2024 1605 2055 liceat
1621 2025 1658 2056 ad
1676 2035 1729 2055 un-

281 2075 486 2104 decimviros:
511 2075 535 2104 si
551 2075 619 2114 quis
635 2085 708 2105 vero
724 2080 815 2105 noctu
832 2076 989 2115 quippiam
1006 2075 1197 2115 surripuerit,
1214 2086 1282 2105 eum
1301 2080 1332 2105 et
1346 2075 1500 2111 occidere,
1516 2081 1547 2105 et
1569 2076 1646 2105 inter
1660 2082 1747 2114 per-‘

282 2126 471 2164 sequendum
490 2126 658 2161 vulnerare,
674 2131 705 2155 et
721 2126 757 2155 ad
774 2126 1010 2161 undecimviros,
1027 2127 1053 2156 si
1068 2127 1116 2156 cui
1134 2127 1232 2162 lubet,
1248 2127 1399 2156 abducere
1413 2127 1457 2155 sas
1479 2131 1558 2156 esto.
1579 2126 1729 2156 Convicio

283 2181 383 2205 autem
396 2185 500 2205 eorum
516 2176 681 2205 facinorum
694 2182 820 2215 propter
833 2185 902 2215 quae
914 2177 943 2205 in
961 2177 1084 2207 vincula
1097 2176 1169 2207 licet
1185 2177 1296 2217 abripi,
1313 2187 1371 2206 non
1384 2177 1485 2212 liceat,
1496 2176 1575 2206 datis
1590 2176 1732 2210 vadibus,

284 2226 458 2255 satisfacere
475 2236 529 2265 pro
546 2226 653 2255 furtis:
679 2227 732 2255 sed
756 2237 836 2256 mors
851 2238 939 2266 poena
955 2233 1030 2258 esto.
1054 2228 1100 2258 Ae
1123 2228 1148 2257 si
1165 2228 1233 2267 quis
1255 2239 1272 2257 e
1288 2218 1404 2267 Lyceo,
1426 2232 1477 2257 aut
1493 2238 1531 2257 ex
1554 2227 1732 2263 Academia,

283 2281 335 2305 aut
353 2277 541 2315 Cynosarge,
557 2281 685 2311 vestem,
701 2281 753 2306 aut
768 2277 971 2315 lagunculam,
992 2283 1043 2308 aut
1066 2279 1226 2318 quicquam
1243 2278 1326 2308 aliud
1348 2278 1464 2308 minimi
1480 2278 1585 2316 pretii,
1599 2282 1653 2306 aut
1675 2277 1729 2306 ali-

283 2327 366 2364 quod
383 2326 540 2356 vasculum
556 2336 572 2355 e
589 2327 762 2365 gymnasiis,
783 2335 834 2356 ant
849 2329 1010 2366 portubus,
1024 2330 1217 2368 surripuerit,
1228 2339 1318 2369 supra
1332 2329 1438 2358 decem
1455 2329 1624 2362 drachmas,
1640 2327 1730 2357 etiam

283 2376 332 2405 his
346 2381 443 2405 morte
459 2386 564 2415 poenas
580 2386 647 2405 esse
665 2377 791 2406 luendas
805 2378 976 2408 constituit.
998 2380 1030 2408 Si
1047 2380 1115 2418 quis
1129 2390 1203 2409 vero
1217 2379 1337 2419 privato
1349 2378 1469 2417 judicio
1485 2378 1555 2407 furti
1571 2378 1730 2408 convictus

284 2427 388 2462 fuerit,
404 2427 432 2456 ei
448 2427 541 2456 licere
558 2428 686 2466 duplum
702 2428 822 2458 solvere
838 2429 995 2459 aestimatae
1018 2429 1098 2460 litis:
1124 2440 1218 2470 penes
1235 2440 1309 2460 vero
1326 2429 1448 2467 judices
1465 2438 1531 2457 esse
1547 2429 1642 2458 furem
1656 2439 1734 2468 prae-

283 2481 329 2506 ter
345 2482 512 2516 argeutum,
535 2478 573 2507 ad
603 2478 736 2517 quinque
758 2478 876 2509 dierum
905 2480 1093 2519 totidemque
1113 2481 1245 2511 noctium
1262 2479 1384 2510 vincula
1397 2479 1550 2515 damnare,
1571 2483 1604 2509 ut
1628 2489 1732 2509 omnes

283 2537 351 2556 eum
369 2527 501 2556 vinctum
516 2537 584 2557 esse
597 2528 732 2558 videant.
1653 2523 1656 2526 Δ

286 2610 414 2648 Etiam
439 2610 508 2647 has
529 2610 632 2660 leges
661 2613 778 2662 paulo
804 2614 909 2664 prius
929 2614 1142 2652 audivistis.
1193 2613 1354 2652 Censuit
1373 2615 1474 2652 enim
1498 2611 1731 2664 flagitiosum

282 2671 490 2717 hominem,
510 2684 586 2709 non
606 2678 753 2710 tantum
776 2674 916 2724 rapinis
936 2674 1134 2720 restitutis,
1159 2687 1242 2712 esse
1261 2673 1623 2725 liberatum‚—quia
1652 2685 1732 2711 ma-

286 2745 404 2782 gnum
421 2731 546 2769 furum
564 2730 793 2783 proventum
809 2747 855 2772 eo
869 2735 1022 2784 quidem
1041 2741 1156 2786 pacto
1170 2735 1249 2773 sore
1266 2736 1427 2781 censuit,
1444 2736 1475 2774 si
1495 2734 1619 2773 celato
1629 2733 1731 2770 furto

284 2792 515 2836 fruerentur,
554 2792 796 2844 deprehenso
833 2795 1059 2833 tantundem
1089 2795 1279 2834 duntaxat
1312 2797 1516 2843 solverent,
1546 2800 1733 2844 quantum

288 2853 598 2900 sustulissent—,
619 2854 686 2892 sed
707 2868 793 2892 cum
814 2855 974 2906 duplum
1002 2864 1176 2908 oportere
1204 2858 1366 2904 solvere,
1395 2863 1478 2895 tum
1504 2855 1542 2892 in
1571 2853 1733 2891 vinculis

287 2912 472 2960 habitum,
493 2927 609 2965 supra
627 2915 810 2955 mulctam
839 2916 952 2964 hanc,
978 2918 1082 2968 quod
1103 2919 1190 2958 vitae
1211 2919 1398 2970 reliquum
1426 2917 1552 2963 fuerit,
1582 2914 1732 2965 exigere
