1923 3149
709 189 767 226 IN
807 187 1081 227 APHOBUM
1118 186 1144 224 l.
1574 189 1650 226 475

195 299 276 325 rum
299 289 426 327 fabros
448 290 602 339 triginta
622 298 660 328 et
680 291 756 328 duo
786 290 845 328 vel
872 299 964 335 tres,
990 302 1152 340 quorum
1173 302 1262 340 pars
1289 289 1412 339 quinis
1441 296 1508 327 aut
1537 290 1651 328 etiam

195 350 310 395 senis,
328 350 463 399 reliqui
481 363 560 387 non
580 351 735 388 minoris
755 358 860 389 certe
880 363 995 401 quarn
1026 351 1144 387 ternis
1174 350 1316 400 singuli
1336 350 1444 386 minis
1469 351 1651 388 aestimari

194 416 386 459 poterant,
415 412 462 447 ab
482 410 540 448 his
568 411 731 448 reditum
761 424 930 448 annuum
953 409 1168 460 accipiebat
1185 422 1277 446 xxx.
1297 409 1419 447 minas
1437 410 1651 454 immunes;

192 469 380 508 lectorum
400 470 528 509 fabros
545 472 680 522 viginti
693 473 929 516 numer0,ob
943 471 1200 522 quadraginta
1220 470 1342 507 minas
1364 471 1651 521 oppigneratos,

191 531 257 581 qui
277 544 354 570 ΧΠ.
375 533 495 570 minas
518 533 706 570 immunes
734 533 769 571 ei
795 531 1030 575 afferebant;
1062 531 1209 581 argenti
1238 530 1285 568 ad
1315 544 1433 568 unum
1461 532 1651 570 talentum

190 592 384 630 drachmae
404 594 552 632 foenore
571 600 706 631 mutuo
726 594 819 639 dati,
847 593 958 644 cujus
991 605 1110 630 usura
1134 591 1337 643 quotannis
1360 600 1506 642 septem
1526 594 1649 631 minas

191 655 414 704 superabat.
485 655 535 692 Et
564 655 649 692 haec
688 661 778 692 sunt
810 667 912 704 quae,
941 653 1111 704 ipsorum
1138 653 1254 691 etiam
1283 653 1541 698 confessione,
1572 654 1650 691 fru-

190 721 329 753 ctuosa
349 714 566 766 reliquerit:
596 728 760 766 quorum
788 727 870 753 sors
900 721 1066 766 quatuor
1085 715 1233 752 talenta
1252 722 1292 752 et
1311 714 1516 765 quinquies
1544 714 1648 752 mille

190 775 407 821 drachmas,
427 776 575 815 reditus
595 777 892 828 quinquagenas
912 777 1035 814 minas
1057 776 1220 827 singulis
1240 776 1351 814 annis
1370 776 1511 827 explet.
1545 775 1650 813 Prae-

188 844 247 875 ter
271 837 356 875 haec
382 839 476 876 ebur
491 845 531 876 et
553 839 706 885 ferrum,
726 838 830 876 unde
845 839 1104 884 fabricabant,
1121 845 1162 876 et
1181 838 1350 889 ligneam
1372 838 1569 876 materiam
1598 839 1648 876 ad

189 899 324 944 lectos,
354 900 464 950 pretii
492 899 642 938 circiter
662 900 861 951 octoginta
888 900 1103 938 minarum:
1135 899 1278 950 gallam
1307 899 1494 951 praeterea
1526 906 1562 936 et

190 961 436 1012 septuaginta
464 961 574 999 minis
601 969 742 1013 empta.
799 961 993 999 Praeterea
1014 961 1173 999 domum
1204 962 1318 999 trium
1364 960 1524 998 millium
1563 960 1652 997 dra-

188 1021 412 1061 chmarum:
443 1023 695 1074 supellectilia
708 1036 837 1075 porro,
858 1023 1013 1069 calices,
1037 1035 1153 1060 aurea
1171 1034 1278 1067 vasa,
1299 1027 1440 1067 vestes,
1460 1019 1651 1057 mundum

189 1085 332 1131 matris,
351 1083 531 1122 universa
554 1085 665 1135 pretii
686 1084 816 1129 decies
834 1084 940 1121 mille
962 1084 1252 1122 drachmarum:
1283 1082 1433 1133 argenti
1462 1081 1566 1119 domi
1589 1094 1650 1119 re-

188 1146 304 1197 positi
323 1146 522 1197 octoginta
544 1146 682 1184 minas.
735 1146 786 1183 Et
812 1146 896 1184 haec
918 1146 1022 1184 domi
1040 1145 1195 1196 reliquit
1217 1145 1357 1199 omnia.
1406 1144 1432 1182 J
1437 1156 1498 1182 arn
1520 1143 1652 1180 Xutho

190 1208 437 1259 septuaginta
455 1207 580 1245 minas
599 1208 774 1258 pecuniae
799 1206 946 1245 navalis
970 1206 1161 1244 elocarat:
1195 1205 1500 1257 quadringentas
1527 1210 1567 1242 et
1590 1205 1649 1242 bis

188 1268 291 1305 mille
313 1268 519 1306 drachmas
535 1269 586 1306 ad
597 1268 848 1313 Pasionis,ad
859 1266 1019 1319 Pyladae
1039 1280 1213 1306 mensam
1234 1274 1441 1305 sexcentas
1463 1265 1650 1308 dederat;

190 1328 405 1367 Demomeli
419 1330 606 1368 Damonis
626 1329 703 1367 filio
722 1329 826 1367 mille
851 1335 1072 1367 sexcentas:
1099 1329 1263 1366 ducenae
1283 1340 1400 1379 porro
1421 1334 1460 1365 et
1482 1334 1650 1365 trecenae

188 1389 383 1428 drachmae
398 1390 482 1429 aliis
493 1397 611 1442 atque
623 1391 708 1428 aliis
726 1390 829 1428 datae
849 1397 984 1427 mutuo
1001 1389 1115 1428 simul
1135 1389 1324 1427 talentum
1338 1390 1416 1427 fere
1429 1388 1651 1427 conficiunt.

189 1450 265 1487 Hae
283 1451 459 1501 pecuniae
475 1458 563 1489 octo
578 1452 766 1489 talentum
787 1458 826 1489 et
845 1451 1005 1502 triginta
1018 1451 1209 1489 minarum
1231 1463 1420 1488 summam
1440 1450 1650 1488 excedunt.

191 1512 269 1549 Sed
290 1512 468 1550 universa
488 1513 574 1551 haec
601 1512 650 1550 ad
670 1511 963 1562 quatuordecim
991 1512 1121 1550 facere
1142 1511 1289 1549 talenta
1310 1510 1457 1548 ratione
1480 1510 1574 1548 inita
1593 1524 1654 1548 re-

189 1573 358 1624 perietis.
411 1574 578 1612 Tantum
609 1574 725 1624 igitur
758 1574 848 1611 mihi
879 1573 1152 1624 patrimonium
1173 1572 1346 1610 relictum
1366 1571 1454 1617 fuit,
1477 1570 1654 1619 judices:

190 1641 380 1685 quantum
414 1648 505 1673 vero
537 1635 640 1673 furto
673 1636 722 1672 sit
750 1634 840 1672 inde
873 1633 1083 1678 sublatum,
1117 1640 1156 1670 et
1182 1639 1367 1683 quantum
1399 1632 1461 1670 vel
1494 1631 1653 1670 seorsim

189 1696 332 1747 singuli
348 1698 534 1748 ceperint,
560 1697 622 1735 vel
643 1696 899 1734 communiter
916 1708 1050 1732 omnes
1070 1693 1351 1739 defraudarint‚
1373 1692 1455 1730 dati
1475 1692 1585 1730 nobis
1605 1693 1656 1731 ad

189 1758 291 1796 hanc
311 1771 470 1797 causam
493 1758 685 1809 agendam
705 1757 888 1808 temporis
909 1756 1098 1807 angustiis
1114 1753 1298 1794 excludor
1312 1767 1388 1804 quo
1402 1754 1528 1792 minus
1549 1766 1652 1792 nunc

189 1830 425 1866 enumerem,
447 1821 515 1858 sed
541 1832 706 1858 necesse
723 1825 784 1857 est
803 1824 846 1856 ut
868 1817 1023 1868 singula
1042 1816 1248 1867 separatim
1268 1815 1506 1853 distribuam.
1555 1813 1652 1852 Pro-

187 1881 279 1919 inde
299 1895 386 1933 quae
415 1895 502 1920 mea
534 1881 767 1932 Demophon
799 1887 837 1918 et
865 1879 1122 1930 Therippides
1152 1878 1335 1921 habeant,
1366 1883 1460 1914 tunc
1494 1875 1653 1914 dicendi

189 1943 299 1982 locus
320 1944 486 1989 dabitur,
504 1956 592 1982 cum
613 1955 678 1980 eos
698 1942 735 1980 in
745 1940 937 1992 judicium
958 1939 1218 1978 adducemus:
1244 1951 1332 1988 quae
1350 1950 1445 1975 vero
1461 1937 1578 1975 istum
1598 1935 1654 1973 illi

187 2005 329 2044 habere
350 2005 606 2050 contendunt,
620 2011 658 2042 et
673 2017 746 2054 ego
761 2002 958 2053 accepisse
979 2002 1071 2047 scio,
1088 2001 1136 2038 de
1155 2000 1215 2038 his
1229 2002 1310 2048 jam
1331 1998 1434 2049 apud
1454 2010 1523 2035 vos
1538 1997 1657 2035 verba

188 2067 342 2106 faciam.
399 2068 462 2105 Ac
488 2066 654 2118 primum
681 2064 898 2111 ostendam,
922 2077 1008 2102 eum
1030 2063 1176 2108 dotem,
1196 2062 1400 2112 octoginta
1426 2060 1566 2105 minas,
1585 2059 1653 2096 ha·

188 2129 299 2166 bere:
331 2135 369 2166 et
390 2129 446 2166 sic
466 2127 648 2178 deinceps
670 2127 818 2177 reliqua
837 2126 1010 2176 probabo
1029 2137 1145 2175 quam
1164 2121 1389 2161 brevissime
1409 2128 1557 2172 potero.

242 2191 282 2226 5.
313 2189 392 2227 Iste
424 2189 555 2226 statim
586 2194 677 2239 post
705 2187 827 2238 patris
848 2186 997 2224 obitum
1017 2199 1064 2223 ex
1083 2190 1318 2223 testamento
1342 2185 1423 2231 ejus
1444 2183 1483 2220 in
1502 2181 1653 2219 aedibus

188 2249 361 2288 habitare
379 2251 511 2302 coepit,
530 2256 569 2287 et
587 2250 692 2300 quod
708 2249 788 2287 auti
808 2255 929 2286 mater
943 2248 1111 2286 habebat
1131 2254 1170 2284 et
1187 2246 1322 2284 relicta
1336 2244 1477 2296 pocula
1489 2243 1653 2295 accepit,

187 2324 274 2361 quae
291 2312 340 2349 ad
360 2312 643 2362 quinquaginta
661 2311 785 2348 minas
806 2310 1023 2347 valuerunt.
1083 2307 1237 2345 Deinde
1255 2306 1419 2357 pretium
1441 2305 1652 2355 mancipio-

189 2385 272 2409 rum
284 2386 372 2422 quae
387 2372 655 2410 vendebantur
670 2378 709 2408 et
722 2371 984 2421 aTherippide
1001 2377 1040 2406 et
1056 2368 1328 2417 Demophonte
1349 2365 1511 2416 accepit,
1529 2365 1654 2403 donec

189 2432 261 2470 dos
274 2434 472 2483 octoginta
485 2434 670 2470 minarum
685 2432 958 2482 compleretur:
975 2443 1062 2480 quae
1074 2442 1162 2467 curn
1174 2429 1348 2473 haberet,
1362 2428 1570 2478 Corcyram
1586 2439 1656 2464 na-

187 2493 388 2544 vigaturus
408 2494 550 2531 triremi
571 2494 791 2544 praefectus,
813 2493 851 2529 in
871 2491 1022 2529 tabulas
1043 2489 1171 2528 retulit
1185 2487 1427 2538 Therippidae
1456 2487 1581 2534 datas,
1608 2500 1654 2525 ea

192 2568 233 2592 se
253 2555 395 2593 habere
428 2568 472 2592 ac
502 2555 634 2592 dotem
660 2554 837 2605 exegisse
867 2552 1068 2591 confessus
1089 2557 1161 2588 est.
1219 2549 1368 2586 Harum
1386 2560 1512 2585 rerum
1533 2553 1653 2585 testes

192 2623 283 2653 sunt
301 2616 466 2666 primum
488 2615 720 2665 Demophon
749 2623 788 2653 et
817 2612 1086 2663 Therippides‚
1115 2616 1339 2648 contutores
1360 2612 1463 2656 ejus:
1495 2607 1654 2652 deinde,

186 2689 300 2728 psum
323 2689 409 2714 esse
428 2676 653 2714 confessum
672 2689 719 2714 ea
739 2690 780 2714 se
801 2676 959 2721 habere,
980 2680 1060 2710 tum
1081 2671 1349 2710 Demochares
1366 2669 1644 2714 Leuconensis‚

193 2740 321 2777 amitae
340 2752 437 2776 meae
456 2738 628 2785 maritus,
649 2745 732 2776 tum
751 2739 814 2776 alii
835 2737 1055 2789 complures
1076 2734 1270 2774 testificati
1291 2740 1393 2771 sunt.
1442 2731 1541 2769 Nam
1565 2744 1654 2768 cum

191 2800 253 2838 hic
284 2800 467 2838 alimenta
497 2800 606 2836 matri
642 2812 717 2836 non
745 2801 947 2850 praeberet,
976 2798 1151 2849 quamuis
1172 2796 1301 2832 dotem
1320 2793 1495 2837 haberet,
1520 2804 1651 2841 neque

193 2861 349 2899 domum
370 2861 460 2899 foris
480 2861 608 2898 locare
628 2860 758 2907 vellet,
779 2861 847 2898 sed
868 2868 910 2897 ut
929 2872 998 2898 suo
1018 2866 1056 2896 et
1072 2864 1299 2895 caeterorum
1312 2859 1481 2890 tutorum
1497 2852 1655 2889 arbitrio

194 2925 478 2975 permitteretur
488 2922 714 2974 postularet,
724 2922 831 2961 hisce
847 2922 895 2960 de
909 2922 1021 2959 rebus
1031 2920 1148 2958 verba
1163 2918 1255 2956 fecit
1265 2914 1538 2954 Demochares.
1557 2914 1650 2956 Qui-
