1923 3149
459 186 532 224 DE
562 187 709 225 MALE
739 187 912 225 GESTA
942 186 1274 225 LEGATIONE.
1520 187 1595 224 247

148 287 313 335 equestri
348 287 479 338 praelio
505 290 719 340 superiores
749 295 872 336 erant,
903 295 941 326 et
973 289 1160 326 malorum
1183 290 1274 327 Ilias
1296 289 1506 327 Thebanos
1526 287 1600 326 cir·

128 346 400 397 'cundederatt
430 351 538 388 vobis
563 359 692 389 autern
721 365 792 389 nec
820 351 896 388 tale
922 349 1128 399 quicquam
1149 351 1355 395 acciderat,
1378 358 1417 389 et
1436 350 1536 388 absit
1556 356 1598 387 ut

148 407 302 445 accidat
322 410 359 446 in
378 418 586 461 posterum.
621 412 697 450 Sed
718 412 813 449 illud
829 417 910 449 erat
925 411 962 447 in
975 410 1188 462 Philippico
1202 412 1305 448 bello
1318 412 1600 461 gravissimum,

147 468 250 516 quod
271 470 304 506 ei
324 484 408 508 cum
423 473 607 511 volebatis
621 487 771 518 nocere,
788 485 865 510 non
885 471 1080 522 poteratis,
1094 485 1141 509 ne
1157 485 1244 509 vero
1259 480 1459 509 noceretur
1475 472 1599 520 vobis,

148 528 301 568 minime
319 532 525 571 timebatis.
556 535 631 576 Qui
646 535 788 571 factum
806 539 866 570 est
884 532 1010 582 igitur,
1027 540 1070 569 ut
1089 546 1155 584 per
1175 533 1336 571 eandem
1350 547 1482 584 pacem
1498 533 1603 570 The-

146 590 269 638 banis,
284 593 347 642 qui
363 594 463 631 bello
485 607 606 644 usque
628 595 725 647 adeo
740 593 935 630 inferiores
956 601 1078 640 erant,
1095 600 1134 631 et
1149 607 1219 632 sua
1234 594 1455 644 recipiendi,
1475 601 1513 630 et
1531 594 1601 631 ho-

147 652 262 689 stium
278 667 369 704 opes
387 654 622 706 adjungendi
641 661 812 705 potestas
829 655 922 694 data
936 656 1002 693 sit:
1024 655 1129 693 vobis
1146 663 1275 693 autem
1289 655 1601 699 Atheniensibus,

146 714 259 752 etiam
274 728 320 752 ea
337 729 424 765 quae
441 716 542 754 bello
560 716 881 766 defendebantur,
902 729 996 768 pace
1016 717 1133 762 facta,
1150 716 1354 768 perierint?
1383 715 1499 759 Quod
1518 715 1602 753 illo-

147 786 231 811 rum
251 775 368 826 legati
388 789 481 827 opes
501 790 634 815 eorum
650 791 726 814 non
749 777 981 823 vendebant,
997 785 1145 815 vestras
1166 778 1227 815 isti
1246 777 1515 815 vendiderunt.

202 838 268 875 46.
300 839 357 875 At
376 838 492 884 dicet,
507 838 678 884 hercule,
693 838 818 877 socios
842 840 962 877 fuisse
982 838 1086 877 bello
1107 839 1356 889 defatigatos.
1400 839 1501 875 Nam
1520 837 1604 875 haec

147 899 200 937 ita
224 899 342 937 fuisse
363 907 465 945 acta,
486 913 534 938 ex
554 901 599 938 iis
619 901 731 938 etiam
749 914 836 951 quae
857 908 1086 951 sequuntur,
1108 900 1231 950 magis
1252 899 1488 950 intelligetis.
1551 899 1604 936 Ut

145 964 246 1001 enim
265 977 341 1015 pax
358 963 434 1002 ista
454 964 683 1003 Philocratis
707 965 813 1003 facta
842 965 1086 1012 auctoritate,
1118 964 1299 1002 confecta
1324 964 1408 1008 fuit,
1438 963 1498 1000 cui
1532 963 1602 1000 iste

147 1026 380 1078 suffragatus
401 1035 471 1072 est,
499 1035 539 1066 et
558 1028 725 1079 Philippi
745 1028 862 1079 legati
884 1028 1160 1072 discesserant,
1181 1033 1318 1064 exacto
1334 1025 1603 1076 jurejurando,

147 1095 241 1125 ——et
257 1088 444 1126 hactenus
464 1089 616 1140 quidem
638 1089 730 1127 nihil
752 1096 836 1127 erat
855 1096 984 1128 actum
1000 1089 1180 1132 atrocius,
1198 1088 1267 1125 sed
1285 1088 1405 1138 turpis
1421 1100 1497 1137 pax
1509 1094 1604 1132 erat,

146 1157 186 1188 et
203 1149 330 1188 aliena
349 1163 372 1188 a
391 1150 578 1201 dignitate
605 1151 846 1202 reipublicae,
868 1151 954 1189 loco
976 1157 1103 1188 autern
1125 1144 1327 1187 dedecoris
1348 1148 1462 1199 hujus
1484 1148 1605 1186 admi-

147 1211 270 1248 randa
288 1211 352 1249 illa
365 1212 468 1249 bona
482 1214 701 1263 percepturi
721 1226 942 1257 eramus—,
964 1211 1209 1262 postulabam
1230 1223 1317 1260 ego,
1338 1216 1377 1247 et
1393 1209 1478 1247 istis
1499 1209 1605 1247 dice·

147 1273 251 1318 bam,
273 1280 316 1311 ut
344 1273 465 1324 primo
485 1287 640 1325 quoque
671 1282 841 1325 tempore
871 1275 909 1311 in
930 1274 1227 1324 Hellespontum
1249 1272 1487 1322 navigarent,
1507 1284 1603 1308 neve

145 1334 350 1385 quicquam
366 1335 619 1386 negligerent,
640 1343 706 1373 aut
724 1336 946 1386 Philippum
968 1348 1157 1385 occupare
1178 1334 1385 1384 quicquam
1404 1332 1606 1381 interjecto

146 1402 320 1446 tempore
334 1402 556 1447 paterentur
575 1410 623 1434 ex
641 1397 737 1434 locis
754 1396 856 1434 illius
877 1396 1059 1448 regionis.
1091 1396 1343 1445 Compertum
1363 1393 1463 1431 enim
1484 1393 1604 1431 habe-

148 1458 252 1501 bam,
286 1471 528 1509 quaecunque
547 1459 650 1497 bello
676 1459 713 1496 in
735 1472 872 1510 pacem
893 1471 1081 1496 converso
1111 1459 1281 1507 projecta
1308 1455 1463 1500 fuerint,
1490 1468 1536 1493 ea
1559 1455 1604 1492 iis

147 1520 213 1569 qui
232 1520 471 1569 neglexerint
489 1521 663 1571 periisse.
705 1521 829 1558 Nemo
849 1520 951 1558 enim
979 1532 1166 1569 unquam,
1197 1518 1260 1556 cui
1279 1510 1507 1569 persuasum
1536 1517 1609 1554 fuit

148 1581 198 1618 de
218 1581 334 1618 totius
357 1582 502 1631 imperii
523 1589 625 1619 statu
646 1595 784 1632 pacem
805 1582 910 1626 inire,
932 1595 1001 1632 pro
1021 1581 1066 1618 iis
1098 1594 1184 1630 quae
1221 1580 1268 1617 ab
1294 1579 1402 1616 initio
1427 1579 1609 1629 neglecta

148 1642 318 1687 fuerunt,
335 1641 477 1678 bellum
494 1655 624 1691 gerere
644 1642 765 1679 voluit
782 1655 790 1684 ;
814 1642 883 1678 sed
905 1654 950 1679 ea
966 1647 1099 1679 tenent
1119 1640 1142 1676 ii
1165 1641 1230 1690 qui
1249 1646 1502 1690 occuparunt.
1543 1639 1606 1677 Ad

147 1703 246 1750 haec,
269 1703 300 1741 si
328 1704 630 1752 navigassemus,
651 1703 794 1754 duplici
814 1704 917 1740 bono
938 1712 1095 1740 auctum
1124 1702 1165 1739 iri
1195 1702 1377 1752 putabam
1398 1701 1606 1752 rempubli-

148 1778 247 1803 cam.
278 1766 359 1802 Aut
377 1764 492 1810 enim,
513 1766 542 1801 si
559 1765 799 1816 adessemus,
822 1771 861 1802 et
880 1778 927 1802 ex
947 1764 1104 1801 decreto
1117 1763 1391 1814 jusjurandum
1412 1764 1459 1801 ab
1479 1775 1525 1800 eo
1540 1776 1606 1800 ex⁴

147 1828 372 1878 egissemus,
389 1832 469 1863 tum
488 1839 534 1864 ea
548 1839 635 1876 quae
653 1826 875 1876 reipublicae
896 1833 1036 1864 nostrae
1057 1825 1332 1876 praeripuisset,
1357 1824 1607 1870 redditurum,

145 1894 226 1925 tum
241 1888 386 1938 reliqua
399 1900 476 1925 non
491 1888 738 1926 invasurum:
758 1894 837 1932 aut,
851 1887 924 1925 nisi
945 1888 1008 1925 ille
1023 1887 1110 1925 haec
1126 1887 1282 1932 faceret,
1296 1899 1366 1923 nos
1381 1887 1508 1923 statim
1529 1886 1606 1924 huc

144 1949 451 1993 renunciaturos,
473 1956 517 1987 ut
536 1963 605 1987 vos
621 1950 658 1987 in
678 1950 833 1987 remotis
864 1949 937 1987 illis
973 1956 1012 1987 et
1038 1948 1250 1986 minoribus
1270 1947 1426 1997 cognita
1444 1947 1606 1984 hominis

147 2011 307 2049 avaritia
336 2017 376 2048 et
398 2011 571 2061 perfidia,
593 2010 642 2048 de
666 2011 725 2048 his
746 2011 915 2048 finitimis
937 2017 976 2048 et
1001 2010 1221 2061 majoribus,
1242 2009 1524 2055 Phocensibus,
1549 2009 1606 2046 in-

148 2084 264 2122 quam
294 2078 333 2109 et
351 2071 458 2122 Pylis
486 2072 709 2119 retinendis,
730 2073 965 2124 cogitaretis.
1007 2072 1122 2116 Quod
1148 2071 1179 2108 si
1199 2070 1262 2108 ille
1282 2071 1368 2108 haec
1391 2083 1469 2108 non
1488 2083 1606 2108 occu-

148 2139 294 2185 passet,
325 2146 451 2184 neque
476 2147 543 2171 vos
565 2133 716 2184 decepti
745 2133 898 2179 essetis,
924 2134 962 2171 in
987 2140 1071 2171 tuto
1096 2133 1207 2171 vobis
1234 2138 1366 2170 essent
1392 2132 1533 2178 onmia,
1565 2139 1604 2168 et

148 2207 235 2246 quae
254 2207 368 2246 aequa
388 2201 492 2240 sunt,
514 2195 578 2233 ille
598 2196 708 2233 vobis
736 2195 838 2233 ultro
857 2202 1072 2246 praestaret.
1126 2194 1265 2244 Neque
1295 2194 1380 2231 haec
1408 2194 1457 2231 ab
1483 2206 1523 2231 re
1552 2193 1607 2231 ita

146 2255 227 2295 fore
247 2257 444 2308 putabam.
475 2257 517 2294 Si
537 2257 638 2295 enim
658 2264 788 2295 essent
807 2255 1046 2304 Phocenses,
1067 2255 1123 2293 uti
1142 2262 1221 2294 tum
1239 2262 1359 2300 erant,
1379 2255 1606 2300 incolumes,

147 2325 187 2356 et
207 2317 325 2370 Pylas
342 2325 529 2364 tenerent,
552 2319 615 2357 ille
635 2320 786 2357 nullum
805 2318 913 2357 vobis
926 2319 1096 2357 incutere
1110 2324 1293 2356 terrorem
1310 2317 1513 2368 potuisset,
1528 2328 1606 2368 quo

146 2380 315 2431 perculsi
331 2380 395 2432 jus
416 2381 572 2433 aliquod
593 2388 763 2420 vestrum
784 2380 1068 2432 neglexissetis.
1099 2380 1238 2431 Neque
1258 2379 1360 2418 enim
1377 2379 1485 2417 aditu
1504 2386 1606 2418 terra

149 2442 358 2492 patefactO,
379 2456 502 2493 neque
523 2443 648 2481 navali
669 2442 801 2495 praelio
821 2443 955 2488 victor,
976 2443 1014 2480 in
1035 2441 1205 2480 Atticam
1224 2448 1408 2480 venturus
1427 2440 1515 2486 fuit,
1536 2454 1605 2479 vos

150 2509 278 2541 autem
297 2503 353 2541 illi
373 2505 515 2550 statim,
538 2505 570 2543 si
588 2509 654 2554 jus
674 2505 874 2549 violasset,
897 2511 1093 2542 mercatus
1113 2503 1292 2542 claudere
1309 2503 1548 2554 potuissetis,
1570 2509 1609 2540 et

152 2565 203 2603 ad
222 2565 395 2616 pecuniae
414 2568 625 2616 penuriam,
647 2573 687 2605 et
705 2574 917 2606 ceterarum
939 2579 1062 2604 rerum
1081 2565 1216 2603 iterum
1241 2564 1348 2604 velut
1366 2564 1607 2602 obsidionem

151 2626 358 2665 redacturi.
389 2627 518 2670 Quare
536 2629 600 2666 ille
614 2629 822 2667 serviturus
837 2628 911 2666 fuit
929 2627 1037 2679 pacis
1056 2626 1410 2671 commoditatibus,
1426 2637 1505 2662 non
1524 2637 1608 2661 vos.

153 2689 204 2726 Et
221 2689 306 2726 haec
324 2701 402 2725 non
422 2702 525 2726 nunc
546 2702 568 2727 a
587 2703 647 2728 me
661 2691 755 2741 fingi
774 2704 822 2728 ex
842 2697 994 2733 eventu,
1021 2695 1060 2727 et
1080 2688 1260 2733 simulari,
1283 2687 1351 2726 sed
1370 2694 1452 2725 tum
1478 2686 1607 2723 statim

152 2757 193 2789 et
212 2750 388 2795 sensisse,
406 2755 447 2787 et
465 2750 687 2800 praevidisse
705 2765 766 2790 me
780 2753 819 2790 in
839 2759 1005 2790 vestram
1019 2750 1235 2795 utilitatem,
1249 2756 1288 2787 et
1303 2747 1387 2785 istis
1403 2746 1607 2792 indicasse,

151 2811 241 2850 inde
260 2812 505 2861 cognoscetis
524 2824 533 2849 ε
562 2824 652 2849 cum
667 2813 749 2863 jam
767 2813 885 2850 nullae
906 2812 1111 2850 conciones
1131 2816 1324 2848 restarent
1333 2806 1606 2856 (habitae'enim

153 2879 263 2910 erant
282 2871 432 2921 omnes)
463 2879 502 2910 et
529 2873 591 2910 isti
623 2875 797 2912 nondum
818 2875 1018 2919 abiissent,
1053 2874 1122 2911 sed
1148 2873 1210 2910 hic
1243 2880 1396 2922 tempus
1427 2877 1604 2916 tererent,

154 2940 306 2973 senator
321 2934 518 2972 decretum
534 2934 650 2982 facio,
663 2936 794 2987 populi
809 2937 1036 2976 auctoritate
1049 2935 1198 2974 senatui
1214 2933 1413 2984 permissa,
1426 2940 1470 2971 ut
1486 2933 1609 2984 primo
