1923 3149
524 191 745 230 CONTRA
783 188 1224 228 ARISTOCRATEM.
1525 189 1601 224 395

156 292 216 329 vel
245 293 293 329 ab
322 292 402 338 illo,
422 293 480 330 vcl
507 307 529 330 a
554 294 662 331 vobis
693 292 742 330 sit
768 291 865 329 fides
895 292 1127 330 adhibenda.
1169 291 1435 336 Considerate,
1455 302 1602 340 qua-²50,

156 360 301 401 quanta
337 354 517 402 aequitatc
553 353 707 404 singula
737 353 965 402 examinem,
997 359 1236 402 quantasque
1272 364 1410 390 causas
1442 352 1604 389 habeam

157 414 301 451 timoris
321 416 406 452 mci.
564 457 565 460 Ἴ

213 477 279 512 33.
312 475 396 523 Ego
417 475 562 526 reperio
593 475 721 526 Cotyn
752 474 953 526 Iphicratis
976 475 1096 511 fuisse
1123 486 1312 518 socerum,
1332 473 1465 509 eodem
1492 472 1608 509 modo

158 548 234 586 quo
261 544 320 574 cst
340 536 610 587 Cersobleptes
640 536 874 580 Charidemi,
897 541 1011 585 atque
1030 534 1144 571 etiam
1164 537 1327 582 majores
1355 534 1470 583 longe
1490 545 1551 569 res
1571 540 1610 569 ct

158 596 360 634 illustriore
389 597 512 646 gratia
534 596 782 646 excipiendas
803 608 872 647 pro
895 595 1021 647 Cotye
1042 595 1207 645 gessisse
1235 593 1464 645 Iphicratcm
1486 592 1611 636 viden,

159 669 273 706 quam
294 670 361 706 pro
390 656 641 706 Cersoblepte
661 656 949 694 Charidemum.
996 656 1060 693 Sic
1080 662 1207 693 autem
1226 668 1304 692 rem
1332 654 1610 705 expendamus.

161 716 278 755 Scitis
297 717 370 754 hoc
389 718 535 766 utique,
555 716 830 762 Athenienses,
851 730 1069 768 quanquam
1092 716 1300 767 Iphicrates
1320 722 1359 752 et
1376 727 1515 752 aercam
1535 720 1611 750 sta-

159 784 279 821 tuam,
299 784 338 814 et
364 778 504 814 victum
530 777 568 814 in
601 777 794 828 Prytaneo
821 785 860 815 et
887 777 1055 828 praemia,
1090 783 1131 814 et
1155 777 1322 814 honores
1353 775 1448 813 alios
1476 774 1613 824 quibus

159 840 296 877 beatus
315 838 379 876 ille
407 838 493 883 fuit,
515 839 758 884 obtinuisset,
777 846 905 876 tamen
932 839 980 876 ad
1011 838 1199 876 tuendum
1232 837 1375 888 Cotyos
1401 835 1614 886 imperium,

159 900 263 938 bello
288 899 415 938 navali
434 891 523 936 cum'
542 900 678 937 vestris
698 900 905 937 decernere
925 899 1089 937 ducibus
1111 912 1186 936 non
1206 898 1419 944 dubitasse,
1437 896 1614 946 illiusque

162 961 326 999 salutern
346 960 466 1011 pluris
492 960 644 1006 fecisse,
674 973 789 1010 quam
822 960 988 998 honores
1018 973 1041 997 a
1068 960 1174 998 vobis
1208 959 1385 996 tributos.
1433 957 1547 999 Quod
1578 956 1616 993 ni

162 1022 283 1072 major
303 1028 429 1059 vestra
448 1021 584 1058 fuisset
603 1021 641 1058 in
664 1021 866 1059 iracundia
885 1021 1102 1059 cohibenda
1125 1020 1353 1065 moderatio,
1377 1031 1492 1069 quam
1516 1017 1616 1055 illius

161 1082 370 1127 temeritas,
390 1081 483 1119 nihil
508 1082 734 1129 obstitisset,
764 1095 840 1132 quo
861 1082 987 1119 minus
1008 1082 1176 1120 omnium
1198 1081 1414 1119 mortalium
1433 1080 1540 1117 fieret
1560 1079 1616 1115 in—

162 1142 419 1181 felicissimus.
459 1143 602 1180 Tamen
629 1143 751 1194 Cotys
777 1150 858 1181 tum
885 1145 932 1181 ab
952 1143 1018 1180 illo
1041 1152 1306 1189 conservatus,
1326 1149 1365 1179 et
1382 1142 1465 1192 ejus
1488 1139 1618 1177 amici-

163 1204 256 1241 tiam
272 1205 395 1254 reipsa
406 1211 600 1256 expertus,
620 1212 823 1255 postquam
839 1212 948 1242 extra
962 1218 1075 1243 omne
1090 1205 1301 1255 periculum
1321 1217 1362 1241 se
1376 1203 1544 1255 positum
1560 1215 1619 1238 ar-

162 1265 388 1310 bitrabatur,
406 1278 480 1302 non
495 1266 610 1303 modo
625 1266 762 1303 referre
776 1266 828 1302 illi
847 1267 1007 1316 gratiam
1028 1280 1106 1304 non
1124 1266 1285 1311 studuit,
1299 1278 1368 1302 nec
1383 1265 1485 1302 illius
1501 1275 1622 1301 causa

163 1325 202 1362 iu
222 1339 291 1364 vos
316 1326 395 1364 ulla
415 1327 652 1364 humanitate
673 1340 767 1364 usus
788 1334 862 1373 est,
892 1335 934 1365 ut
951 1328 1101 1366 veniam
1123 1340 1264 1378 genero
1289 1328 1523 1377 impetraret,
1552 1322 1621 1362 sed

165 1394 302 1425 contra
329 1388 450 1437 magis
482 1389 530 1425 ab
563 1400 609 1425 eo
633 1387 856 1438 postulavit,
875 1395 919 1426 ut
947 1389 997 1426 ad
1017 1389 1160 1439 oppida
1187 1395 1317 1426 vestra
1334 1382 1480 1436 reliqua
1498 1398 1621 1436 oppu-

166 1449 323 1498 gnanda
351 1449 503 1500 adjutor
531 1456 647 1486 esset.
681 1449 797 1492 Quod
824 1463 913 1487 cum
939 1450 1002 1487 ille
1022 1456 1249 1495 recusasset,
1275 1448 1481 1486 barbaricis
1502 1447 1624 1497 copiis

167 1511 349 1561 acceptis,
376 1517 416 1547 et
434 1510 597 1547 collecto
618 1511 666 1547 ab
684 1510 750 1547 illo
769 1511 955 1556 exercitu,
976 1518 1015 1548 et
1042 1511 1276 1548 Charidemo
1295 1511 1368 1547 isto
1390 1508 1624 1547 mercenario

166 1572 396 1622 imperatore
411 1571 620 1615 conducto,
636 1578 765 1608 vestra
779 1571 919 1621 oppida
934 1572 1082 1617 invasit,
1105 1579 1143 1610 et
1155 1571 1388 1622 Iphicratem
1404 1570 1442 1606 in
1458 1582 1522 1607 eas
1535 1569 1623 1606 red-

166 1634 247 1684 egit
267 1633 480 1685 angustiam,
505 1639 549 1669 ut
575 1631 780 1670 discedens
813 1634 861 1671 ab
881 1633 959 1678 illo,
981 1634 1179 1670 Antissam
1200 1632 1377 1682 primum,
1398 1644 1486 1668 mox
1514 1630 1623 1681 Dryn

167 1695 383 1733 habitatum
413 1707 453 1731 se
480 1692 694 1731 conferret:
725 1693 963 1739 existimans,
989 1707 1060 1732 nec
1087 1694 1223 1731 decere
1254 1706 1294 1730 se
1320 1693 1370 1730 ad
1389 1705 1457 1729 vos
1488 1691 1625 1736 redire,

168 1757 308 1807 quibus
338 1755 525 1792 Thracem
554 1754 836 1804 anteposuisset
866 1761 905 1792 et
934 1756 1150 1799 barbarum,
1177 1767 1248 1791 nec
1277 1753 1379 1804 apud
1409 1752 1513 1789 illum
1541 1757 1626 1789 tuto

168 1830 278 1867 posse
295 1829 462 1862 manere,
481 1828 593 1865 quem
615 1829 696 1853 suae
724 1816 858 1853 salutis
886 1816 939 1853 ita
967 1822 1143 1858 cerneret
1163 1828 1250 1853 esse
1275 1814 1550 1864 negligentem.
1587 1812 1627 1849 Si

169 1878 298 1928 igitur,
331 1876 605 1927 Athenienses,
626 1876 740 1914 etiam
775 1876 1060 1926 Cersobleptes,
1083 1876 1158 1914 ista
1180 1875 1385 1914 securitate
1414 1888 1500 1924 quae
1523 1874 1628 1911 Cha-

170 1938 317 1975 ridemo
336 1950 439 1975 nunc
458 1943 715 1986 comparatur,
736 1943 889 1981 auctus,
910 1943 949 1974 et
963 1936 1085 1986 ipsum
1100 1935 1328 1986 neglexerit,
1349 1941 1388 1972 et
1406 1941 1541 1972 contra
1559 1947 1628 1971 vos

172 1999 417 2036 machinatus
437 1997 581 2048 aliquid
609 1997 841 2048 molitusque
865 1997 992 2043 fuerit,
1018 2010 1110 2034 num
1137 1997 1230 2034 satis
1256 1996 1296 2033 id
1320 1996 1429 2034 vobis
1449 1996 1531 2042 erit,
1559 1995 1628 2033 de-

172 2066 286 2109 cepto
315 2058 559 2103 Charidemo,
586 2057 746 2096 Thracis
769 2066 905 2096 contra
922 2058 1178 2108 vosmetipsos
1206 2056 1474 2095 constabilisse
1494 2063 1630 2107 poten-

172 2119 291 2158 tiam?
321 2118 511 2169 Equidem
544 2132 621 2158 non
648 2119 797 2170 opinor.
849 2119 1000 2156 Etenim
1030 2118 1127 2155 illud
1157 2131 1312 2169 aequum
1344 2130 1428 2156 esse
1460 2123 1566 2167 puto,
1597 2117 1631 2155 si

174 2180 293 2218 sentit
311 2186 350 2218 et
367 2179 554 2230 prospicit
572 2179 664 2217 talia
683 2179 950 2225 Charidemus,
972 2186 1011 2217 et
1030 2186 1160 2217 tamen
1179 2179 1320 2216 talibus
1339 2178 1451 2228 potiri
1463 2178 1631 2215 decretis

174 2241 320 2286 studet,
335 2241 417 2291 ejus
438 2240 587 2279 insidiis
606 2249 650 2278 ut
664 2241 867 2279 resistatur
884 2254 893 2279 :
925 2241 984 2279 sin
1004 2240 1110 2278 haud
1137 2239 1421 2285 animadvertit,
1441 2252 1519 2289 quo
1544 2239 1631 2289 quis

174 2316 262 2340 eum
280 2302 633 2341 benevolentiorem
652 2315 738 2341 esse
753 2309 875 2353 putat,
896 2315 942 2340 eo
962 2302 1084 2352 magis
1102 2308 1141 2339 et
1156 2314 1236 2338 suae
1253 2307 1294 2338 et
1308 2301 1408 2338 illius
1430 2300 1629 2338 securitati

175 2371 220 2401 ut
245 2363 464 2414 prospiciat.
505 2364 605 2401 Nam
625 2376 725 2401 verae
745 2363 922 2402 amicitiae
950 2376 1091 2401 munus
1110 2369 1183 2408 est,
1202 2362 1262 2399 his
1289 2361 1426 2411 quibus
1445 2362 1544 2399 bene
1563 2364 1633 2399 cu-

177 2423 274 2473 pias,
293 2436 371 2461 non
389 2423 429 2461 in
448 2424 491 2462 iis
518 2424 725 2474 gratificari
744 2425 871 2470 rebus,
891 2437 978 2474 quae
1000 2430 1039 2461 et
1058 2424 1097 2461 in
1123 2429 1233 2460 tuum
1260 2429 1300 2459 et
1318 2421 1468 2459 illorum
1496 2422 1633 2460 cedere

179 2484 451 2521 detrimentum
487 2485 651 2535 possint,
682 2484 720 2522 in
758 2485 816 2523 his
851 2485 1022 2536 quidem,
1060 2497 1147 2535 quae
1183 2483 1352 2534 utrisque
1388 2483 1633 2521 commodare

176 2552 334 2596 queant,
349 2545 551 2595 adjutandi
564 2553 667 2594 sunt,
682 2560 769 2597 quae
789 2554 915 2584 autem
935 2547 1017 2597 ipse
1035 2545 1172 2584 melius
1187 2545 1253 2583 illo
1267 2544 1480 2596 provideas,
1501 2557 1547 2582 ea
1565 2544 1634 2581 rite

180 2607 436 2653 administres,
456 2621 579 2658 neque
592 2609 794 2658 praesentis
810 2608 981 2658 obsequii
996 2607 1240 2645 dulcedinem
1255 2607 1372 2646 totius
1392 2606 1525 2656 reliqui
1538 2612 1635 2642 tem·

180 2668 282 2719 poris
302 2667 457 2705 utilitati
472 2675 696 2719 anteponas.
726 2669 866 2720 Neque
887 2669 981 2707 illud
1002 2669 1116 2706 etiam
1131 2668 1318 2719 cogitanti
1335 2666 1636 2717 mihiprobabile

180 2730 343 2775 videtur,
368 2728 675 2780 Cersobleptem,
695 2744 782 2768 cum
809 2738 848 2769 et
864 2732 1048 2768 barbarus
1074 2730 1136 2775 sit,
1158 2736 1198 2768 et
1214 2729 1395 2779 perfidus,
1414 2733 1636 2765 curaturum

181 2798 311 2829 tamen
331 2803 380 2828 ne
399 2790 514 2827 tantis
534 2780 676 2828 afficiat
695 2791 840 2841 injuriis
867 2791 1150 2829 Charidemum.
1199 2790 1300 2827 Nam
1320 2801 1452 2826 rursus
1471 2800 1558 2825 cum
1578 2787 1639 2825 in-

182 2852 307 2902 quiro,
325 2852 479 2902 quantis
499 2851 610 2888 bonis
625 2851 854 2901 Iphicratem
874 2852 995 2903 Cotys
1011 2852 1258 2903 spoliaturus‚
1275 2849 1367 2886 nihil
1386 2861 1432 2886 ea
1451 2861 1492 2885 re
1509 2855 1637 2886 motus

185 2912 298 2950 fuerit
316 2912 482 2964 penituS‚
501 2912 614 2950 istum
632 2912 762 2963 utique
781 2913 1009 2951 crediderim
1034 2924 1175 2962 susque
1195 2911 1317 2961 deque
1345 2910 1512 2947 laturum
1538 2922 1638 2956 esse,
