1923 3149
496 192 568 229 DE
600 192 748 230 MALE
779 192 951 231 GESTA
982 191 1316 231 LEGATIONE.
1552 193 1628 230 263

175 290 389 329 considera.
447 293 769 342 Timarchum‚ne
785 294 932 333 finitimi
950 294 1104 344 quidem
1125 307 1258 333 omnes
1280 301 1442 334 norant:
1472 307 1540 332 vos
1561 306 1629 332 au-

174 359 252 391 tem
271 353 432 405 legatos,
456 369 569 395 nemo
585 357 644 395 vel
666 356 904 402 Graecorum,
924 356 986 394 vel
1020 356 1277 393 Barbarorum
1307 362 1381 400 est,
1415 355 1480 407 qui
1512 368 1630 407 pecu-

176 415 278 452 niam
295 417 491 467 accepisse
514 431 561 456 ex
591 418 783 469 legatione
812 430 890 455 non
921 417 1037 455 dicat.
1096 416 1226 459 Quare
1247 417 1278 453 si
1298 416 1401 454 fama
1419 430 1536 454 verax
1556 424 1628 460 est,

174 483 309 514 contra
328 490 396 515 vos
414 479 526 516 etiam
546 480 648 517 valet
667 479 836 530 vulgaris
861 478 925 516 ille
945 490 1084 515 rumor.
1143 477 1217 514 Cui
1238 477 1353 514 fidem
1373 491 1457 515 esse
1486 478 1631 516 haben-

175 537 278 583 dam,
299 539 478 589 quaedam
499 541 572 578 dea
597 554 685 578 cum
706 539 755 578 sit
773 547 811 577 et
831 539 927 589 ipsa,
948 545 988 577 et
1007 539 1218 590 sapientem
1239 539 1356 576 fuisse
1372 545 1524 589 poetam
1550 552 1631 576 ver-

176 612 288 636 suum
310 608 519 649 auctorem,
540 609 579 640 tu
600 603 680 652 ipse
701 601 895 638 definiisti.
1206 650 1208 653 Ι

230 662 294 698 70.
325 661 519 701 Praeterea
538 663 695 713 collegit
715 661 876 708 iambos,
898 662 928 699 si
949 661 1019 699 diis
1039 662 1180 713 placet,
1201 669 1239 700 et
1266 662 1412 713 prolixe
1433 660 1629 699 recitavit:

178 722 294 760 veluti

298 752 308 769 ‚
542 778 624 808 Mala
639 778 846 819 improborum
864 778 1052 809 consuetudo
1068 778 1118 808 cui
1135 778 1248 817 placet,

539 830 572 858 Is
589 830 638 868 qui
655 829 713 860 siet
728 831 784 866 vir,
802 841 858 860 non
875 840 966 869 rogo:
993 830 1093 859 sciens
1107 830 1180 858 satis

541 879 698 909 Sodalium
715 881 799 911 illurn
814 880 977 910 convenire
995 880 1141 909 moribus.

176 959 275 997 Eum
294 959 410 1010 igitur
428 962 492 1012 qui
511 963 560 1000 ad
591 964 715 1014 gallos
744 964 980 1015 gallinaceos
1010 963 1237 1014 ingreditur,
1253 969 1292 1001 et
1324 976 1412 1001 cum
1441 963 1632 1002 Pittalaco

175 1021 413 1067 obambulat,
435 1030 473 1061 et
493 1024 574 1075 ejus
594 1026 745 1076 generis
775 1026 850 1063 alia
869 1039 957 1063 cum
988 1025 1163 1072 dixisset,
1183 1025 1384 1076 ignoratis,
1403 1025 1541 1075 inquit,
1565 1038 1631 1062 cu-

169 1081 341 1131 jusmodi
362 1084 407 1121 sit
427 1085 732 1132 existimandus;
761 1087 923 1138 proinde
961 1093 999 1124 et
1030 1087 1068 1123 in
1099 1093 1136 1124 te
1168 1087 1284 1124 iambi
1321 1087 1382 1124 isti
1410 1086 1501 1123 mihi
1530 1099 1633 1124 nunc

176 1154 290 1181 erunt
307 1146 524 1195 opportuni,
546 1148 755 1186 AEschine:
786 1161 882 1198 quos
903 1148 934 1185 si
954 1148 1003 1185 ad
1016 1147 1171 1199 judices
1198 1148 1337 1193 dicam,
1357 1153 1463 1185 recte
1491 1160 1632 1185 conve-

175 1203 401 1255 nienterque
422 1206 562 1245 dicam.
621 1209 693 1246 Cui
725 1209 969 1246 consuetudo
996 1209 1126 1259 placet
1147 1207 1394 1254 Philocratis,
1428 1213 1465 1245 et
1497 1208 1634 1245 eadem

174 1265 364 1303 obeundae
383 1267 586 1317 legationis
606 1270 717 1316 ratio,
737 1270 785 1307 de
802 1283 847 1307 eo
869 1270 962 1307 nihil
982 1282 1090 1320 rogo,
1106 1270 1311 1320 pecuniam
1329 1282 1416 1306 eum
1434 1268 1634 1319 accepisse

174 1326 315 1373 sciens,
352 1335 396 1366 ut
431 1329 704 1377 Philocratem,
739 1331 801 1381 qui
838 1331 1055 1369 confitetur.
1113 1331 1213 1368 Cum
1252 1338 1381 1367 autem
1417 1331 1634 1368 orationum

175 1387 380 1438 scriptores
408 1396 446 1427 et
477 1390 668 1442 sophistas
701 1391 796 1429 alios
831 1392 1093 1442 cognominet,
1114 1399 1229 1441 atque
1250 1392 1445 1441 exagitare
1465 1392 1634 1438 studeat,

175 1463 263 1488 eum
282 1450 407 1500 ipsum
427 1452 542 1489 talem
565 1466 651 1490 esse
671 1453 876 1491 constabit.
933 1453 984 1490 Hi
1005 1454 1106 1491 enim
1131 1453 1248 1490 iambi
1279 1466 1300 1490 e
1333 1452 1519 1490 Phoenice
1547 1459 1637 1491 sunt

177 1510 386 1562 Euripidis.
443 1514 571 1560 Quam
589 1514 760 1552 fabulam
788 1528 984 1565 nunquam
1003 1515 1064 1552 vel
1085 1514 1331 1559 Theodorus,
1353 1514 1413 1552 vel
1434 1514 1635 1553 Aristode-

177 1584 264 1609 mus
284 1573 377 1622 egit,
400 1575 502 1624 apud
522 1588 616 1625 quos
636 1576 710 1613 iste
731 1577 862 1613 tertias
882 1582 1012 1627 partes
1035 1576 1219 1621 actitavit,
1254 1575 1324 1613 sed
1356 1575 1464 1612 Molo
1495 1589 1636 1626 reprae-

177 1634 354 1679 sentavit,
375 1641 414 1672 et
433 1635 621 1686 quispiam
637 1637 808 1674 fortassis
826 1638 922 1675 alius
938 1644 1108 1675 veterum
1122 1637 1348 1675 histrionum
1364 1649 1373 1674 :
1396 1637 1636 1687 Antigonam

176 1701 306 1731 autem
339 1695 540 1746 Sophoclis
570 1711 672 1748 saepe
707 1698 950 1744 Theodorus,
973 1711 1075 1749 saepe
1096 1698 1362 1736 Aristodemus
1392 1699 1483 1748 egit,
1503 1699 1542 1735 in
1560 1712 1637 1749 qua

178 1754 302 1793 factos
323 1756 470 1794 iambos
491 1759 736 1812 praeclaresset
753 1759 861 1796 vobis
882 1758 1036 1804 utiliter,
1057 1771 1153 1809 quos
1173 1771 1277 1809 saepe
1298 1758 1371 1796 iste
1391 1759 1576 1804 recitavit,
1597 1760 1637 1796 et

175 1815 214 1852 in
235 1824 415 1867 promptu
435 1816 567 1863 habet,
588 1819 844 1869 praetermisit.
903 1818 1038 1856 Nostis
1059 1819 1160 1856 enim
1177 1819 1251 1856 hoc
1274 1819 1437 1865 scilicet,
1455 1819 1494 1855 in
1514 1819 1633 1856 omni-

176 1878 248 1914 bus
267 1877 407 1915 sabulis
429 1879 599 1930 tragicis,
620 1880 801 1917 eximium
820 1880 938 1918 veluti
958 1881 1156 1931 praemium
1174 1879 1324 1917 virtutis
1350 1879 1423 1917 hoc
1455 1893 1539 1918 esse
1559 1887 1635 1918 ter-

175 1937 288 1975 tianis
309 1939 515 1985 actoribus,
532 1947 572 1978 ut
586 1947 835 1991 tyrannorum
849 1941 984 1979 habitu
1004 1947 1044 1978 et
1059 1947 1213 1991 sceptra
1231 1946 1408 1991 gerentes
1424 1940 1461 1977 in
1479 1953 1634 1978 scenam

174 1999 451 2050 ingrediantur.
510 2001 589 2039 Eos
616 2002 730 2052 igitur
751 2002 898 2040 iambos
926 2002 963 2039 in
991 2015 1037 2039 ea
1063 2001 1195 2039 fabula
1220 2001 1479 2048 considerate,
1501 2002 1634 2053 quales

176 2066 290 2111 poeta
311 2062 484 2100 AEschini
506 2063 662 2101 Creonti
681 2062 901 2102 recitandos
922 2063 1119 2101 tribuerit:
1149 2076 1249 2113 quos
1269 2063 1341 2101 iste
1366 2076 1438 2101 nec
1467 2063 1539 2101 sibi
1563 2063 1633 2115 ipsi

176 2121 276 2160 dixit
293 2123 330 2160 in
348 2123 555 2175 legatione,
575 2138 701 2175 neque
715 2125 914 2175 judicibus
934 2124 1118 2174 recitavit.
1175 2124 1325 2162 Recita.

453 2260 614 2298 IAMBI
644 2259 953 2299 SOPHOCLIS
983 2260 1058 2298 EX
1086 2259 1385 2299 ANTIGONA.

476 2372 628 2402 Pernosse
641 2376 770 2401 mentem
787 2371 903 2401 nullius
919 2382 1013 2411 queas
1030 2372 1102 2409 viri,

474 2423 640 2454 Tacitosve
654 2434 762 2453 sensus
777 2423 913 2462 pectoris
928 2423 1134 2463 deprendere,

477 2475 542 2505 Diu
553 2479 713 2513 antequam
732 2478 872 2504 versetur
887 2475 917 2504 in
933 2475 1105 2515 republica.

476 2526 554 2556 Nam
571 2525 712 2565 quisquis
729 2526 810 2562 urbi,
823 2527 912 2565 cujus
928 2525 1091 2565 imperium
1109 2526 1199 2566 gerit,

476 2577 564 2606 Metu
579 2577 722 2606 subactus
736 2587 789 2606 ora
804 2577 948 2615 degeneri
964 2580 1083 2614 tenens,

474 2626 653 2666 Mutamque
669 2627 815 2666 linguam,
831 2627 912 2657 haud
925 2628 1060 2657 consulit
1075 2628 1253 2665 salubriter,

476 2677 652 2716 Culpandus
668 2683 715 2708 est
731 2683 760 2708 et
775 2678 833 2707 boc
849 2683 880 2708 et
893 2678 973 2708 omni
991 2683 1140 2718 tempore.

478 2728 617 2766 Itemque
631 2729 759 2757 amicum
776 2729 883 2767 patriae
899 2728 951 2768 qui
964 2730 1113 2769 praetulit,

479 2779 619 2808 Habetor
634 2778 791 2818 improbus
806 2780 866 2815 vir,
879 2784 909 2809 et
921 2780 1001 2810 civis
1011 2782 1119 2812 malus.

478 2830 541 2859 Sed
557 2829 624 2869 ipse
641 2830 782 2870 (magnus
794 2830 887 2870 idque
901 2831 1024 2871 Jupiter
1036 2831 1125 2868 sciat,

478 2880 541 2917 Qui
557 2884 668 2910 cuncta
683 2880 771 2920 vigili
789 2892 910 2921 semper
925 2882 1038 2912 lumine
1055 2882 1204 2923 adspicit)

481 2931 606 2962 Minime
623 2933 743 2968 tacebo,
759 2932 784 2962 si
797 2933 870 2971 quid
889 2933 1008 2973 ingruat
1023 2934 1094 2963 mali
