1923 3149
295 162 370 197 364
680 158 900 197 CONTRA
929 160 1367 199 ANDROTIONEM.

296 261 345 299 ad
380 260 653 310 rempublicam
681 262 718 299 in
752 262 908 313 imperio
941 262 1115 313 populari
1150 263 1360 312 gerendam
1388 276 1473 301 esse
1507 271 1651 316 aptum,
1681 265 1749 302 de-

294 322 527 360 monstrabo.
579 322 651 366 Ac,
686 335 801 373 quam
830 323 900 361 sibi
920 323 1083 362 maxime
1110 323 1215 361 laudi
1241 323 1360 370 ducit,
1383 326 1556 375 pecuniae
1582 326 1749 364 exactio-

293 394 380 420 nem
408 382 491 433 ejus
525 381 749 432 videamus:
787 384 879 421 nihil
899 385 1008 422 istius
1035 385 1251 436 arrogantia
1276 386 1382 432 moti,
1411 385 1480 425 sed
1514 399 1592 424 rem
1626 386 1748 437 ipsam

294 442 418 493 qualis
455 443 583 490 suerit,
623 457 710 482 vere
747 445 996 483 aestimantes.
1053 446 1094 484 Is
1125 446 1405 485 Euctemonem
1445 447 1587 485 tributa
1622 455 1751 486 vestra

293 503 448 552 habere,
489 518 606 556 seque
636 505 674 543 id
702 512 769 544 aut
799 507 1065 544 convicturum
1092 520 1179 545 cum
1211 507 1387 552 dixisset,
1415 515 1481 546 aut
1507 508 1554 545 de
1585 521 1654 547 suo
1682 521 1749 558 pe-

293 566 446 604 cuniam
485 574 773 604 numeraturum
812 567 1006 618 pollicitus
1045 576 1161 615 esset,
1193 582 1261 619 per
1291 569 1488 607 decretum
1521 570 1751 620 magistratu

293 626 357 677 qui
388 634 489 666 sorte
510 628 672 665 dabatur
691 629 892 679 abrogato,
913 642 958 667 ea
987 629 1114 681 specie
1134 630 1179 668 ad
1210 630 1449 668 exactionem
1479 631 1657 680 obrepsit.
1701 630 1752 666 Et

293 688 478 726 concione
507 695 593 739 post
621 689 766 735 habita,
796 689 910 727 trium
930 691 1036 728 vobis
1061 704 1187 728 rerum
1209 692 1402 742 optionem
1430 691 1510 728 dari
1532 691 1655 734 dixit3
1684 698 1752 728 aut

293 750 391 787 enim
413 749 589 788 solennia
606 763 700 788 vasa
726 764 954 802 pomparum
974 765 1059 790 esse
1079 753 1299 802 conflanda,
1321 759 1387 790 aut
1415 753 1601 790 tributum
1621 753 1752 790 denuo

294 812 582 858 conferendum,
603 818 669 850 aut
689 814 735 850 ab
751 813 795 850 iis
811 814 877 863 qui
892 813 1078 851 deberent
1092 814 1233 851 tributa
1248 814 1463 864 exigenda;
1498 827 1585 852 cum
1606 820 1750 858 autem,

293 879 335 908 ut
365 885 434 922 par
453 879 551 917 erat,
578 885 646 909 vos
667 872 833 910 malletis
860 886 914 910 aes
947 873 1114 911 alienum
1145 874 1280 924 redigi,
1309 875 1654 925 pollicitationibus
1682 887 1751 912 vos

293 934 486 980 detinens,
506 942 545 972 et
562 941 720 985 propter
738 934 927 973 rationem
947 936 1128 985 temporis
1157 948 1339 985 magnam
1367 936 1577 987 potentiam
1600 942 1752 981 nactus,

293 997 485 1034 veteribus
500 996 652 1047 legibus
667 996 705 1033 in
723 1009 768 1034 ea
787 1009 826 1033 re
850 996 920 1034 sibi
942 1009 1019 1034 non
1041 1009 1126 1034 esse
1141 996 1331 1034 utendum
1346 997 1512 1043 censuit,
1532 1009 1618 1043 nec,
1639 997 1672 1034 si
1685 1010 1751 1034 eas

293 1056 385 1094 satis
400 1070 482 1095 esse
501 1071 575 1096 non
598 1058 774 1108 putabat,
794 1070 912 1095 novas
927 1058 1120 1104 ferendas,
1141 1057 1210 1095 sed
1231 1058 1386 1096 decreta
1404 1071 1473 1109 pro
1487 1058 1674 1096 concione
1693 1072 1751 1096 re-

292 1119 440 1169 ferebat
452 1119 596 1157 atrocia
610 1126 648 1157 et
664 1118 855 1156 contraria
868 1119 1032 1169 legibus,
1049 1132 1116 1170 per
1131 1132 1217 1169 quae
1228 1119 1516 1169 praevaricatus,
1533 1126 1570 1156 et
1588 1119 1752 1157 multum

292 1179 399 1217 vobis
418 1180 568 1218 furatus
589 1187 663 1225 est,
685 1193 773 1218 cum
793 1179 1077 1218 undecimviros
1094 1180 1203 1231 sequi
1222 1179 1438 1230 sejuberet,
1459 1193 1602 1230 eosque
1619 1193 1752 1218 secum

292 1240 342 1278 ad
361 1240 499 1278 civium
518 1241 623 1280 aedes
644 1242 870 1280 adduceret.
896 1242 954 1280 Ac
976 1242 1272 1288 Euctemonem‚
1293 1254 1315 1279 a
1334 1255 1411 1292 quo
1433 1255 1475 1279 se
1496 1241 1750 1288 redacturum,

293 1309 360 1341 aut
378 1303 505 1353 ipsum
525 1304 573 1341 de
593 1317 664 1342 suo
685 1311 975 1342 numeraturum
998 1303 1203 1355 pecuniam
1225 1304 1488 1354 profitebatur,
1509 1303 1616 1340 nullo
1636 1304 1752 1342 modo

293 1368 374 1413 eJus
394 1365 447 1402 rei
469 1366 696 1404 convincere
716 1367 854 1417 potuit,
876 1365 945 1404 sed
969 1379 993 1403 a
1011 1365 1118 1403 vobis
1137 1365 1278 1415 exegit,
1299 1372 1480 1414 tanquam
1501 1378 1578 1402 non
1608 1365 1752 1403 Eucte-

291 1426 431 1470 monis‚
463 1426 532 1464 sed
552 1427 666 1464 vestri
695 1427 786 1465 odio
812 1427 851 1465 id
871 1427 1070 1477 negotium
1090 1426 1340 1477 suscepisset.
1391 1426 1528 1476 Neque
1549 1426 1751 1476 quisquam

292 1485 421 1524 dicere
440 1499 503 1524 me
522 1494 645 1538 putet,
665 1500 688 1525 a
703 1487 937 1525 debitoribus
954 1487 1047 1524 nihil
1062 1486 1182 1524 fuisse
1201 1486 1449 1537 exigendum,
1466 1486 1538 1523 fuit
1551 1487 1651 1523 enim
1671 1487 1752 1523 exi-

293 1546 490 1596 gendum:
522 1547 589 1585 sed
607 1548 831 1598 quomodo?
860 1555 902 1586 ut
923 1547 986 1586 lex
1001 1548 1127 1598 jubet,
1149 1547 1310 1585 aliorum
1331 1559 1476 1584 causa:
1506 1547 1546 1584 id
1563 1547 1663 1584 enim
1684 1560 1752 1598 po-

291 1606 422 1656 pulare
457 1614 529 1645 est.
581 1608 719 1659 Neque
758 1609 872 1654 enirn,
906 1608 1180 1655 Athenienses,
1208 1607 1360 1645 tantilla
1387 1608 1551 1658 pecunia
1579 1620 1666 1645 eum
1702 1608 1753 1646 ad

293 1668 451 1706 modum
467 1669 636 1717 redacta,
657 1677 806 1708 tantum
822 1671 988 1709 fructum
1004 1670 1174 1721 cepistis,
1190 1676 1374 1719 quantam
1384 1669 1576 1720 jacturam
1595 1669 1753 1716 fecistis,

292 1728 434 1767 talibus
455 1730 638 1769 institutis
658 1731 818 1769 invectis
839 1731 878 1768 in
909 1732 1082 1782 rempub.
1115 1731 1215 1767 Nam
1242 1731 1272 1768 si
1302 1730 1496 1781 quaeratis,
1527 1743 1605 1780 qua
1633 1731 1755 1781 gratia

292 1789 468 1828 videatur
487 1791 691 1842 optabilius
713 1792 752 1830 in
775 1792 953 1843 populari
974 1791 1117 1842 degere
1143 1791 1312 1842 imperio,
1340 1804 1455 1841 quam
1488 1790 1525 1827 in
1543 1804 1752 1842 paucorum

294 1849 518 1896 dominatu3
545 1852 621 1890 hoc
641 1853 881 1903 potissimum
902 1866 988 1890 esse
1014 1853 1053 1889 in
1073 1858 1251 1903 promptu
1269 1852 1488 1902 reperietis:
1518 1852 1624 1902 quod
1649 1853 1688 1889 in
1708 1852 1753 1888 li-

291 1911 385 1948 bera
403 1914 535 1963 repub.
558 1914 688 1952 omnia
706 1920 796 1952 sunt
815 1913 1074 1952 clementiora.
1119 1914 1240 1951 Istum
1260 1919 1387 1950 autem
1415 1925 1455 1950 se
1475 1925 1589 1963 quam
1609 1913 1648 1950 in
1673 1913 1754 1950 ulla

294 1985 459 2022 usquam
497 1974 707 2025 oligarchia
738 1975 906 2026 gessisse
936 1974 1179 2019 insolentius,
1215 1982 1432 2024 praetereo:
1463 1974 1533 2011 sed
1562 1974 1599 2011 in
1626 1981 1756 2013 vestra

293 2033 386 2071 urbe
405 2036 561 2084 quando
576 2048 728 2074 summa
743 2036 952 2073 crudelitas
967 2034 1116 2086 viguit?
1148 2035 1227 2072 Sub
1243 2034 1401 2084 triginta
1416 2035 1602 2084 tyrannis,
1619 2047 1753 2074 omnes

295 2093 444 2133 dicetis.
489 2096 608 2147 Atqui
639 2104 735 2142 tum,
755 2103 797 2133 ut
817 2097 1051 2146 accepimus,
1072 2095 1214 2133 nemini
1239 2094 1318 2132 vita
1346 2093 1589 2145 erip1ebatur‚
1620 2096 1685 2146 qui
1713 2092 1753 2134 se

295 2154 399 2192 domi
428 2155 667 2194 abdidisset:
698 2156 794 2195 illud
826 2163 953 2194 autem
985 2157 1038 2194 eis
1070 2155 1218 2193 crimini
1246 2155 1448 2201 dabamus,
1483 2155 1587 2206 quod
1616 2169 1637 2194 e
1669 2157 1753 2195 foro

295 2216 397 2254 cives
418 2217 454 2254 in
479 2230 672 2256 carcerem
703 2231 770 2270 per
801 2218 977 2268 injuriam
1005 2217 1254 2255 abducerent.
1300 2217 1378 2254 Iste
1410 2223 1537 2254 autem
1567 2229 1638 2254 sua
1656 2231 1743 2268 pro·
1785 2248 1788 2250 .

295 2278 469 2317 tervitate
507 2293 631 2331 usque
661 2280 761 2318 adeo
790 2280 878 2318 illos
912 2280 1120 2330 superavit,
1139 2286 1184 2317 ut
1213 2280 1250 2316 in
1279 2278 1452 2330 populari
1478 2278 1612 2329 repub.
1643 2292 1751 2317 suam

297 2340 437 2390 cuique
475 2341 630 2380 domum
659 2354 851 2380 carcerem
872 2341 1136 2386 constitueret,
1171 2339 1439 2377 undecimi-iris
1466 2338 1514 2394 ad
1539 2339 1642 2376 aedes
1684 2339 1753 2377 ad-

297 2399 497 2439 ducendis.
1467 2396 1470 2399 Δ

356 2464 419 2501 16.
461 2464 564 2507 Quid
588 2477 677 2503 vero
707 2465 863 2515 putatis,
895 2464 1161 2509 Athenienses,
1192 2463 1222 2501 si
1243 2464 1326 2514 quis
1355 2463 1471 2500 honio
1500 2475 1657 2514 pauper,
1687 2471 1755 2502 aut

298 2524 412 2562 etiam
435 2524 553 2571 dives,
576 2526 644 2563 sed
662 2526 876 2576 sumptibus
896 2526 1122 2572 exhaustus,
1142 2538 1331 2576 quemque
1351 2532 1653 2563 consentaneum
1673 2539 1753 2563 om·

300 2587 388 2624 nino
408 2587 456 2624 sit
471 2594 660 2637 praesentc
680 2587 845 2637 pecunia
864 2587 1031 2632 destitui,
1051 2587 1131 2624 sive
1150 2599 1217 2637 per
1233 2594 1376 2624 tectum
1396 2587 1446 2624 ad
1465 2586 1609 2624 vicinos
1629 2593 1753 2624 trans-

301 2647 462 2694 scendit,
481 2647 557 2685 sive
586 2649 655 2685 sub
675 2648 777 2685 lecto
804 2661 844 2685 se
873 2647 1099 2693 occultavit,
1128 2660 1174 2684 ne
1205 2647 1467 2697 deprehensus
1501 2648 1539 2684 in
1560 2660 1752 2685 carcerem

300 2709 529 2754 traheretur,
560 2708 639 2746 sive
659 2708 763 2746 aliud
785 2708 955 2746 dedecus
977 2708 1105 2754 subiit,
1127 2721 1212 2758 quae
1236 2709 1387 2746 servilia
1411 2716 1514 2753 sunt,
1541 2721 1617 2745 non
1643 2708 1751 2758 inge-

302 2784 464 2808 nuorum
484 2771 692 2817 hominum,
712 2783 832 2820 eaque
853 2770 1089 2820 adspiciente
1111 2783 1227 2808 uxore
1248 2771 1349 2815 fecit,
1370 2784 1457 2820 qum
1479 2770 1513 2806 ci
1529 2776 1569 2806 ut
1585 2769 1752 2818 ingenuo

302 2832 496 2883 desponsa
510 2832 593 2878 suit,
608 2839 647 2870 ct
665 2832 735 2870 civi
756 2831 1006 2869 Atheniensi:
1027 2834 1107 2879 ejus
1125 2839 1252 2869 autem
1270 2832 1320 2869 rei
1334 2845 1451 2869 causa
1466 2830 1538 2868 fuit
1550 2829 1752 2875 Andr-otio,

302 2894 412 2943 cujus
433 2907 479 2930 ca
499 2893 590 2937 vita,
613 2907 658 2931 ca
677 2894 780 2931 facta
807 2892 1049 2936 exstiterunt,
1073 2900 1112 2929 ut
1134 2893 1167 2930 ci
1196 2906 1265 2931 uec
1294 2906 1381 2930 suas
1401 2891 1566 2942 privatas
1593 2890 1752 2928 inimici-

305 2955 374 2993 tias
392 2955 563 3004 persequi
584 2954 710 3001 liceat,
731 2954 870 2992 nedum
888 2954 1031 3004 aliquid
1055 2968 1168 3004 agere
1187 2954 1339 2991 nominc
1369 2952 1548 3004 publico?
1578 2952 1692 2994 Quod
1720 2951 1751 2989 si
