<?xml version="1.0" encoding="UTF-8"?>
<!DOCTYPE html PUBLIC "-//W3C//DTD XHTML 1.0 Transitional//EN"
    "http://www.w3.org/TR/xhtml1/DTD/xhtml1-transitional.dtd">
<html xmlns="http://www.w3.org/1999/xhtml" xml:lang="en" lang="en">
 <head>
  <title>
</title>
<meta http-equiv="Content-Type" content="text/html;charset=utf-8" />
  <meta name='ocr-system' content='tesseract 3.04.00' />
  <meta name='ocr-capabilities' content='ocr_page ocr_carea ocr_par ocr_line ocrx_word'/>
</head>
<body>
  <div class='ocr_page' id='page_1' title='image "./oratoresatticie15dobs_0086.png"; bbox 0 0 1923 3149; ppageno 0'>
   <div class='ocr_carea' id='block_1_1' title="bbox 283 103 1218 145">
    <p class='ocr_par' dir='ltr' id='par_1_1' title="bbox 283 103 1218 145">
     <span class='ocr_line' id='line_1_1' title="bbox 283 103 1218 145; baseline 0.006 -6"><span class='ocrx_word' id='word_1_1' title='bbox 283 103 333 139; x_wconf 80' lang='lat'><em>72</em></span> <span class='ocrx_word' id='word_1_2' title='bbox 812 103 1218 145; x_wconf 84' lang='lat' dir='ltr'><strong>ARGUMENTUM.</strong></span> 
     </span>
    </p>
   </div>
   <div class='ocr_carea' id='block_1_2' title="bbox 279 205 1740 1286">
    <p class='ocr_par' dir='ltr' id='par_1_2' title="bbox 279 205 1740 1286">
     <span class='ocr_line' id='line_1_2' title="bbox 283 205 1736 255; baseline 0.001 -17"><span class='ocrx_word' id='word_1_3' title='bbox 283 205 410 239; x_wconf 78' lang='lat' dir='ltr'><em>ditione</em></span> <span class='ocrx_word' id='word_1_4' title='bbox 427 205 659 241; x_wconf 75' lang='lat' dir='ltr'><strong><em>Athenarum.</em></strong></span> <span class='ocrx_word' id='word_1_5' title='bbox 683 205 942 250; x_wconf 79' lang='lat' dir='ltr'><em>Chersonesitoe,</em></span> <span class='ocrx_word' id='word_1_6' title='bbox 960 209 1105 255; x_wconf 86' lang='lat' dir='ltr'><em>imperio</em></span> <span class='ocrx_word' id='word_1_7' title='bbox 1123 207 1365 248; x_wconf 75' lang='lat' dir='ltr'><em>auscultantes,</em></span> <span class='ocrx_word' id='word_1_8' title='bbox 1378 206 1509 242; x_wconf 75' lang='lat' dir='ltr'><em>colonos</em></span> <span class='ocrx_word' id='word_1_9' title='bbox 1521 212 1736 252; x_wconf 85' lang='lat' dir='ltr'><em>acceperunt,</em></span> 
     </span>
     <span class='ocr_line' id='line_1_3' title="bbox 279 259 1736 308; baseline 0.001 -17"><span class='ocrx_word' id='word_1_10' title='bbox 279 265 314 292; x_wconf 88' lang='lat' dir='ltr'><em>et</em></span> <span class='ocrx_word' id='word_1_11' title='bbox 329 270 404 292; x_wconf 88' lang='lat' dir='ltr'><em>cum</em></span> <span class='ocrx_word' id='word_1_12' title='bbox 418 259 490 294; x_wconf 84' lang='lat' dir='ltr'><em>illis</em></span> <span class='ocrx_word' id='word_1_13' title='bbox 505 261 676 295; x_wconf 85' lang='lat' dir='ltr'><em>domicilia</em></span> <span class='ocrx_word' id='word_1_14' title='bbox 692 272 866 306; x_wconf 79' lang='lat' dir='ltr'><em>agrosque</em></span> <span class='ocrx_word' id='word_1_15' title='bbox 879 274 957 297; x_wconf 83' lang='lat' dir='ltr'><em>suos</em></span> <span class='ocrx_word' id='word_1_16' title='bbox 971 263 1098 308; x_wconf 85' lang='lat' dir='ltr'><em>partiti</em></span> <span class='ocrx_word' id='word_1_17' title='bbox 1112 267 1204 296; x_wconf 84' lang='lat' dir='ltr'><em>sunt.</em></span> <span class='ocrx_word' id='word_1_18' title='bbox 1244 260 1411 295; x_wconf 78' lang='lat' dir='ltr'><em>Cardiam·</em></span> <span class='ocrx_word' id='word_1_19' title='bbox 1433 261 1497 294; x_wconf 85' lang='lat' dir='ltr'><em>soli</em></span> <span class='ocrx_word' id='word_1_20' title='bbox 1513 259 1709 306; x_wconf 84' lang='lat' dir='ltr'><em>repulerunt</em></span> <span class='ocrx_word' id='word_1_21' title='bbox 1725 271 1736 297; x_wconf 92' lang='lat'><em>;</em></span> 
     </span>
     <span class='ocr_line' id='line_1_4' title="bbox 281 312 1734 360; baseline 0.001 -15"><span class='ocrx_word' id='word_1_22' title='bbox 281 312 468 348; x_wconf 84' lang='lat' dir='ltr'><em>libertatem</em></span> <span class='ocrx_word' id='word_1_23' title='bbox 485 326 582 349; x_wconf 86' lang='lat' dir='ltr'><em>suam</em></span> <span class='ocrx_word' id='word_1_24' title='bbox 599 316 815 349; x_wconf 76' lang='lat' dir='ltr'><em>imminutum</em></span> <span class='ocrx_word' id='word_1_25' title='bbox 827 316 874 349; x_wconf 87' lang='lat' dir='ltr'><em>iri</em></span> <span class='ocrx_word' id='word_1_26' title='bbox 890 315 1102 350; x_wconf 76' lang='lat' dir='ltr'><em>simulantes.</em></span> <span class='ocrx_word' id='word_1_27' title='bbox 1130 315 1212 348; x_wconf 91' lang='lat' dir='ltr'><em>Hoc</em></span> <span class='ocrx_word' id='word_1_28' title='bbox 1227 314 1422 360; x_wconf 65' lang='lat' dir='ltr'><em>reipublic-w</em></span> <span class='ocrx_word' id='word_1_29' title='bbox 1439 315 1581 348; x_wconf 77' lang='lat' dir='ltr'><strong><em>dedecus</em></strong></span> <span class='ocrx_word' id='word_1_30' title='bbox 1598 313 1734 347; x_wconf 88' lang='lat' dir='ltr'><em>omnino</em></span> 
     </span>
     <span class='ocr_line' id='line_1_5' title="bbox 279 365 1736 416; baseline 0.001 -17"><span class='ocrx_word' id='word_1_31' title='bbox 279 365 508 402; x_wconf 74' lang='lat' dir='ltr'><em>ulciscendum</em></span> <span class='ocrx_word' id='word_1_32' title='bbox 532 376 629 403; x_wconf 83' lang='lat' dir='ltr'><em>ratus</em></span> <span class='ocrx_word' id='word_1_33' title='bbox 646 369 839 415; x_wconf 81' lang='lat' dir='ltr'><em>Diopithcs‚</em></span> <span class='ocrx_word' id='word_1_34' title='bbox 865 369 1000 416; x_wconf 79' lang='lat' dir='ltr'><em>injussu</em></span> <span class='ocrx_word' id='word_1_35' title='bbox 1017 369 1164 403; x_wconf 82' lang='lat' dir='ltr'><em>civitatis</em></span> <span class='ocrx_word' id='word_1_36' title='bbox 1180 370 1215 403; x_wconf 84' lang='lat' dir='ltr'><em>in</em></span> <span class='ocrx_word' id='word_1_37' title='bbox 1221 370 1316 413; x_wconf 88' lang='lat' dir='ltr'><em>fines</em></span> <span class='ocrx_word' id='word_1_38' title='bbox 1334 368 1587 402; x_wconf 81' lang='lat' dir='ltr'><em>Cardianorum</em></span> <span class='ocrx_word' id='word_1_39' title='bbox 1603 368 1736 413; x_wconf 83' lang='lat' dir='ltr'><em>infenso</em></span> 
     </span>
     <span class='ocr_line' id='line_1_6' title="bbox 281 421 1737 470; baseline 0 -16"><span class='ocrx_word' id='word_1_40' title='bbox 281 422 433 455; x_wconf 63' lang='lat' dir='ltr'><em>emm-citu</em></span> <span class='ocrx_word' id='word_1_41' title='bbox 456 423 558 457; x_wconf 87' lang='lat' dir='ltr'><em>venit.</em></span> <span class='ocrx_word' id='word_1_42' title='bbox 585 423 639 457; x_wconf 89' lang='lat' dir='ltr'><em>Hi</em></span> <span class='ocrx_word' id='word_1_43' title='bbox 657 424 704 457; x_wconf 83' lang='lat' dir='ltr'><em>ad</em></span> <span class='ocrx_word' id='word_1_44' title='bbox 718 423 923 470; x_wconf 75' lang='lat' dir='ltr'><em>Philippum</em></span> <span class='ocrx_word' id='word_1_45' title='bbox 940 423 1155 469; x_wconf 69' lang='lat' dir='ltr'><em>corfitqiunt,</em></span> <span class='ocrx_word' id='word_1_46' title='bbox 1177 423 1235 468; x_wconf 86' lang='lat' dir='ltr'><em>qui</em></span> <span class='ocrx_word' id='word_1_47' title='bbox 1250 434 1366 457; x_wconf 89' lang='lat' dir='ltr'><em>eorum</em></span> <span class='ocrx_word' id='word_1_48' title='bbox 1382 422 1523 456; x_wconf 86' lang='lat' dir='ltr'><em>tutelam</em></span> <span class='ocrx_word' id='word_1_49' title='bbox 1539 422 1683 456; x_wconf 76' lang='lat' dir='ltr'><em>libenter</em></span> <span class='ocrx_word' id='word_1_50' title='bbox 1699 421 1737 455; x_wconf 86' lang='lat' dir='ltr'><em>in</em></span> 
     </span>
     <span class='ocr_line' id='line_1_7' title="bbox 281 475 1737 523; baseline 0.001 -15"><span class='ocrx_word' id='word_1_51' title='bbox 281 486 315 508; x_wconf 91' lang='lat' dir='ltr'><em>se</em></span> <span class='ocrx_word' id='word_1_52' title='bbox 333 476 490 521; x_wconf 85' lang='lat' dir='ltr'><em>suscepit.</em></span> <span class='ocrx_word' id='word_1_53' title='bbox 541 476 727 523; x_wconf 79' lang='lat' dir='ltr'><em>Diopithes</em></span> <span class='ocrx_word' id='word_1_54' title='bbox 751 478 964 523; x_wconf 67' lang='lat' dir='ltr'><em>defensorem</em></span> <span class='ocrx_word' id='word_1_55' title='bbox 988 477 1243 512; x_wconf 67' lang='lat' dir='ltr'><em>Cat-clianorum</em></span> <span class='ocrx_word' id='word_1_56' title='bbox 1264 476 1451 519; x_wconf 81' lang='lat' dir='ltr'><strong><em>rebellium,</em></strong></span> <span class='ocrx_word' id='word_1_57' title='bbox 1479 475 1606 511; x_wconf 79' lang='lat' dir='ltr'><em>hostem</em></span> <span class='ocrx_word' id='word_1_58' title='bbox 1621 476 1737 522; x_wconf 83' lang='lat' dir='ltr'><em>reipu-</em></span> 
     </span>
     <span class='ocr_line' id='line_1_8' title="bbox 282 528 1738 578; baseline 0.001 -16"><span class='ocrx_word' id='word_1_59' title='bbox 282 528 373 562; x_wconf 78' lang='lat' dir='ltr'><em>blicce</em></span> <span class='ocrx_word' id='word_1_60' title='bbox 380 530 559 575; x_wconf 79' lang='lat' dir='ltr'><em>judicans,</em></span> <span class='ocrx_word' id='word_1_61' title='bbox 573 538 605 565; x_wconf 82' lang='lat' dir='ltr'><em>et</em></span> <span class='ocrx_word' id='word_1_62' title='bbox 620 538 741 566; x_wconf 85' lang='lat' dir='ltr'><em>nactus</em></span> <span class='ocrx_word' id='word_1_63' title='bbox 752 539 981 578; x_wconf 87' lang='lat' dir='ltr'><em>opportunum</em></span> <span class='ocrx_word' id='word_1_64' title='bbox 999 539 1141 578; x_wconf 83' lang='lat' dir='ltr'><em>tempus,</em></span> <span class='ocrx_word' id='word_1_65' title='bbox 1159 532 1295 578; x_wconf 83' lang='lat' dir='ltr'><em>quando</em></span> <span class='ocrx_word' id='word_1_66' title='bbox 1313 531 1504 576; x_wconf 74' lang='lat' dir='ltr'><strong><em>Philippus</em></strong></span> <span class='ocrx_word' id='word_1_67' title='bbox 1520 530 1603 564; x_wconf 81' lang='lat' dir='ltr'><em>bello</em></span> <span class='ocrx_word' id='word_1_68' title='bbox 1619 531 1738 564; x_wconf 79' lang='lat' dir='ltr'><em>adver-</em></span> 
     </span>
     <span class='ocr_line' id='line_1_9' title="bbox 281 584 1739 632; baseline 0.001 -15"><span class='ocrx_word' id='word_1_69' title='bbox 281 595 338 617; x_wconf 87' lang='lat' dir='ltr'><em>sus</em></span> <span class='ocrx_word' id='word_1_70' title='bbox 359 584 573 619; x_wconf 78' lang='lat' dir='ltr'><em>Amadocum</em></span> <span class='ocrx_word' id='word_1_71' title='bbox 594 584 824 632; x_wconf 78' lang='lat' dir='ltr'><em>Oclrysiorum</em></span> <span class='ocrx_word' id='word_1_72' title='bbox 840 599 954 632; x_wconf 72' lang='lat' dir='ltr'><em>reyem</em></span> <span class='ocrx_word' id='word_1_73' title='bbox 978 588 1015 621; x_wconf 83' lang='lat' dir='ltr'><em>iu</em></span> <span class='ocrx_word' id='word_1_74' title='bbox 1045 586 1199 621; x_wconf 81' lang='lat' dir='ltr'><em>Thracia</em></span> <span class='ocrx_word' id='word_1_75' title='bbox 1217 585 1391 632; x_wconf 70' lang='lat' dir='ltr'><em>superiori</em></span> <span class='ocrx_word' id='word_1_76' title='bbox 1412 591 1649 631; x_wconf 81' lang='lat' dir='ltr'><em>occuparetur,</em></span> <span class='ocrx_word' id='word_1_77' title='bbox 1667 596 1739 618; x_wconf 86' lang='lat' dir='ltr'><em>ma-</em></span> 
     </span>
     <span class='ocr_line' id='line_1_10' title="bbox 282 638 1735 687; baseline -0.001 -14"><span class='ocrx_word' id='word_1_78' title='bbox 282 640 434 674; x_wconf 84' lang='lat' dir='ltr'><em>ritimam</em></span> <span class='ocrx_word' id='word_1_79' title='bbox 452 640 651 682; x_wconf 76' lang='lat' dir='ltr'><em>Thraciam,</em></span> <span class='ocrx_word' id='word_1_80' title='bbox 668 653 742 687; x_wconf 84' lang='lat' dir='ltr'><em>quoe</em></span> <span class='ocrx_word' id='word_1_81' title='bbox 766 641 952 676; x_wconf 81' lang='lat' dir='ltr'><em>Macedoni</em></span> <span class='ocrx_word' id='word_1_82' title='bbox 964 641 1120 687; x_wconf 82' lang='lat' dir='ltr'><em>parebat,</em></span> <span class='ocrx_word' id='word_1_83' title='bbox 1137 641 1311 687; x_wconf 79' lang='lat' dir='ltr'><em>repentina</em></span> <span class='ocrx_word' id='word_1_84' title='bbox 1327 638 1519 674; x_wconf 77' lang='lat' dir='ltr'><em>incursione</em></span> <span class='ocrx_word' id='word_1_85' title='bbox 1536 639 1735 685; x_wconf 79' lang='lat' dir='ltr'><em>populatur,</em></span> 
     </span>
     <span class='ocr_line' id='line_1_11' title="bbox 281 695 1738 743; baseline -0.001 -15"><span class='ocrx_word' id='word_1_86' title='bbox 281 695 454 741; x_wconf 78' lang='lat' dir='ltr'><em>ingentem</em></span> <span class='ocrx_word' id='word_1_87' title='bbox 467 697 622 740; x_wconf 81' lang='lat' dir='ltr'><em>praedam</em></span> <span class='ocrx_word' id='word_1_88' title='bbox 636 697 766 741; x_wconf 82' lang='lat' dir='ltr'><em>aufert,</em></span> <span class='ocrx_word' id='word_1_89' title='bbox 784 704 816 732; x_wconf 91' lang='lat' dir='ltr'><em>et</em></span> <span class='ocrx_word' id='word_1_90' title='bbox 830 698 1033 743; x_wconf 81' lang='lat' dir='ltr'><em>priusquam</em></span> <span class='ocrx_word' id='word_1_91' title='bbox 1049 697 1162 731; x_wconf 84' lang='lat' dir='ltr'><em>redire</em></span> <span class='ocrx_word' id='word_1_92' title='bbox 1174 703 1288 741; x_wconf 84' lang='lat' dir='ltr'><em>posset</em></span> <span class='ocrx_word' id='word_1_93' title='bbox 1305 695 1510 740; x_wconf 75' lang='lat' dir='ltr'><em>Philippus,</em></span> <span class='ocrx_word' id='word_1_94' title='bbox 1526 706 1561 728; x_wconf 83' lang='lat' dir='ltr'><em>se</em></span> <span class='ocrx_word' id='word_1_95' title='bbox 1576 704 1738 738; x_wconf 83' lang='lat' dir='ltr'><em>suamque</em></span> 
     </span>
     <span class='ocr_line' id='line_1_12' title="bbox 279 749 1737 798; baseline -0.002 -14"><span class='ocrx_word' id='word_1_96' title='bbox 279 751 436 795; x_wconf 80' lang='lat' dir='ltr'><em>proedam</em></span> <span class='ocrx_word' id='word_1_97' title='bbox 459 751 496 784; x_wconf 83' lang='lat' dir='ltr'><em>iu</em></span> <span class='ocrx_word' id='word_1_98' title='bbox 511 757 621 785; x_wconf 83' lang='lat' dir='ltr'><em>tutum</em></span> <span class='ocrx_word' id='word_1_99' title='bbox 637 751 773 798; x_wconf 81' lang='lat' dir='ltr'><em>recipit.</em></span> <span class='ocrx_word' id='word_1_100' title='bbox 799 751 999 797; x_wconf 72' lang='lat' dir='ltr'><em>Philippus,</em></span> <span class='ocrx_word' id='word_1_101' title='bbox 1016 763 1092 786; x_wconf 87' lang='lat' dir='ltr'><em>cum</em></span> <span class='ocrx_word' id='word_1_102' title='bbox 1108 751 1250 797; x_wconf 81' lang='lat' dir='ltr'><em>injurioe</em></span> <span class='ocrx_word' id='word_1_103' title='bbox 1266 757 1303 784; x_wconf 82' lang='lat' dir='ltr'><em>ut</em></span> <span class='ocrx_word' id='word_1_104' title='bbox 1325 749 1425 784; x_wconf 78' lang='lat' dir='ltr'><em>libuit</em></span> <span class='ocrx_word' id='word_1_105' title='bbox 1439 749 1649 784; x_wconf 79' lang='lat' dir='ltr'><em>vindicandae</em></span> <span class='ocrx_word' id='word_1_106' title='bbox 1669 759 1737 781; x_wconf 82' lang='lat' dir='ltr'><em>non</em></span> 
     </span>
     <span class='ocr_line' id='line_1_13' title="bbox 282 803 1735 851; baseline 0 -14"><span class='ocrx_word' id='word_1_107' title='bbox 282 805 363 838; x_wconf 84' lang='lat' dir='ltr'><em>data</em></span> <span class='ocrx_word' id='word_1_108' title='bbox 380 810 463 838; x_wconf 86' lang='lat' dir='ltr'><em>esset</em></span> <span class='ocrx_word' id='word_1_109' title='bbox 477 804 584 849; x_wconf 85' lang='lat' dir='ltr'><em>copia,</em></span> <span class='ocrx_word' id='word_1_110' title='bbox 602 805 687 839; x_wconf 85' lang='lat' dir='ltr'><em>satis</em></span> <span class='ocrx_word' id='word_1_111' title='bbox 698 805 812 840; x_wconf 82' lang='lat' dir='ltr'><em>hahuit</em></span> <span class='ocrx_word' id='word_1_112' title='bbox 824 817 891 851; x_wconf 85' lang='lat' dir='ltr'><em>per</em></span> <span class='ocrx_word' id='word_1_113' title='bbox 905 806 1024 840; x_wconf 81' lang='lat' dir='ltr'><em>literas</em></span> <span class='ocrx_word' id='word_1_114' title='bbox 1039 806 1133 851; x_wconf 82' lang='lat' dir='ltr'><em>apud</em></span> <span class='ocrx_word' id='word_1_115' title='bbox 1150 804 1375 839; x_wconf 80' lang='lat' dir='ltr'><em>Athenienses</em></span> <span class='ocrx_word' id='word_1_116' title='bbox 1385 803 1543 849; x_wconf 83' lang='lat' dir='ltr'><em>graviter</em></span> <span class='ocrx_word' id='word_1_117' title='bbox 1560 803 1735 849; x_wconf 81' lang='lat' dir='ltr'><em>conqueri.</em></span> 
     </span>
     <span class='ocr_line' id='line_1_14' title="bbox 283 858 1738 906; baseline 0.001 -14"><span class='ocrx_word' id='word_1_118' title='bbox 283 859 503 893; x_wconf 62' lang='lat' dir='ltr'><em>Mer-cenarit</em></span> <span class='ocrx_word' id='word_1_119' title='bbox 526 859 641 905; x_wconf 83' lang='lat' dir='ltr'><em>itaque</em></span> <span class='ocrx_word' id='word_1_120' title='bbox 665 866 818 895; x_wconf 85' lang='lat' dir='ltr'><em>oratores</em></span> <span class='ocrx_word' id='word_1_121' title='bbox 845 860 1011 906; x_wconf 85' lang='lat' dir='ltr'><em>Philippo</em></span> <span class='ocrx_word' id='word_1_122' title='bbox 1036 861 1268 902; x_wconf 82' lang='lat' dir='ltr'><em>inservientes,</em></span> <span class='ocrx_word' id='word_1_123' title='bbox 1296 860 1334 893; x_wconf 85' lang='lat' dir='ltr'><em>in</em></span> <span class='ocrx_word' id='word_1_124' title='bbox 1356 858 1543 904; x_wconf 84' lang='lat' dir='ltr'><em>Diopithen</em></span> <span class='ocrx_word' id='word_1_125' title='bbox 1572 859 1738 893; x_wconf 86' lang='lat' dir='ltr'><em>acerrime</em></span> 
     </span>
     <span class='ocr_line' id='line_1_15' title="bbox 282 912 1739 960; baseline 0 -14"><span class='ocrx_word' id='word_1_126' title='bbox 282 913 419 955; x_wconf 80' lang='lat' dir='ltr'><em>invecti,</em></span> <span class='ocrx_word' id='word_1_127' title='bbox 435 912 613 947; x_wconf 84' lang='lat' dir='ltr'><em>latrocinii</em></span> <span class='ocrx_word' id='word_1_128' title='bbox 622 913 790 948; x_wconf 83' lang='lat' dir='ltr'><em>hominem</em></span> <span class='ocrx_word' id='word_1_129' title='bbox 801 920 831 948; x_wconf 82' lang='lat' dir='ltr'><em>et</em></span> <span class='ocrx_word' id='word_1_130' title='bbox 845 914 964 948; x_wconf 86' lang='lat' dir='ltr'><em>violati</em></span> <span class='ocrx_word' id='word_1_131' title='bbox 971 913 1122 960; x_wconf 81' lang='lat' dir='ltr'><em>foederis</em></span> <span class='ocrx_word' id='word_1_132' title='bbox 1137 921 1309 953; x_wconf 81' lang='lat' dir='ltr'><em>accusant,</em></span> <span class='ocrx_word' id='word_1_133' title='bbox 1324 920 1357 948; x_wconf 88' lang='lat' dir='ltr'><em>et</em></span> <span class='ocrx_word' id='word_1_134' title='bbox 1369 919 1406 947; x_wconf 79' lang='lat' dir='ltr'><em>ut</em></span> <span class='ocrx_word' id='word_1_135' title='bbox 1417 919 1634 947; x_wconf 78' lang='lat' dir='ltr'><em>revocaretur</em></span> <span class='ocrx_word' id='word_1_136' title='bbox 1645 913 1739 957; x_wconf 79' lang='lat' dir='ltr'><em>‹ffa-</em></span> 
     </span>
     <span class='ocr_line' id='line_1_16' title="bbox 279 966 1739 1013; baseline 0 -13"><span class='ocrx_word' id='word_1_137' title='bbox 279 967 407 1011; x_wconf 79' lang='lat' dir='ltr'><em>9itant.</em></span> <span class='ocrx_word' id='word_1_138' title='bbox 438 966 683 1001; x_wconf 86' lang='lat' dir='ltr'><em>Demosthenes</em></span> <span class='ocrx_word' id='word_1_139' title='bbox 696 967 840 1001; x_wconf 82' lang='lat' dir='ltr'><em>salutem</em></span> <span class='ocrx_word' id='word_1_140' title='bbox 857 968 1038 1013; x_wconf 85' lang='lat' dir='ltr'><em>Diopithz&#39;s</em></span> <span class='ocrx_word' id='word_1_141' title='bbox 1053 980 1129 1003; x_wconf 87' lang='lat' dir='ltr'><em>cum</em></span> <span class='ocrx_word' id='word_1_142' title='bbox 1146 968 1341 1013; x_wconf 67' lang='lat' dir='ltr'><em>reipublicae</em></span> <span class='ocrx_word' id='word_1_143' title='bbox 1355 966 1503 1002; x_wconf 83' lang='lat' dir='ltr'><em>utilitate</em></span> <span class='ocrx_word' id='word_1_144' title='bbox 1524 966 1739 1013; x_wconf 82' lang='lat' dir='ltr'><em>conjunctam</em></span> 
     </span>
     <span class='ocr_line' id='line_1_17' title="bbox 283 1020 1740 1067; baseline 0 -12"><span class='ocrx_word' id='word_1_145' title='bbox 283 1033 435 1063; x_wconf 78' lang='lat' dir='ltr'><em>cernens,</em></span> <span class='ocrx_word' id='word_1_146' title='bbox 460 1033 598 1055; x_wconf 87' lang='lat' dir='ltr'><em>causam</em></span> <span class='ocrx_word' id='word_1_147' title='bbox 614 1021 689 1067; x_wconf 83' lang='lat' dir='ltr'><em>ejus</em></span> <span class='ocrx_word' id='word_1_148' title='bbox 705 1021 951 1066; x_wconf 80' lang='lat' dir='ltr'><em>defendendam</em></span> <span class='ocrx_word' id='word_1_149' title='bbox 967 1022 1119 1067; x_wconf 87' lang='lat' dir='ltr'><em>suscipit.</em></span> <span class='ocrx_word' id='word_1_150' title='bbox 1146 1021 1322 1067; x_wconf 84' lang='lat' dir='ltr'><em>Diopithis</em></span> <span class='ocrx_word' id='word_1_151' title='bbox 1338 1020 1475 1066; x_wconf 81' lang='lat' dir='ltr'><em>culpam</em></span> <span class='ocrx_word' id='word_1_152' title='bbox 1491 1021 1527 1054; x_wconf 84' lang='lat' dir='ltr'><em>in</em></span> <span class='ocrx_word' id='word_1_153' title='bbox 1542 1021 1691 1067; x_wconf 86' lang='lat' dir='ltr'><em>inopiam</em></span> <span class='ocrx_word' id='word_1_154' title='bbox 1707 1028 1740 1055; x_wconf 87' lang='lat' dir='ltr'><em>et</em></span> 
     </span>
     <span class='ocr_line' id='line_1_18' title="bbox 282 1076 1739 1123; baseline -0.001 -13"><span class='ocrx_word' id='word_1_155' title='bbox 282 1077 461 1120; x_wconf 44' lang='lat' dir='ltr'><em>ern-(justins</em></span> <span class='ocrx_word' id='word_1_156' title='bbox 488 1077 613 1123; x_wconf 82' lang='lat' dir='ltr'><em>rejicit,</em></span> <span class='ocrx_word' id='word_1_157' title='bbox 639 1077 762 1122; x_wconf 82' lang='lat' dir='ltr'><em>quibus</em></span> <span class='ocrx_word' id='word_1_158' title='bbox 773 1089 839 1123; x_wconf 86' lang='lat' dir='ltr'><em>per</em></span> <span class='ocrx_word' id='word_1_159' title='bbox 856 1078 1045 1112; x_wconf 87' lang='lat' dir='ltr'><em>socordiam</em></span> <span class='ocrx_word' id='word_1_160' title='bbox 1071 1077 1193 1112; x_wconf 83' lang='lat' dir='ltr'><em>civium</em></span> <span class='ocrx_word' id='word_1_161' title='bbox 1206 1082 1446 1123; x_wconf 82' lang='lat' dir='ltr'><em>premeretur.-</em></span> <span class='ocrx_word' id='word_1_162' title='bbox 1469 1076 1602 1109; x_wconf 82' lang='lat' dir='ltr'><em>animos</em></span> <span class='ocrx_word' id='word_1_163' title='bbox 1622 1087 1739 1109; x_wconf 86' lang='lat' dir='ltr'><em>eorum</em></span> 
     </span>
     <span class='ocr_line' id='line_1_19' title="bbox 283 1131 1740 1179; baseline -0.001 -15"><span class='ocrx_word' id='word_1_164' title='bbox 283 1132 330 1165; x_wconf 82' lang='lat' dir='ltr'><em>ad</em></span> <span class='ocrx_word' id='word_1_165' title='bbox 352 1131 557 1177; x_wconf 84' lang='lat' dir='ltr'><em>Philippum</em></span> <span class='ocrx_word' id='word_1_166' title='bbox 575 1132 736 1173; x_wconf 83' lang='lat' dir='ltr'><em>converti,</em></span> <span class='ocrx_word' id='word_1_167' title='bbox 753 1132 826 1178; x_wconf 79' lang='lat' dir='ltr'><em>ejus</em></span> <span class='ocrx_word' id='word_1_168' title='bbox 842 1138 949 1179; x_wconf 86' lang='lat' dir='ltr'><em>coepta</em></span> <span class='ocrx_word' id='word_1_169' title='bbox 965 1132 1102 1167; x_wconf 85' lang='lat' dir='ltr'><em>hostilia</em></span> <span class='ocrx_word' id='word_1_170' title='bbox 1119 1139 1151 1166; x_wconf 85' lang='lat' dir='ltr'><em>et</em></span> <span class='ocrx_word' id='word_1_171' title='bbox 1155 1131 1291 1176; x_wconf 85' lang='lat' dir='ltr'><em>scederi</em></span> <span class='ocrx_word' id='word_1_172' title='bbox 1306 1131 1447 1165; x_wconf 82' lang='lat' dir='ltr'><em>adversa</em></span> <span class='ocrx_word' id='word_1_173' title='bbox 1465 1137 1634 1165; x_wconf 87' lang='lat' dir='ltr'><em>monstrat</em></span> <span class='ocrx_word' id='word_1_174' title='bbox 1645 1142 1657 1164; x_wconf 89' lang='lat'><em>:</em></span> <span class='ocrx_word' id='word_1_175' title='bbox 1681 1131 1740 1164; x_wconf 76' lang='lat' dir='ltr'><em>(Io-</em></span> 
     </span>
     <span class='ocr_line' id='line_1_20' title="bbox 283 1185 1737 1234; baseline 0.001 -16"><span class='ocrx_word' id='word_1_176' title='bbox 283 1191 337 1219; x_wconf 84' lang='lat' dir='ltr'><em>cet</em></span> <span class='ocrx_word' id='word_1_177' title='bbox 360 1186 513 1230; x_wconf 82' lang='lat' dir='ltr'><em>denique,</em></span> <span class='ocrx_word' id='word_1_178' title='bbox 531 1199 548 1220; x_wconf 93' lang='lat' dir='ltr'><em>e</em></span> <span class='ocrx_word' id='word_1_179' title='bbox 572 1186 745 1232; x_wconf 83' lang='lat' dir='ltr'><em>republica</em></span> <span class='ocrx_word' id='word_1_180' title='bbox 758 1186 896 1231; x_wconf 86' lang='lat' dir='ltr'><em>facere,</em></span> <span class='ocrx_word' id='word_1_181' title='bbox 913 1193 943 1222; x_wconf 76' lang='lat' dir='ltr'><em>et</em></span> <span class='ocrx_word' id='word_1_182' title='bbox 958 1186 1097 1234; x_wconf 82' lang='lat' dir='ltr'><em>gratias</em></span> <span class='ocrx_word' id='word_1_183' title='bbox 1112 1186 1248 1229; x_wconf 83' lang='lat' dir='ltr'><em>mereri,</em></span> <span class='ocrx_word' id='word_1_184' title='bbox 1275 1186 1464 1232; x_wconf 83' lang='lat' dir='ltr'><em>quicunque</em></span> <span class='ocrx_word' id='word_1_185' title='bbox 1486 1185 1570 1220; x_wconf 81' lang='lat' dir='ltr'><em>tales</em></span> <span class='ocrx_word' id='word_1_186' title='bbox 1595 1191 1737 1220; x_wconf 81' lang='lat' dir='ltr'><em>conatus</em></span> 
     </span>
     <span class='ocr_line' id='line_1_21' title="bbox 282 1240 791 1286; baseline 0.006 -14"><span class='ocrx_word' id='word_1_187' title='bbox 282 1240 487 1286; x_wconf 85' lang='lat' dir='ltr'><em>reprimeret</em></span> <span class='ocrx_word' id='word_1_188' title='bbox 503 1247 536 1275; x_wconf 83' lang='lat' dir='ltr'><em>et</em></span> <span class='ocrx_word' id='word_1_189' title='bbox 558 1241 791 1276; x_wconf 86' lang='lat' dir='ltr'><em>ulcisceretur.</em></span> 
     </span>
    </p>
   </div>
   <div class='ocr_carea' id='block_1_3' title="bbox 453 1499 1565 1608">
    <p class='ocr_par' dir='ltr' id='par_1_3' title="bbox 453 1499 1565 1608">
     <span class='ocr_line' id='line_1_22' title="bbox 453 1499 1565 1538; baseline 0 -1"><span class='ocrx_word' id='word_1_190' title='bbox 453 1499 664 1538; x_wconf 92' lang='lat' dir='ltr'><strong>LIBANII</strong></span> <span class='ocrx_word' id='word_1_191' title='bbox 697 1499 1093 1538; x_wconf 90' lang='lat' dir='ltr'><strong>ARGUMENTUM</strong></span> <span class='ocrx_word' id='word_1_192' title='bbox 1133 1500 1192 1538; x_wconf 95' lang='lat' dir='ltr'><em>IN</em></span> <span class='ocrx_word' id='word_1_193' title='bbox 1229 1499 1565 1538; x_wconf 88' lang='lat' dir='ltr'><strong>ORATIONEM</strong></span> 
     </span>
     <span class='ocr_line' id='line_1_23' title="bbox 777 1569 1249 1608; baseline 0 0"><span class='ocrx_word' id='word_1_194' title='bbox 777 1569 850 1608; x_wconf 93' lang='lat' dir='ltr'><em>DE</em></span> <span class='ocrx_word' id='word_1_195' title='bbox 871 1569 1249 1608; x_wconf 85' lang='lat' dir='ltr'><strong>CHERSONESO.</strong></span> 
     </span>
    </p>
   </div>
   <div class='ocr_carea' id='block_1_4' title="bbox 286 1663 1748 2769">
    <p class='ocr_par' dir='ltr' id='par_1_4' title="bbox 286 1663 1748 2769">
     <span class='ocr_line' id='line_1_24' title="bbox 331 1663 1742 1704; baseline 0 -11"><span class='ocrx_word' id='word_1_196' title='bbox 331 1663 408 1694; x_wconf 78' lang='lat' dir='ltr'><em>HAc</em></span> <span class='ocrx_word' id='word_1_197' title='bbox 420 1664 554 1695; x_wconf 80' lang='lat' dir='ltr'><em>oratione</em></span> <span class='ocrx_word' id='word_1_198' title='bbox 567 1665 730 1704; x_wconf 84' lang='lat' dir='ltr'><em>Diopithes</em></span> <span class='ocrx_word' id='word_1_199' title='bbox 742 1663 928 1699; x_wconf 81' lang='lat' dir='ltr'><em>defenditur,</em></span> <span class='ocrx_word' id='word_1_200' title='bbox 944 1668 975 1694; x_wconf 87' lang='lat' dir='ltr'><em>et</em></span> <span class='ocrx_word' id='word_1_201' title='bbox 986 1663 1111 1694; x_wconf 83' lang='lat' dir='ltr'><em>crimina</em></span> <span class='ocrx_word' id='word_1_202' title='bbox 1121 1663 1166 1693; x_wconf 92' lang='lat' dir='ltr'><em>illi</em></span> <span class='ocrx_word' id='word_1_203' title='bbox 1177 1664 1257 1703; x_wconf 83' lang='lat' dir='ltr'><em>apud</em></span> <span class='ocrx_word' id='word_1_204' title='bbox 1268 1663 1474 1694; x_wconf 78' lang='lat' dir='ltr'><em>Athenienses</em></span> <span class='ocrx_word' id='word_1_205' title='bbox 1491 1665 1611 1702; x_wconf 79' lang='lat' dir='ltr'><em>objecta</em></span> <span class='ocrx_word' id='word_1_206' title='bbox 1621 1663 1742 1693; x_wconf 88' lang='lat' dir='ltr'><em>diluun-</em></span> 
     </span>
     <span class='ocr_line' id='line_1_25' title="bbox 287 1713 1739 1753; baseline -0.001 -9"><span class='ocrx_word' id='word_1_207' title='bbox 287 1718 347 1744; x_wconf 79' lang='lat' dir='ltr'><em>tur.</em></span> <span class='ocrx_word' id='word_1_208' title='bbox 379 1714 448 1744; x_wconf 77' lang='lat' dir='ltr'><em>Fuit</em></span> <span class='ocrx_word' id='word_1_209' title='bbox 469 1714 548 1744; x_wconf 89' lang='lat' dir='ltr'><em>enim</em></span> <span class='ocrx_word' id='word_1_210' title='bbox 564 1715 693 1744; x_wconf 79' lang='lat' dir='ltr'><em>Thracia</em></span> <span class='ocrx_word' id='word_1_211' title='bbox 711 1715 922 1744; x_wconf 82' lang='lat' dir='ltr'><em>Chersonesus</em></span> <span class='ocrx_word' id='word_1_212' title='bbox 942 1714 1065 1752; x_wconf 78' lang='lat' dir='ltr'><em>antiqua</em></span> <span class='ocrx_word' id='word_1_213' title='bbox 1086 1714 1243 1752; x_wconf 85' lang='lat' dir='ltr'><em>possessio</em></span> <span class='ocrx_word' id='word_1_214' title='bbox 1259 1713 1514 1751; x_wconf 71' lang='lat' dir='ltr'><em>Atheniensium,</em></span> <span class='ocrx_word' id='word_1_215' title='bbox 1536 1714 1587 1753; x_wconf 87' lang='lat' dir='ltr'><em>qui</em></span> <span class='ocrx_word' id='word_1_216' title='bbox 1607 1714 1739 1753; x_wconf 84' lang='lat' dir='ltr'><em>Philippi</em></span> 
     </span>
     <span class='ocr_line' id='line_1_26' title="bbox 288 1763 1740 1804; baseline 0.001 -11"><span class='ocrx_word' id='word_1_217' title='bbox 288 1764 479 1804; x_wconf 81' lang='lat' dir='ltr'><em>temporibus</em></span> <span class='ocrx_word' id='word_1_218' title='bbox 496 1765 619 1795; x_wconf 82' lang='lat' dir='ltr'><em>colonos</em></span> <span class='ocrx_word' id='word_1_219' title='bbox 634 1776 650 1794; x_wconf 86' lang='lat' dir='ltr'><em>e</em></span> <span class='ocrx_word' id='word_1_220' title='bbox 673 1765 738 1795; x_wconf 83' lang='lat' dir='ltr'><em>suis</em></span> <span class='ocrx_word' id='word_1_221' title='bbox 756 1764 876 1795; x_wconf 87' lang='lat' dir='ltr'><em>civibus</em></span> <span class='ocrx_word' id='word_1_222' title='bbox 892 1764 967 1794; x_wconf 87' lang='lat' dir='ltr'><em>illuc</em></span> <span class='ocrx_word' id='word_1_223' title='bbox 983 1763 1142 1800; x_wconf 85' lang='lat' dir='ltr'><em>miserunt,</em></span> <span class='ocrx_word' id='word_1_224' title='bbox 1158 1763 1255 1793; x_wconf 85' lang='lat' dir='ltr'><em>veteri</em></span> <span class='ocrx_word' id='word_1_225' title='bbox 1271 1774 1355 1793; x_wconf 82' lang='lat' dir='ltr'><em>more</em></span> <span class='ocrx_word' id='word_1_226' title='bbox 1372 1775 1440 1799; x_wconf 88' lang='lat' dir='ltr'><em>suo,</em></span> <span class='ocrx_word' id='word_1_227' title='bbox 1455 1775 1515 1803; x_wconf 90' lang='lat' dir='ltr'><em>quo</em></span> <span class='ocrx_word' id='word_1_228' title='bbox 1530 1774 1679 1804; x_wconf 79' lang='lat' dir='ltr'><em>pauperes</em></span> <span class='ocrx_word' id='word_1_229' title='bbox 1695 1770 1740 1794; x_wconf 85' lang='lat' dir='ltr'><em>at-</em></span> 
     </span>
     <span class='ocr_line' id='line_1_27' title="bbox 288 1814 1741 1855; baseline 0.001 -11"><span class='ocrx_word' id='word_1_230' title='bbox 288 1826 348 1853; x_wconf 90' lang='lat' dir='ltr'><em>que</em></span> <span class='ocrx_word' id='word_1_231' title='bbox 364 1816 470 1853; x_wconf 83' lang='lat' dir='ltr'><em>inopes</em></span> <span class='ocrx_word' id='word_1_232' title='bbox 485 1816 571 1846; x_wconf 88' lang='lat' dir='ltr'><em>cives</em></span> <span class='ocrx_word' id='word_1_233' title='bbox 587 1816 616 1845; x_wconf 92' lang='lat' dir='ltr'><em>in</em></span> <span class='ocrx_word' id='word_1_234' title='bbox 634 1821 739 1845; x_wconf 80' lang='lat' dir='ltr'><em>extera</em></span> <span class='ocrx_word' id='word_1_235' title='bbox 756 1826 810 1845; x_wconf 87' lang='lat' dir='ltr'><em>sua</em></span> <span class='ocrx_word' id='word_1_236' title='bbox 826 1815 939 1855; x_wconf 76' lang='lat' dir='ltr'><em>oppida</em></span> <span class='ocrx_word' id='word_1_237' title='bbox 966 1814 1134 1844; x_wconf 75' lang='lat' dir='ltr'><em>habitatum</em></span> <span class='ocrx_word' id='word_1_238' title='bbox 1159 1814 1355 1853; x_wconf 80' lang='lat' dir='ltr'><em>ablegabant,</em></span> <span class='ocrx_word' id='word_1_239' title='bbox 1372 1815 1463 1844; x_wconf 89' lang='lat' dir='ltr'><em>armis</em></span> <span class='ocrx_word' id='word_1_240' title='bbox 1479 1820 1510 1844; x_wconf 85' lang='lat' dir='ltr'><em>et</em></span> <span class='ocrx_word' id='word_1_241' title='bbox 1528 1815 1637 1845; x_wconf 80' lang='lat' dir='ltr'><em>viatico</em></span> <span class='ocrx_word' id='word_1_242' title='bbox 1653 1826 1669 1845; x_wconf 87' lang='lat' dir='ltr'><em>e</em></span> <span class='ocrx_word' id='word_1_243' title='bbox 1685 1825 1741 1854; x_wconf 87' lang='lat' dir='ltr'><em>pu-</em></span> 
     </span>
     <span class='ocr_line' id='line_1_28' title="bbox 286 1864 1742 1906; baseline 0.002 -13"><span class='ocrx_word' id='word_1_244' title='bbox 286 1865 370 1894; x_wconf 83' lang='lat' dir='ltr'><em>blico</em></span> <span class='ocrx_word' id='word_1_245' title='bbox 385 1866 475 1896; x_wconf 82' lang='lat' dir='ltr'><em>datis.</em></span> <span class='ocrx_word' id='word_1_246' title='bbox 499 1866 534 1895; x_wconf 82' lang='lat' dir='ltr'><em>Id</em></span> <span class='ocrx_word' id='word_1_247' title='bbox 548 1867 629 1906; x_wconf 85' lang='lat' dir='ltr'><em>quod</em></span> <span class='ocrx_word' id='word_1_248' title='bbox 644 1877 724 1896; x_wconf 84' lang='lat' dir='ltr'><em>nunc</em></span> <span class='ocrx_word' id='word_1_249' title='bbox 740 1876 861 1905; x_wconf 86' lang='lat' dir='ltr'><em>quoque</em></span> <span class='ocrx_word' id='word_1_250' title='bbox 876 1867 988 1895; x_wconf 81' lang='lat' dir='ltr'><em>factum</em></span> <span class='ocrx_word' id='word_1_251' title='bbox 1001 1870 1058 1900; x_wconf 75' lang='lat' dir='ltr'><em>est,</em></span> <span class='ocrx_word' id='word_1_252' title='bbox 1071 1864 1172 1894; x_wconf 84' lang='lat' dir='ltr'><em>missis</em></span> <span class='ocrx_word' id='word_1_253' title='bbox 1190 1865 1218 1894; x_wconf 91' lang='lat' dir='ltr'><em>in</em></span> <span class='ocrx_word' id='word_1_254' title='bbox 1232 1865 1457 1895; x_wconf 88' lang='lat' dir='ltr'><em>Chersonesum</em></span> <span class='ocrx_word' id='word_1_255' title='bbox 1473 1865 1601 1902; x_wconf 87' lang='lat' dir='ltr'><em>colonis,</em></span> <span class='ocrx_word' id='word_1_256' title='bbox 1617 1871 1647 1896; x_wconf 81' lang='lat' dir='ltr'><em>et</em></span> <span class='ocrx_word' id='word_1_257' title='bbox 1665 1866 1742 1896; x_wconf 73' lang='lat' dir='ltr'><em>Dio-</em></span> 
     </span>
     <span class='ocr_line' id='line_1_29' title="bbox 287 1915 1742 1956; baseline 0.002 -12"><span class='ocrx_word' id='word_1_258' title='bbox 287 1916 371 1956; x_wconf 85' lang='lat' dir='ltr'><em>pithe</em></span> <span class='ocrx_word' id='word_1_259' title='bbox 386 1927 452 1945; x_wconf 89' lang='lat' dir='ltr'><em>cum</em></span> <span class='ocrx_word' id='word_1_260' title='bbox 476 1916 608 1956; x_wconf 88' lang='lat' dir='ltr'><em>imperio</em></span> <span class='ocrx_word' id='word_1_261' title='bbox 624 1916 668 1946; x_wconf 87' lang='lat' dir='ltr'><em>eis</em></span> <span class='ocrx_word' id='word_1_262' title='bbox 685 1917 842 1955; x_wconf 79' lang='lat' dir='ltr'><em>praefecto.</em></span> <span class='ocrx_word' id='word_1_263' title='bbox 878 1917 924 1946; x_wconf 83' lang='lat' dir='ltr'><em>Ac</em></span> <span class='ocrx_word' id='word_1_264' title='bbox 941 1915 1165 1946; x_wconf 71' lang='lat' dir='ltr'><em>Chersonesitae</em></span> <span class='ocrx_word' id='word_1_265' title='bbox 1181 1915 1304 1955; x_wconf 86' lang='lat' dir='ltr'><em>quidem</em></span> <span class='ocrx_word' id='word_1_266' title='bbox 1329 1915 1436 1954; x_wconf 83' lang='lat' dir='ltr'><em>reliqui</em></span> <span class='ocrx_word' id='word_1_267' title='bbox 1454 1927 1507 1946; x_wconf 87' lang='lat' dir='ltr'><em>eos</em></span> <span class='ocrx_word' id='word_1_268' title='bbox 1534 1917 1584 1955; x_wconf 87' lang='lat' dir='ltr'><em>qui</em></span> <span class='ocrx_word' id='word_1_269' title='bbox 1612 1917 1742 1947; x_wconf 81' lang='lat' dir='ltr'><em>advene-</em></span> 
     </span>
     <span class='ocr_line' id='line_1_30' title="bbox 288 1966 1742 2006; baseline 0.001 -10"><span class='ocrx_word' id='word_1_270' title='bbox 288 1972 357 1997; x_wconf 81' lang='lat' dir='ltr'><em>rant</em></span> <span class='ocrx_word' id='word_1_271' title='bbox 378 1969 407 1996; x_wconf 91' lang='lat' dir='ltr'><em>in</em></span> <span class='ocrx_word' id='word_1_272' title='bbox 432 1967 610 1997; x_wconf 77' lang='lat' dir='ltr'><em>societatem</em></span> <span class='ocrx_word' id='word_1_273' title='bbox 637 1968 747 1997; x_wconf 84' lang='lat' dir='ltr'><em>aedium</em></span> <span class='ocrx_word' id='word_1_274' title='bbox 776 1972 806 1997; x_wconf 84' lang='lat' dir='ltr'><em>et</em></span> <span class='ocrx_word' id='word_1_275' title='bbox 832 1977 974 2006; x_wconf 76' lang='lat' dir='ltr'><em>agrorum</em></span> <span class='ocrx_word' id='word_1_276' title='bbox 994 1971 1198 2006; x_wconf 85' lang='lat' dir='ltr'><em>receperunt:</em></span> <span class='ocrx_word' id='word_1_277' title='bbox 1224 1966 1366 1996; x_wconf 81' lang='lat' dir='ltr'><em>Cardiani</em></span> <span class='ocrx_word' id='word_1_278' title='bbox 1393 1977 1475 2001; x_wconf 81' lang='lat' dir='ltr'><em>vero,</em></span> <span class='ocrx_word' id='word_1_279' title='bbox 1491 1968 1571 2006; x_wconf 92' lang='lat' dir='ltr'><em>quod</em></span> <span class='ocrx_word' id='word_1_280' title='bbox 1589 1968 1742 2006; x_wconf 84' lang='lat' dir='ltr'><em>regionem</em></span> 
     </span>
     <span class='ocr_line' id='line_1_31' title="bbox 289 2017 1742 2058; baseline 0.001 -10"><span class='ocrx_word' id='word_1_281' title='bbox 289 2029 375 2048; x_wconf 88' lang='lat' dir='ltr'><em>suam</em></span> <span class='ocrx_word' id='word_1_282' title='bbox 397 2022 501 2048; x_wconf 83' lang='lat' dir='ltr'><em>tenere</em></span> <span class='ocrx_word' id='word_1_283' title='bbox 526 2029 558 2048; x_wconf 86' lang='lat' dir='ltr'><em>se</em></span> <span class='ocrx_word' id='word_1_284' title='bbox 582 2017 732 2053; x_wconf 85' lang='lat' dir='ltr'><em>dicerent,</em></span> <span class='ocrx_word' id='word_1_285' title='bbox 749 2028 807 2047; x_wconf 88' lang='lat' dir='ltr'><em>non</em></span> <span class='ocrx_word' id='word_1_286' title='bbox 827 2017 1068 2052; x_wconf 80' lang='lat' dir='ltr'><em>Atheniensium,</em></span> <span class='ocrx_word' id='word_1_287' title='bbox 1085 2017 1272 2057; x_wconf 80' lang='lat' dir='ltr'><em>repulerunt.</em></span> <span class='ocrx_word' id='word_1_288' title='bbox 1298 2018 1381 2047; x_wconf 89' lang='lat' dir='ltr'><em>Hino</em></span> <span class='ocrx_word' id='word_1_289' title='bbox 1395 2028 1412 2047; x_wconf 84' lang='lat' dir='ltr'>a</span> <span class='ocrx_word' id='word_1_290' title='bbox 1438 2018 1584 2058; x_wconf 84' lang='lat' dir='ltr'><em>Diopithe</em></span> <span class='ocrx_word' id='word_1_291' title='bbox 1600 2019 1742 2050; x_wconf 80' lang='lat' dir='ltr'><em>Cardiani</em></span> 
     </span>
     <span class='ocr_line' id='line_1_32' title="bbox 288 2068 1744 2109; baseline 0.002 -11"><span class='ocrx_word' id='word_1_292' title='bbox 288 2069 370 2098; x_wconf 83' lang='lat' dir='ltr'><em>hello</em></span> <span class='ocrx_word' id='word_1_293' title='bbox 387 2079 455 2098; x_wconf 86' lang='lat' dir='ltr'><em>cum</em></span> <span class='ocrx_word' id='word_1_294' title='bbox 473 2073 662 2108; x_wconf 85' lang='lat' dir='ltr'><em>peterentur,</em></span> <span class='ocrx_word' id='word_1_295' title='bbox 685 2069 722 2098; x_wconf 81' lang='lat' dir='ltr'><em>ud</em></span> <span class='ocrx_word' id='word_1_296' title='bbox 746 2068 920 2108; x_wconf 81' lang='lat' dir='ltr'><em>Philippum</em></span> <span class='ocrx_word' id='word_1_297' title='bbox 938 2068 1126 2107; x_wconf 80' lang='lat' dir='ltr'><em>confugiunt.</em></span> <span class='ocrx_word' id='word_1_298' title='bbox 1150 2069 1183 2098; x_wconf 86' lang='lat' dir='ltr'><em>Is</em></span> <span class='ocrx_word' id='word_1_299' title='bbox 1200 2068 1293 2108; x_wconf 85' lang='lat' dir='ltr'><em>igitur</em></span> <span class='ocrx_word' id='word_1_300' title='bbox 1309 2080 1362 2109; x_wconf 85' lang='lat' dir='ltr'><em>per</em></span> <span class='ocrx_word' id='word_1_301' title='bbox 1380 2069 1484 2098; x_wconf 79' lang='lat' dir='ltr'><em>literas</em></span> <span class='ocrx_word' id='word_1_302' title='bbox 1507 2069 1744 2101; x_wconf 82' lang='lat' dir='ltr'><em>Atheniensibus</em></span> 
     </span>
     <span class='ocr_line' id='line_1_33' title="bbox 289 2118 1743 2159; baseline 0.001 -10"><span class='ocrx_word' id='word_1_303' title='bbox 289 2119 395 2154; x_wconf 77' lang='lat' dir='ltr'><em>edicit,</em></span> <span class='ocrx_word' id='word_1_304' title='bbox 412 2130 448 2149; x_wconf 87' lang='lat' dir='ltr'><em>ne</em></span> <span class='ocrx_word' id='word_1_305' title='bbox 464 2119 623 2149; x_wconf 82' lang='lat' dir='ltr'><em>Cardianis</em></span> <span class='ocrx_word' id='word_1_306' title='bbox 641 2119 703 2149; x_wconf 86' lang='lat' dir='ltr'><em>suis</em></span> <span class='ocrx_word' id='word_1_307' title='bbox 719 2119 882 2149; x_wconf 77' lang='lat' dir='ltr'><em>clientibus</em></span> <span class='ocrx_word' id='word_1_308' title='bbox 915 2118 976 2149; x_wconf 88' lang='lat' dir='ltr'><em>vim</em></span> <span class='ocrx_word' id='word_1_309' title='bbox 993 2118 1126 2156; x_wconf 76' lang='lat' dir='ltr'><em>saciaut3</em></span> <span class='ocrx_word' id='word_1_310' title='bbox 1148 2119 1200 2149; x_wconf 84' lang='lat' dir='ltr'><em>sed</em></span> <span class='ocrx_word' id='word_1_311' title='bbox 1213 2120 1283 2158; x_wconf 90' lang='lat' dir='ltr'><em>jure</em></span> <span class='ocrx_word' id='word_1_312' title='bbox 1308 2124 1341 2149; x_wconf 90' lang='lat' dir='ltr'><em>ut</em></span> <span class='ocrx_word' id='word_1_313' title='bbox 1358 2125 1457 2159; x_wconf 83' lang='lat' dir='ltr'><em>agant,</em></span> <span class='ocrx_word' id='word_1_314' title='bbox 1474 2120 1500 2149; x_wconf 87' lang='lat' dir='ltr'><em>si</em></span> <span class='ocrx_word' id='word_1_315' title='bbox 1517 2130 1604 2159; x_wconf 88' lang='lat' dir='ltr'><em>quam</em></span> <span class='ocrx_word' id='word_1_316' title='bbox 1627 2121 1684 2150; x_wconf 88' lang='lat' dir='ltr'><em>sibi</em></span> <span class='ocrx_word' id='word_1_317' title='bbox 1701 2122 1743 2151; x_wconf 82' lang='lat' dir='ltr'><em>sa-</em></span> 
     </span>
     <span class='ocr_line' id='line_1_34' title="bbox 289 2169 1743 2210; baseline 0 -10"><span class='ocrx_word' id='word_1_318' title='bbox 289 2175 366 2200; x_wconf 72' lang='lat' dir='ltr'><em>ctam</em></span> <span class='ocrx_word' id='word_1_319' title='bbox 381 2181 447 2200; x_wconf 85' lang='lat' dir='ltr'><em>esse</em></span> <span class='ocrx_word' id='word_1_320' title='bbox 461 2170 597 2210; x_wconf 86' lang='lat' dir='ltr'><em>injuriam</em></span> <span class='ocrx_word' id='word_1_321' title='bbox 616 2174 789 2210; x_wconf 83' lang='lat' dir='ltr'><em>queruntur.</em></span> <span class='ocrx_word' id='word_1_322' title='bbox 815 2170 905 2207; x_wconf 89' lang='lat' dir='ltr'><em>Quod</em></span> <span class='ocrx_word' id='word_1_323' title='bbox 922 2180 990 2200; x_wconf 89' lang='lat' dir='ltr'><em>cum</em></span> <span class='ocrx_word' id='word_1_324' title='bbox 1003 2169 1208 2200; x_wconf 77' lang='lat' dir='ltr'><em>Athenienses</em></span> <span class='ocrx_word' id='word_1_325' title='bbox 1225 2171 1440 2205; x_wconf 75' lang='lat' dir='ltr'><em>detrectarent,</em></span> <span class='ocrx_word' id='word_1_326' title='bbox 1454 2170 1570 2200; x_wconf 80' lang='lat' dir='ltr'><em>auxilia</em></span> <span class='ocrx_word' id='word_1_327' title='bbox 1581 2171 1743 2201; x_wconf 80' lang='lat' dir='ltr'><em>Cardiunis</em></span> 
     </span>
     <span class='ocr_line' id='line_1_35' title="bbox 288 2220 1744 2261; baseline 0.001 -10"><span class='ocrx_word' id='word_1_328' title='bbox 288 2221 402 2251; x_wconf 82' lang='lat' dir='ltr'><em>mittit:</em></span> <span class='ocrx_word' id='word_1_329' title='bbox 426 2232 513 2260; x_wconf 79' lang='lat' dir='ltr'><em>quam</em></span> <span class='ocrx_word' id='word_1_330' title='bbox 532 2231 594 2251; x_wconf 89' lang='lat' dir='ltr'><em>rem</em></span> <span class='ocrx_word' id='word_1_331' title='bbox 611 2220 778 2259; x_wconf 86' lang='lat' dir='ltr'><em>Diopithes</em></span> <span class='ocrx_word' id='word_1_332' title='bbox 797 2220 932 2259; x_wconf 83' lang='lat' dir='ltr'><em>graviter</em></span> <span class='ocrx_word' id='word_1_333' title='bbox 948 2221 1060 2256; x_wconf 82' lang='lat' dir='ltr'><em>sereuS,</em></span> <span class='ocrx_word' id='word_1_334' title='bbox 1091 2221 1163 2250; x_wconf 87' lang='lat' dir='ltr'><em>dum</em></span> <span class='ocrx_word' id='word_1_335' title='bbox 1179 2220 1346 2260; x_wconf 81' lang='lat' dir='ltr'><em>Philippus</em></span> <span class='ocrx_word' id='word_1_336' title='bbox 1360 2221 1388 2250; x_wconf 89' lang='lat' dir='ltr'><em>in</em></span> <span class='ocrx_word' id='word_1_337' title='bbox 1407 2221 1638 2251; x_wconf 77' lang='lat' dir='ltr'><em>Mediterraneis</em></span> <span class='ocrx_word' id='word_1_338' title='bbox 1655 2232 1744 2261; x_wconf 83' lang='lat' dir='ltr'><em>supe-</em></span> 
     </span>
     <span class='ocr_line' id='line_1_36' title="bbox 289 2270 1745 2312; baseline 0.001 -10"><span class='ocrx_word' id='word_1_339' title='bbox 289 2272 378 2303; x_wconf 84' lang='lat' dir='ltr'><em>rioris</em></span> <span class='ocrx_word' id='word_1_340' title='bbox 394 2271 532 2302; x_wconf 73' lang='lat' dir='ltr'><em>Thracia:</em></span> <span class='ocrx_word' id='word_1_341' title='bbox 558 2282 626 2301; x_wconf 87' lang='lat' dir='ltr'><em>cum</em></span> <span class='ocrx_word' id='word_1_342' title='bbox 644 2271 847 2311; x_wconf 77' lang='lat' dir='ltr'><em>Odrysiorum</em></span> <span class='ocrx_word' id='word_1_343' title='bbox 867 2281 940 2310; x_wconf 84' lang='lat' dir='ltr'><em>rege</em></span> <span class='ocrx_word' id='word_1_344' title='bbox 956 2271 1067 2301; x_wconf 88' lang='lat' dir='ltr'><em>bellum</em></span> <span class='ocrx_word' id='word_1_345' title='bbox 1086 2271 1176 2311; x_wconf 87' lang='lat' dir='ltr'><em>gerit,</em></span> <span class='ocrx_word' id='word_1_346' title='bbox 1193 2270 1374 2301; x_wconf 80' lang='lat' dir='ltr'><em>maritimam</em></span> <span class='ocrx_word' id='word_1_347' title='bbox 1389 2272 1559 2307; x_wconf 85' lang='lat' dir='ltr'><em>Thraciam,</em></span> <span class='ocrx_word' id='word_1_348' title='bbox 1586 2283 1652 2312; x_wconf 78' lang='lat' dir='ltr'><em>quae</em></span> <span class='ocrx_word' id='word_1_349' title='bbox 1679 2275 1745 2303; x_wconf 82' lang='lat' dir='ltr'><em>Mn-</em></span> 
     </span>
     <span class='ocr_line' id='line_1_37' title="bbox 287 2323 1742 2363; baseline 0.001 -10"><span class='ocrx_word' id='word_1_350' title='bbox 287 2323 397 2353; x_wconf 85' lang='lat' dir='ltr'><em>cedoni</em></span> <span class='ocrx_word' id='word_1_351' title='bbox 414 2323 782 2362; x_wconf 83' lang='lat' dir='ltr'><em>parcbat,incursionibus</em></span> <span class='ocrx_word' id='word_1_352' title='bbox 802 2328 894 2352; x_wconf 75' lang='lat' dir='ltr'><em>vexat.</em></span> <span class='ocrx_word' id='word_1_353' title='bbox 909 2327 940 2353; x_wconf 82' lang='lat' dir='ltr'><em>et</em></span> <span class='ocrx_word' id='word_1_354' title='bbox 956 2323 1138 2363; x_wconf 52' lang='lat' dir='ltr'><em>populatum</em></span> <span class='ocrx_word' id='word_1_355' title='bbox 1162 2333 1197 2352; x_wconf 80' lang='lat' dir='ltr'><em>ac</em></span> <span class='ocrx_word' id='word_1_356' title='bbox 1213 2327 1371 2361; x_wconf 77' lang='lat' dir='ltr'><em>antequam</em></span> <span class='ocrx_word' id='word_1_357' title='bbox 1388 2323 1555 2363; x_wconf 87' lang='lat' dir='ltr'><em>Philippus</em></span> <span class='ocrx_word' id='word_1_358' title='bbox 1572 2330 1742 2355; x_wconf 77' lang='lat' dir='ltr'><em>revertere-</em></span> 
     </span>
     <span class='ocr_line' id='line_1_38' title="bbox 290 2372 1743 2413; baseline 0.002 -10"><span class='ocrx_word' id='word_1_359' title='bbox 290 2379 352 2409; x_wconf 80' lang='lat' dir='ltr'><em>tur,</em></span> <span class='ocrx_word' id='word_1_360' title='bbox 371 2383 526 2412; x_wconf 85' lang='lat' dir='ltr'><em>regressus</em></span> <span class='ocrx_word' id='word_1_361' title='bbox 543 2373 574 2402; x_wconf 93' lang='lat' dir='ltr'><em>in</em></span> <span class='ocrx_word' id='word_1_362' title='bbox 590 2373 825 2408; x_wconf 82' lang='lat' dir='ltr'><em>Chersonesum,</em></span> <span class='ocrx_word' id='word_1_363' title='bbox 843 2374 872 2402; x_wconf 90' lang='lat' dir='ltr'><em>in</em></span> <span class='ocrx_word' id='word_1_364' title='bbox 888 2378 952 2402; x_wconf 81' lang='lat' dir='ltr'><em>tuta</em></span> <span class='ocrx_word' id='word_1_365' title='bbox 968 2383 1001 2403; x_wconf 85' lang='lat' dir='ltr'><em>se</em></span> <span class='ocrx_word' id='word_1_366' title='bbox 1018 2372 1140 2412; x_wconf 87' lang='lat' dir='ltr'><em>recipit.</em></span> <span class='ocrx_word' id='word_1_367' title='bbox 1170 2373 1274 2410; x_wconf 85' lang='lat' dir='ltr'><em>Quare</em></span> <span class='ocrx_word' id='word_1_368' title='bbox 1291 2383 1359 2403; x_wconf 86' lang='lat' dir='ltr'><em>cum</em></span> <span class='ocrx_word' id='word_1_369' title='bbox 1378 2374 1543 2413; x_wconf 87' lang='lat' dir='ltr'><em>Philippus</em></span> <span class='ocrx_word' id='word_1_370' title='bbox 1559 2376 1650 2405; x_wconf 80' lang='lat' dir='ltr'><em>armis</em></span> <span class='ocrx_word' id='word_1_371' title='bbox 1675 2387 1743 2406; x_wconf 73' lang='lat' dir='ltr'><em>eum</em></span> 
     </span>
     <span class='ocr_line' id='line_1_39' title="bbox 291 2423 1747 2466; baseline 0.002 -12"><span class='ocrx_word' id='word_1_372' title='bbox 291 2424 397 2454; x_wconf 84' lang='lat' dir='ltr'><em>ulcisci</em></span> <span class='ocrx_word' id='word_1_373' title='bbox 414 2435 471 2453; x_wconf 85' lang='lat' dir='ltr'><em>non</em></span> <span class='ocrx_word' id='word_1_374' title='bbox 487 2429 602 2462; x_wconf 85' lang='lat' dir='ltr'><em>posset,</em></span> <span class='ocrx_word' id='word_1_375' title='bbox 621 2434 675 2462; x_wconf 87' lang='lat' dir='ltr'><em>per</em></span> <span class='ocrx_word' id='word_1_376' title='bbox 690 2424 796 2454; x_wconf 85' lang='lat' dir='ltr'><em>literas</em></span> <span class='ocrx_word' id='word_1_377' title='bbox 813 2424 920 2454; x_wconf 78' lang='lat' dir='ltr'><em>ducem</em></span> <span class='ocrx_word' id='word_1_378' title='bbox 939 2423 1024 2454; x_wconf 90' lang='lat' dir='ltr'><em>illum</em></span> <span class='ocrx_word' id='word_1_379' title='bbox 1042 2424 1123 2463; x_wconf 80' lang='lat' dir='ltr'><em>apud</em></span> <span class='ocrx_word' id='word_1_380' title='bbox 1140 2424 1342 2454; x_wconf 81' lang='lat' dir='ltr'><em>Athenienses</em></span> <span class='ocrx_word' id='word_1_381' title='bbox 1361 2431 1493 2460; x_wconf 82' lang='lat' dir='ltr'><em>accusat,</em></span> <span class='ocrx_word' id='word_1_382' title='bbox 1511 2431 1542 2455; x_wconf 94' lang='lat' dir='ltr'><em>ut</em></span> <span class='ocrx_word' id='word_1_383' title='bbox 1567 2427 1617 2465; x_wconf 93' lang='lat' dir='ltr'><em>qui</em></span> <span class='ocrx_word' id='word_1_384' title='bbox 1642 2433 1747 2466; x_wconf 78' lang='lat' dir='ltr'><em>aperte</em></span> 
     </span>
     <span class='ocr_line' id='line_1_40' title="bbox 292 2474 1745 2517; baseline 0.001 -11"><span class='ocrx_word' id='word_1_385' title='bbox 292 2486 399 2515; x_wconf 77' lang='lat' dir='ltr'><em>paoem</em></span> <span class='ocrx_word' id='word_1_386' title='bbox 418 2476 571 2505; x_wconf 77' lang='lat' dir='ltr'><em>violasset.</em></span> <span class='ocrx_word' id='word_1_387' title='bbox 600 2476 743 2504; x_wconf 78' lang='lat' dir='ltr'><em>Oratores</em></span> <span class='ocrx_word' id='word_1_388' title='bbox 759 2475 861 2513; x_wconf 80' lang='lat' dir='ltr'><em>itaque</em></span> <span class='ocrx_word' id='word_1_389' title='bbox 879 2474 1018 2515; x_wconf 86' lang='lat' dir='ltr'><em>Philippi</em></span> <span class='ocrx_word' id='word_1_390' title='bbox 1035 2474 1217 2510; x_wconf 84' lang='lat' dir='ltr'><em>studiosi‚in</em></span> <span class='ocrx_word' id='word_1_391' title='bbox 1237 2475 1407 2514; x_wconf 84' lang='lat' dir='ltr'><em>Diopithen</em></span> <span class='ocrx_word' id='word_1_392' title='bbox 1421 2476 1544 2511; x_wconf 84' lang='lat' dir='ltr'><em>invecti,</em></span> <span class='ocrx_word' id='word_1_393' title='bbox 1561 2478 1745 2517; x_wconf 84' lang='lat' dir='ltr'><em>supplicium</em></span> 
     </span>
     <span class='ocr_line' id='line_1_41' title="bbox 297 2525 1747 2566; baseline 0.001 -9"><span class='ocrx_word' id='word_1_394' title='bbox 297 2529 335 2557; x_wconf 87' lang='lat' dir='ltr'><em>de</em></span> <span class='ocrx_word' id='word_1_395' title='bbox 351 2538 387 2556; x_wconf 81' lang='lat' dir='ltr'><em>eo</em></span> <span class='ocrx_word' id='word_1_396' title='bbox 404 2526 480 2556; x_wconf 79' lang='lat' dir='ltr'><em>suini</em></span> <span class='ocrx_word' id='word_1_397' title='bbox 506 2526 632 2565; x_wconf 82' lang='lat' dir='ltr'><em>jubent:</em></span> <span class='ocrx_word' id='word_1_398' title='bbox 658 2527 770 2565; x_wconf 82' lang='lat' dir='ltr'><em>quibus</em></span> <span class='ocrx_word' id='word_1_399' title='bbox 787 2527 1010 2556; x_wconf 73' lang='lat' dir='ltr'><em>Demosthenes</em></span> <span class='ocrx_word' id='word_1_400' title='bbox 1026 2525 1218 2561; x_wconf 74' lang='lat' dir='ltr'><em>adversatus,</em></span> <span class='ocrx_word' id='word_1_401' title='bbox 1235 2526 1352 2564; x_wconf 84' lang='lat' dir='ltr'><em>duplici</em></span> <span class='ocrx_word' id='word_1_402' title='bbox 1371 2526 1486 2556; x_wconf 80' lang='lat' dir='ltr'><em>ratione</em></span> <span class='ocrx_word' id='word_1_403' title='bbox 1503 2527 1668 2566; x_wconf 83' lang='lat' dir='ltr'><em>Dinpithen</em></span> <span class='ocrx_word' id='word_1_404' title='bbox 1693 2529 1747 2558; x_wconf 86' lang='lat' dir='ltr'><em>de-</em></span> 
     </span>
     <span class='ocr_line' id='line_1_42' title="bbox 293 2577 1744 2618; baseline 0.001 -10"><span class='ocrx_word' id='word_1_405' title='bbox 293 2579 398 2609; x_wconf 76' lang='lat' dir='ltr'><em>fendit.</em></span> <span class='ocrx_word' id='word_1_406' title='bbox 422 2579 499 2608; x_wconf 87' lang='lat' dir='ltr'><em>Eum</em></span> <span class='ocrx_word' id='word_1_407' title='bbox 517 2578 594 2606; x_wconf 87' lang='lat' dir='ltr'><em>enim</em></span> <span class='ocrx_word' id='word_1_408' title='bbox 621 2577 724 2615; x_wconf 85' lang='lat' dir='ltr'><em>inique</em></span> <span class='ocrx_word' id='word_1_409' title='bbox 749 2578 858 2607; x_wconf 76' lang='lat' dir='ltr'><em>fecisse</em></span> <span class='ocrx_word' id='word_1_410' title='bbox 876 2577 1036 2616; x_wconf 75' lang='lat' dir='ltr'><em>quicquum</em></span> <span class='ocrx_word' id='word_1_411' title='bbox 1061 2580 1172 2615; x_wconf 79' lang='lat' dir='ltr'><em>negat;</em></span> <span class='ocrx_word' id='word_1_412' title='bbox 1196 2586 1262 2606; x_wconf 79' lang='lat' dir='ltr'><em>num</em></span> <span class='ocrx_word' id='word_1_413' title='bbox 1280 2587 1348 2606; x_wconf 86' lang='lat' dir='ltr'><em>cum</em></span> <span class='ocrx_word' id='word_1_414' title='bbox 1376 2578 1537 2617; x_wconf 80' lang='lat' dir='ltr'><em>Philippus</em></span> <span class='ocrx_word' id='word_1_415' title='bbox 1554 2580 1643 2618; x_wconf 89' lang='lat' dir='ltr'><em>longe</em></span> <span class='ocrx_word' id='word_1_416' title='bbox 1660 2579 1744 2618; x_wconf 79' lang='lat' dir='ltr'><em>prior</em></span> 
     </span>
     <span class='ocr_line' id='line_1_43' title="bbox 292 2625 1746 2668; baseline 0.001 -10"><span class='ocrx_word' id='word_1_417' title='bbox 292 2640 398 2668; x_wconf 83' lang='lat' dir='ltr'><em>pacem</em></span> <span class='ocrx_word' id='word_1_418' title='bbox 414 2628 547 2663; x_wconf 84' lang='lat' dir='ltr'><em>violarit,</em></span> <span class='ocrx_word' id='word_1_419' title='bbox 565 2632 595 2657; x_wconf 80' lang='lat' dir='ltr'><em>et</em></span> <span class='ocrx_word' id='word_1_420' title='bbox 610 2627 676 2656; x_wconf 88' lang='lat' dir='ltr'><em>urbi</em></span> <span class='ocrx_word' id='word_1_421' title='bbox 692 2626 922 2656; x_wconf 81' lang='lat' dir='ltr'><em>Atheniensium</em></span> <span class='ocrx_word' id='word_1_422' title='bbox 938 2631 1056 2661; x_wconf 78' lang='lat' dir='ltr'><em>noceat,</em></span> <span class='ocrx_word' id='word_1_423' title='bbox 1074 2636 1131 2655; x_wconf 91' lang='lat' dir='ltr'><em>non</em></span> <span class='ocrx_word' id='word_1_424' title='bbox 1146 2625 1257 2666; x_wconf 86' lang='lat' dir='ltr'><em>injuria</em></span> <span class='ocrx_word' id='word_1_425' title='bbox 1274 2627 1353 2656; x_wconf 87' lang='lat' dir='ltr'><em>hunc</em></span> <span class='ocrx_word' id='word_1_426' title='bbox 1367 2627 1454 2657; x_wconf 82' lang='lat' dir='ltr'><em>etiam</em></span> <span class='ocrx_word' id='word_1_427' title='bbox 1474 2639 1505 2657; x_wconf 89' lang='lat' dir='ltr'><em>se</em></span> <span class='ocrx_word' id='word_1_428' title='bbox 1522 2639 1577 2668; x_wconf 86' lang='lat' dir='ltr'><em>pro</em></span> <span class='ocrx_word' id='word_1_429' title='bbox 1595 2630 1679 2659; x_wconf 84' lang='lat' dir='ltr'><em>hoste</em></span> <span class='ocrx_word' id='word_1_430' title='bbox 1696 2641 1746 2668; x_wconf 81' lang='lat' dir='ltr'><em>ge-</em></span> 
     </span>
     <span class='ocr_line' id='line_1_44' title="bbox 290 2677 1747 2718; baseline 0 -9"><span class='ocrx_word' id='word_1_431' title='bbox 290 2691 358 2709; x_wconf 81' lang='lat' dir='ltr'><em>rere</em></span> <span class='ocrx_word' id='word_1_432' title='bbox 373 2690 380 2716; x_wconf 79' lang='lat'><em>3</em></span> <span class='ocrx_word' id='word_1_433' title='bbox 404 2689 459 2709; x_wconf 86' lang='lat' dir='ltr'><em>nec</em></span> <span class='ocrx_word' id='word_1_434' title='bbox 476 2689 545 2708; x_wconf 78' lang='lat' dir='ltr'><em>esse</em></span> <span class='ocrx_word' id='word_1_435' title='bbox 569 2688 585 2707; x_wconf 90' lang='lat' dir='ltr'><em>e</em></span> <span class='ocrx_word' id='word_1_436' title='bbox 614 2677 773 2716; x_wconf 82' lang='lat' dir='ltr'><em>republica</em></span> <span class='ocrx_word' id='word_1_437' title='bbox 797 2688 864 2707; x_wconf 84' lang='lat' dir='ltr'><em>eum</em></span> <span class='ocrx_word' id='word_1_438' title='bbox 894 2678 1105 2718; x_wconf 80' lang='lat' dir='ltr'><em>imperatorem</em></span> <span class='ocrx_word' id='word_1_439' title='bbox 1122 2677 1271 2715; x_wconf 85' lang='lat' dir='ltr'><em>supplicio</em></span> <span class='ocrx_word' id='word_1_440' title='bbox 1286 2678 1376 2714; x_wconf 80' lang='lat' dir='ltr'><em>affici,</em></span> <span class='ocrx_word' id='word_1_441' title='bbox 1389 2683 1419 2708; x_wconf 85' lang='lat' dir='ltr'><em>et</em></span> <span class='ocrx_word' id='word_1_442' title='bbox 1435 2680 1500 2717; x_wconf 85' lang='lat' dir='ltr'><em>ejus</em></span> <span class='ocrx_word' id='word_1_443' title='bbox 1513 2680 1682 2709; x_wconf 81' lang='lat' dir='ltr'><em>exercitum</em></span> <span class='ocrx_word' id='word_1_444' title='bbox 1699 2681 1747 2710; x_wconf 87' lang='lat' dir='ltr'><em>di-</em></span> 
     </span>
     <span class='ocr_line' id='line_1_45' title="bbox 292 2728 1748 2769; baseline 0.001 -9"><span class='ocrx_word' id='word_1_445' title='bbox 292 2732 386 2765; x_wconf 85' lang='lat' dir='ltr'><em>mitti,</em></span> <span class='ocrx_word' id='word_1_446' title='bbox 402 2730 453 2769; x_wconf 86' lang='lat' dir='ltr'><em>qui</em></span> <span class='ocrx_word' id='word_1_447' title='bbox 470 2740 547 2759; x_wconf 88' lang='lat' dir='ltr'><em>nunc</em></span> <span class='ocrx_word' id='word_1_448' title='bbox 564 2728 739 2767; x_wconf 85' lang='lat' dir='ltr'><em>Philippum</em></span> <span class='ocrx_word' id='word_1_449' title='bbox 757 2728 940 2757; x_wconf 81' lang='lat' dir='ltr'><em>Chersonesi</em></span> <span class='ocrx_word' id='word_1_450' title='bbox 958 2728 1040 2758; x_wconf 85' lang='lat' dir='ltr'><em>aditu</em></span> <span class='ocrx_word' id='word_1_451' title='bbox 1057 2728 1225 2767; x_wconf 80' lang='lat' dir='ltr'><em>prohibeat.</em></span> <span class='ocrx_word' id='word_1_452' title='bbox 1258 2729 1398 2768; x_wconf 81' lang='lat' dir='ltr'><em>Denique</em></span> <span class='ocrx_word' id='word_1_453' title='bbox 1417 2731 1454 2760; x_wconf 78' lang='lat' dir='ltr'><em>ad</em></span> <span class='ocrx_word' id='word_1_454' title='bbox 1470 2730 1581 2760; x_wconf 85' lang='lat' dir='ltr'><em>bellum</em></span> <span class='ocrx_word' id='word_1_455' title='bbox 1601 2731 1748 2765; x_wconf 79' lang='lat' dir='ltr'><em>hortatur.</em></span> 
     </span>
    </p>
   </div>
   <div class='ocr_carea' id='block_1_5' title="bbox 293 2779 1745 2870">
    <p class='ocr_par' dir='ltr' id='par_1_5' title="bbox 293 2779 1745 2870">
     <span class='ocr_line' id='line_1_46' title="bbox 293 2779 1745 2820; baseline 0.001 -10"><span class='ocrx_word' id='word_1_456' title='bbox 293 2786 322 2811; x_wconf 89' lang='lat' dir='ltr'><em>et</em></span> <span class='ocrx_word' id='word_1_457' title='bbox 340 2781 536 2810; x_wconf 72' lang='lat' dir='ltr'><em>vehementer</em></span> <span class='ocrx_word' id='word_1_458' title='bbox 550 2779 724 2818; x_wconf 82' lang='lat' dir='ltr'><em>Philippum</em></span> <span class='ocrx_word' id='word_1_459' title='bbox 740 2783 874 2815; x_wconf 77' lang='lat' dir='ltr'><em>accusat,</em></span> <span class='ocrx_word' id='word_1_460' title='bbox 889 2784 921 2809; x_wconf 89' lang='lat' dir='ltr'><em>ut</em></span> <span class='ocrx_word' id='word_1_461' title='bbox 937 2779 1079 2818; x_wconf 84' lang='lat' dir='ltr'><em>injurium</em></span> <span class='ocrx_word' id='word_1_462' title='bbox 1093 2785 1123 2810; x_wconf 87' lang='lat' dir='ltr'><em>et</em></span> <span class='ocrx_word' id='word_1_463' title='bbox 1139 2779 1346 2820; x_wconf 81' lang='lat' dir='ltr'><em>soedifragum,</em></span> <span class='ocrx_word' id='word_1_464' title='bbox 1363 2786 1393 2811; x_wconf 86' lang='lat' dir='ltr'><em>et</em></span> <span class='ocrx_word' id='word_1_465' title='bbox 1406 2780 1640 2811; x_wconf 82' lang='lat' dir='ltr'><em>Atheniensibus</em></span> <span class='ocrx_word' id='word_1_466' title='bbox 1657 2782 1745 2812; x_wconf 81' lang='lat' dir='ltr'><em>simul</em></span> 
     </span>
     <span class='ocr_line' id='line_1_47' title="bbox 294 2829 820 2870; baseline -0.006 -8"><span class='ocrx_word' id='word_1_467' title='bbox 294 2837 323 2862; x_wconf 77' lang='lat' dir='ltr'><em>et</em></span> <span class='ocrx_word' id='word_1_468' title='bbox 340 2831 464 2870; x_wconf 79' lang='lat' dir='ltr'><em>reliquis</em></span> <span class='ocrx_word' id='word_1_469' title='bbox 481 2830 598 2860; x_wconf 58' lang='grc' dir='ltr'><em>(ἐι-«νεὶ»-</em></span> <span class='ocrx_word' id='word_1_470' title='bbox 616 2829 820 2859; x_wconf 74' lang='lat' dir='ltr'><em>insitliaiiteiii.</em></span> 
     </span>
    </p>
   </div>
  </div>
 </body>
</html>
