1923 3149
280 154 355 191 380
652 156 873 195 CONTRA
901 156 1346 196 ARISTOCRATEM.

277 268 367 294 cum
386 255 448 293 lex
469 256 671 294 manifeste
698 257 752 295 sic
781 258 898 305 dicat,
926 273 1002 297 non
1036 261 1136 298 ultra
1166 260 1349 297 terminos
1374 258 1660 309 exagitandum,
1681 264 1722 295 tu

277 328 370 353 vero
397 316 654 366 undecunque
684 318 894 368 abripiendi
932 319 1155 357 facultatem
1187 318 1407 357 concedas?
1463 320 1522 356 Ac
1550 319 1610 355 lex
1646 330 1722 355 non

275 376 393 414 modo
414 390 490 414 non
509 378 701 428 exagitare
731 379 820 417 sinit
852 380 951 418 ultra
969 381 1184 425 terminum,
1206 380 1274 418 sed
1300 393 1372 418 nec
1396 380 1585 429 arripere:
1615 391 1635 416 e
1656 386 1724 415 tuo

278 443 407 474 autern
427 436 581 476 decreto
601 439 816 489 cuicunque
847 440 992 478 libitum
1013 442 1141 486 fuerit,
1162 443 1194 479 is
1222 454 1322 486 eum,
1340 441 1404 490 qui
1423 440 1568 477 caedem
1584 439 1724 476 invitus

277 498 426 545 fecerit,
446 500 700 549 proscriptum
728 508 877 545 nactus,
905 515 972 551 pcr
993 503 1067 539 vim
1103 502 1271 539 abducet
1299 502 1337 538 in
1368 501 1492 552 patria
1523 499 1725 538 interfecti.

278 559 339 595 An
360 572 436 597 non
462 559 577 610 igitur
592 561 794 598 confundis
820 561 906 611 jura
924 562 1090 600 humana
1110 563 1249 607 omnia,
1270 568 1309 599 et
1327 575 1408 599 eam
1431 573 1588 599 causam
1606 559 1725 605 tollis,

279 632 368 657 cum
385 633 461 670 qua
475 632 638 670 quaeque
650 621 766 667 facta,
779 622 837 659 vel
854 622 1027 669 honesta,
1040 624 1100 661 vel
1116 624 1241 673 turpia
1261 622 1379 660 sunt?
1409 621 1558 659 Videtis
1574 620 1674 658 enim
1687 620 1725 656 in

279 683 471 728 omnibus,
490 696 566 719 non
587 682 814 732 capitalibus
833 690 981 721 tantum
997 685 1161 735 legibus,
1174 686 1227 722 ita
1241 698 1324 722 esse
1344 684 1541 734 scriptum.
1572 681 1612 718 Si
1627 681 1724 731 quis,

279 743 417 793 inquit,
437 743 597 793 pulsarit
615 744 846 793 quempiam,
867 757 945 782 non
962 745 1162 783 lacessitus
1182 746 1319 794 injuria
1339 745 1539 781 nimirum:
1570 742 1673 792 quod
1694 743 1725 779 si

280 816 322 840 se
349 803 573 848 defenderit,
600 816 676 840 non
697 811 844 853 peccet.
902 805 943 841 Si
966 805 1051 854 quis
1077 806 1248 850 convicia
1266 805 1413 849 dixerit,
1434 804 1544 848 falso,
1560 802 1727 853 adjecitz

279 863 397 912 quod,
415 863 446 899 si
464 876 563 908 vere,
584 864 744 902 licuerit.
794 864 833 902 Si
850 864 933 914 quis
953 866 1152 911 occiderit,
1171 866 1367 904 consulto:
1396 864 1498 915 quod
1519 863 1550 901 si
1569 864 1726 907 invitus,

280 923 383 961 aliud
399 923 480 974 jam
501 924 562 961 sit.
620 924 660 962 Si
674 925 759 975 quis
779 925 965 962 damnum
980 926 1093 963 alicui
1109 926 1270 971 dederit,
1283 926 1429 970 volem,
1443 937 1509 974 per
1529 923 1723 973 injuriam:

278 984 421 1035 ubique
441 985 604 1034 denique
635 998 713 1023 rein
741 999 859 1023 causa
889 987 1103 1025 confirmari
1135 987 1384 1024 inveniemus.
1431 984 1546 1036 Apud
1574 991 1612 1020 te
1638 995 1728 1020 vero

279 1045 410 1083 aliter:
439 1045 476 1081 in
494 1045 709 1083 universum
727 1045 841 1090 enim,
856 1047 886 1084 si
906 1047 991 1096 quis
1008 1048 1277 1085 Charidemum
1297 1046 1490 1091 occiderit,
1510 1044 1729 1095 abripiatur,

281 1106 361 1143 sive
395 1106 550 1152 invitus,
581 1105 661 1145 sive
687 1107 787 1157 jure,
813 1108 891 1145 sive
919 1121 960 1145 se
990 1109 1218 1156 defendens,
1237 1108 1313 1151 sive
1334 1109 1381 1145 ob
1402 1120 1448 1145 ea
1467 1118 1552 1157 quae
1571 1105 1724 1156 legibus

278 1167 476 1214 jubentur,
496 1167 574 1204 sive
594 1180 825 1218 quocunque
846 1169 974 1207 modo.

335 1229 402 1265 ·10.
433 1227 534 1278 Lege
554 1234 779 1279 sequentem
798 1229 937 1280 legem.

947 1373 1060 1411 LEX.

327 1474 430 1504 Caedis
447 1473 580 1506 nationes
596 1485 632 1509 ne
649 1478 738 1505 sunto
754 1484 879 1515 usquam
905 1474 936 1505 in
959 1485 1013 1505 eos
1029 1474 1079 1513 qui
1106 1475 1232 1505 exsules
1248 1476 1398 1511 deserunt,
1420 1474 1445 1504 si
1472 1474 1540 1514 quis
1565 1484 1603 1504 eo
1626 1474 1734 1504 redeat

286 1535 345 1564 quo
362 1535 419 1554 uon
435 1524 519 1554 licet.

287 1608 367 1645 Lex
394 1608 479 1645 haec
514 1607 703 1646 Draconis
731 1615 803 1653 est,
824 1608 1096 1654 Athenienses,
1116 1614 1155 1646 et
1173 1608 1326 1659 reliquae
1347 1621 1443 1658 quas
1464 1621 1484 1645 e
1505 1607 1731 1659 capitalibus

286 1668 486 1718 adscripsi.
542 1667 834 1706 consideranda
854 1676 944 1706 sunt
963 1676 1091 1706 autem
1121 1682 1167 1706 ea
1198 1683 1283 1719 quae
1313 1670 1428 1707 dicit:
1469 1670 1518 1706 in
1546 1682 1625 1707 eos
1653 1670 1734 1719 qui

286 1728 571 1767 homicidas
600 1742 653 1767 eo
681 1742 771 1783 quo
800 1730 1036 1767 nonlicet
1062 1730 1326 1768 redeuntes
1356 1730 1590 1777 indicant,
1619 1731 1734 1768 acti-

287 1801 403 1826 ones
432 1789 584 1827 caedis
624 1803 679 1827 ne
723 1796 879 1828 sunto.
937 1789 1011 1827 Hic
1042 1790 1118 1828 duo
1142 1791 1231 1841 jura
1258 1791 1463 1840 significat,
1488 1797 1621 1828 contra
1645 1803 1733 1841 quae

286 1855 450 1899 utraque
471 1850 542 1886 iste
563 1851 940 1888 senatusconsultum
961 1850 1076 1887 fecit:
1108 1863 1194 1887 nam
1214 1863 1260 1887 ea
1280 1858 1319 1888 et
1338 1850 1484 1887 deferre
1504 1849 1734 1888 homicidam

285 1909 485 1960 permittit,
505 1916 543 1946 et
563 1922 640 1946 non
656 1910 745 1946 sinit
763 1912 810 1947 ab
830 1910 908 1947 ullo
928 1910 1077 1960 privata
1091 1911 1328 1956 auctoritate,
1350 1911 1380 1947 si
1399 1910 1650 1961 proscriptum
1666 1924 1733 1950 na-

287 1977 373 2007 ctus
386 1971 445 2014 sit,
466 1970 611 2020 abripi:
641 1971 755 2020 idque
773 1977 854 2007 tum
883 1971 1050 2016 demum,
1071 1971 1102 2007 si
1121 1971 1206 2020 quis
1231 1971 1366 2008 redeat
1383 1983 1459 2021 quo
1478 1983 1552 2008 non
1573 1971 1678 2017 licet,
1698 1978 1738 2009 et

288 2031 383 2068 illud
398 2031 519 2081 ipsum
535 2031 728 2081 permittit,
745 2044 821 2068 non
836 2031 1053 2081 ubicunque
1071 2031 1232 2068 voluerit
1250 2030 1398 2081 aliquis.
1454 2032 1542 2072 Quo
1556 2044 1645 2068 vero
1660 2045 1737 2069 non
1771 2050 1775 2053 -

289 2090 408 2128 licet?
437 2090 525 2133 Qua
551 2090 635 2140 quis
665 2090 849 2128 exsularit
877 2092 985 2129 urbe.
1025 2090 1131 2129 Ubi?
1173 2091 1297 2128 Etiam
1316 2090 1389 2129 hoc
1408 2083 1520 2129 valde
1539 2092 1736 2142 perspicue

292 2151 485 2189 ostendit:
527 2150 564 2188 si
605 2151 712 2201 quis
755 2151 973 2197 redierit,
1013 2151 1149 2201 inquit.
1204 2151 1290 2189 Hoc
1310 2165 1400 2199 vero
1416 2165 1492 2189 non
1512 2152 1587 2189 alio
1606 2153 1735 2189 referri

290 2219 435 2262 potest,
456 2224 571 2262 quam
600 2212 650 2248 ad
678 2225 761 2249 eam
784 2214 929 2258 urbem,
948 2225 1024 2261 qua
1043 2212 1128 2261 quis
1149 2212 1344 2250 exsularit.
1393 2212 1494 2256 Nam
1515 2213 1623 2263 cujus
1643 2213 1735 2250 civi-

292 2273 455 2322 tatisjus
477 2272 611 2321 aliquis
630 2284 786 2322 prorsus
801 2285 878 2310 non
894 2273 1032 2317 amisit,
1045 2271 1083 2308 in
1098 2284 1180 2309 eam
1197 2272 1326 2322 utique
1341 2271 1487 2310 restitui
1503 2285 1578 2308 non
1595 2278 1736 2322 potest.

295 2333 373 2370 Lex
391 2333 506 2382 igitur
530 2331 724 2369 deferendi
749 2333 813 2383 jus
845 2333 963 2378 dedit,
984 2333 1111 2382 idque,
1133 2332 1164 2369 si
1184 2332 1317 2370 redeat
1335 2345 1412 2383 quo
1430 2345 1506 2369 non
1525 2332 1636 2369 licet:
1666 2332 1738 2370 iste

295 2400 438 2437 autem,
473 2392 592 2442 abripi
624 2392 750 2439 liceat,
785 2393 920 2445 inquit,
952 2393 1041 2431 inde
1073 2393 1202 2440 etiam,
1234 2392 1299 2431 ubi
1331 2392 1506 2430 exsulare
1539 2392 1599 2430 lex
1629 2392 1739 2431 nulla

294 2454 482 2505 prohibet.

353 2516 414 2552 11.
445 2514 580 2552 Recita
598 2514 735 2564 legem.

965 2634 1080 2670 LEX.

341 2733 375 2763 Si
387 2733 455 2772 quis
471 2732 618 2763 occiderit
635 2733 663 2762 in
679 2733 760 2764 ludis
776 2734 901 2769 invitus,
916 2740 969 2764 aut
991 2734 1021 2764 in
1039 2733 1147 2764 itinere
1170 2733 1380 2772 prostraverit,
1396 2738 1447 2762 aut
1466 2732 1496 2762 in
1513 2732 1595 2762 bello
1623 2732 1737 2771 impru-

298 2784 385 2819 dens,
400 2788 450 2812 aut
465 2784 686 2822 deprehensum
711 2784 789 2823 apud
807 2794 945 2819 uxorem,
962 2789 1013 2812 aut
1028 2785 1108 2822 npud
1128 2789 1265 2818 matrem,
1276 2790 1326 2812 aut
1340 2784 1420 2822 apud
1438 2793 1582 2818 sororem,
1596 2788 1644 2811 ant
1658 2783 1738 2821 apud

299 2833 460 2867 filian1‚aut
476 2834 556 2871 apud
573 2834 781 2868 concubinam,
806 2839 857 2863 aut
876 2843 940 2863 enm
962 2844 1049 2872 quam
1067 2839 1192 2873 propter
1218 2834 1368 2871 ingenuos
1390 2833 1503 2863 liberos
1521 2832 1736 2872 suscipiendos

299 2884 419 2919 babeat,
430 2884 469 2912 ob
485 2883 550 2913 haeo
563 2884 614 2922 qui
631 2884 745 2914 caulem
761 2883 926 2920 secet-iimo
944 2884 1094 2913 exanimo.
