1923 3149
321 149 394 185 192
880 153 954 191 DE
979 155 1226 194 CORONA.

316 250 450 288 Recita
469 263 557 289 vero
573 258 612 290 et
628 259 812 304 tempora,
831 257 968 307 quibus
989 258 1071 296 haec
1091 266 1200 309 gesta
1227 265 1339 297 sunt:
1369 272 1415 297 ea
1433 261 1531 299 enim
1550 262 1632 314 ipsa
1651 271 1752 310 sunt,

312 312 449 362 quibus
469 314 540 352 iste
559 315 630 353 fuit
650 316 872 368 Pylagoras.
925 320 1075 358 Recita.

890 420 1169 461 TEMPORA.

528 501 681 532 Archonte
699 504 898 540 Mnesithide‚
915 506 1028 536 mensis
1045 506 1289 537 Anthesterionis
1305 507 1424 538 decimo
1447 514 1546 538 sexto.

307 572 416 612 Cedo
435 575 525 612 mihi
545 583 583 612 et
601 576 727 614 literas
748 578 845 625 illas,
866 593 973 629 quas,
999 594 1085 618 cum
1112 582 1144 619 ei
1172 595 1246 619 non
1277 596 1418 620 morem
1439 583 1626 633 gesserint
1644 583 1745 621 The-

305 634 406 679 bani,
423 636 524 672 misit
537 636 585 673 ad
605 638 728 675 socios
743 651 833 676 suos
849 640 887 676 in
905 640 1171 692 Peloponneso
1184 643 1399 694 Philippus:
1420 650 1463 680 ut
1475 658 1521 681 cx
1535 645 1578 682 iis
1595 658 1745 695 quoque

305 697 552 747 perspiciatis,
573 711 660 736 eum
688 712 815 737 veram
835 714 958 739 rerum
978 710 1220 753 susceptarmn
1240 718 1409 750 causam,
1438 719 1574 756 nempe
1596 719 1635 743 se
1662 706 1744 744 haec

302 765 438 795 contra
459 758 647 797 Graeeiam
677 767 714 798 et
733 760 936 799 Thebanos
967 770 1005 800 et
1030 777 1097 802 vos
1126 765 1258 811 moliri,
1279 765 1508 811 occultasse,
1528 767 1744 803 communia

300 830 391 855 vero
410 832 570 871 quaeque
591 822 637 858 ab
656 822 998 876 Amphictyonibus
1019 825 1311 864 decernerentur
1331 840 1441 877 agere
1462 841 1502 864 se
1529 828 1739 866 simulasse.

300 879 376 920 Qui
389 887 514 918 autem
534 881 603 919 has
623 882 657 919 ei
675 889 714 920 et
725 885 1032 934 opportunitates
1047 893 1085 924 et
1097 900 1232 925 causas
1248 888 1557 935 subministravit,
1577 890 1647 927 iste
1660 889 1740 927 suit.

300 938 446 978 Recita.

764 1038 983 1078 LITERAE
1014 1041 1262 1080 PHILIPPI.

334 1114 402 1143 Rex
419 1115 619 1146 Macedonum
635 1117 800 1157 Philippus
815 1120 1106 1158 Peloponnesiorum
1125 1121 1174 1160 qui
1193 1121 1223 1150 in
1240 1120 1354 1149 foedere
1371 1118 1562 1148 continentur
1578 1120 1737 1158 magistra-

292 1163 376 1194 tibus
388 1170 420 1195 et
435 1168 665 1198 consessoribus
680 1169 870 1209 reliquisque
887 1171 979 1200 sociis
997 1173 1135 1201 omnihus
1152 1172 1184 1201 S.
1211 1171 1359 1210 Quoniam
1379 1170 1469 1200 Locri
1483 1169 1534 1208 qui
1550 1170 1738 1198 nominantur

293 1216 410 1252 Ozolae,
425 1217 618 1255 Amphissam
634 1219 811 1256 incolentes,
827 1221 856 1250 in
873 1222 1017 1260 templum
1030 1222 1182 1261 Apollinis
1193 1221 1374 1260 Delphicum
1385 1220 1573 1258 delinquunt,
1589 1224 1618 1249 et
1629 1225 1736 1249 terram

289 1276 406 1296 sacram
421 1273 534 1298 armata
549 1279 636 1298 manu
653 1272 808 1310 progressi
824 1272 1020 1311 populantur,
1036 1273 1130 1302 habeo
1145 1272 1175 1301 in
1199 1272 1295 1302 animo
1313 1271 1467 1301 vobiscum
1484 1270 1540 1300 deo
1562 1270 1736 1305 subvenire,

291 1326 404 1355 eosque
419 1319 470 1357 qui
487 1319 598 1358 aliquid
616 1320 764 1359 religione
788 1323 867 1360 apud
883 1323 1021 1352 homines
1038 1328 1245 1353 consecratum
1262 1321 1375 1352 violant
1390 1319 1507 1349 ulcisci.
1544 1321 1736 1361 Quapropter

290 1366 382 1397 facite
396 1373 427 1397 ut
444 1369 515 1398 mihi
533 1380 599 1399 cum
615 1372 705 1401 armis
721 1373 757 1401 ad
776 1373 942 1402 Phocidem
959 1375 1135 1409 occurratis,
1153 1378 1317 1403 commeatu
1334 1370 1475 1400 instructi
1490 1371 1519 1400 in
1536 1372 1734 1411 quadraginta

287 1418 366 1454 dies,
378 1420 434 1449 boc
451 1421 519 1459 ipso
532 1432 632 1452 mense
651 1424 740 1459 Loio,
757 1430 789 1453 ut
804 1435 859 1454 nos
876 1430 1094 1463 computamus,
1113 1430 1145 1454 ut
1162 1422 1662 1457 Athenienses,Boedromione,ut
1674 1422 1733 1451 Co-

288 1469 403 1504 rinthii,
423 1471 564 1501 Panemo.
588 1473 701 1503 Eorum
719 1473 811 1512 igitur
821 1475 870 1513 qui
887 1475 973 1504 nobis
987 1485 1053 1503 cum
1068 1474 1206 1502 omnibus
1222 1473 1319 1511 copiis
1333 1473 1520 1501 occurrerint
1530 1476 1648 1502 utemur
1661 1483 1732 1502 con-

286 1519 368 1555 silio,
385 1530 437 1550 eos
455 1532 527 1551 vero
549 1523 600 1561 qui
623 1534 655 1553 se
682 1525 838 1554 nobiscum
854 1536 912 1554 non
929 1523 1138 1562 conjunxerint
1156 1522 1378 1552 mulctabimus.
1417 1522 1536 1552 Valete.

340 1596 404 1632 52.
435 1595 596 1642 Videtis,
617 1605 661 1636 ut
687 1599 850 1649 privatas
871 1599 1002 1647 incepti
1020 1610 1157 1636 causas
1182 1597 1335 1644 devitet,
1365 1603 1404 1634 et
1434 1597 1484 1634 ad
1503 1598 1728 1650 Amphicty-

283 1657 416 1694 onicas
449 1659 656 1709 confugiat.
705 1660 798 1703 Quis
827 1660 942 1710 igitur
968 1660 1021 1696 illi
1049 1659 1108 1697 his
1145 1658 1411 1710 comparandis
1442 1658 1593 1709 adjutor
1625 1659 1726 1696 suit?

283 1717 378 1760 Quis
395 1717 557 1755 latebras
577 1731 640 1754 eas
660 1720 945 1768 suppeditavit?
974 1721 1068 1763 Quis
1088 1720 1274 1757 malorum
1301 1733 1386 1769 quae
1405 1719 1620 1757 inciderunt
1645 1733 1725 1757 ma-

282 1778 381 1814 xime
410 1777 668 1815 architectus?
699 1779 789 1816 Non
812 1779 885 1816 iste
905 1781 994 1817 est?
1024 1780 1151 1817 Nolite
1179 1780 1305 1829 igitur,
1335 1779 1605 1827 Athenienses,
1625 1781 1722 1822 inter

281 1838 604 1875 deambulandum
625 1840 765 1884 dicere,
795 1841 842 1877 ab
863 1853 938 1877 uno
957 1840 1110 1877 homine
1139 1840 1331 1878 Graeciam
1358 1840 1415 1878 his
1443 1841 1722 1879 calamitatibus

279 1912 364 1936 esse
383 1897 570 1936 affectam.
613 1899 701 1936 Non
722 1901 768 1937 ab
787 1914 876 1946 uno,
897 1900 964 1937 sed
984 1913 1006 1937 a
1024 1900 1152 1938 multis
1172 1907 1285 1950 atque
1305 1901 1486 1952 improbis
1506 1914 1572 1951 per
1591 1901 1722 1951 singu-

280 1960 336 1998 las
356 1960 544 2005 civitates,
563 1974 585 1997 o
605 1967 703 1998 terra
717 1961 842 2011 diique
860 1962 1113 1999 immortales!
1143 1975 1303 2012 quorum
1316 1975 1414 2000 unus
1428 1963 1489 2000 hic
1509 1969 1579 2007 est,
1595 1975 1722 2014 quem,

280 2022 310 2059 si
331 2022 482 2072 quidem
503 2035 632 2059 verum
654 2023 769 2060 libere
791 2023 993 2060 dicendum
1009 2023 1070 2069 sit,
1089 2036 1164 2060 non
1181 2023 1382 2060 dubitarim
1397 2036 1469 2074 ego
1483 2036 1720 2061 communem

277 2083 400 2120 labem
433 2096 562 2120 eorum
592 2097 678 2133 quae
696 2090 830 2134 postea
854 2084 1047 2135 perierunt
1076 2085 1243 2121 omnium
1275 2086 1483 2131 nominare,
1510 2085 1718 2131 hominum,

277 2144 460 2189 locorum,
486 2143 659 2181 urbium:
690 2158 776 2181 nam
797 2145 860 2195 qui
893 2159 1022 2183 semen
1047 2146 1219 2195 praebuit,
1241 2145 1271 2182 is
1305 2147 1447 2196 segetis
1479 2152 1611 2183 auctor
1643 2153 1715 2183 est.

276 2206 400 2246 Quem
416 2205 538 2241 statim
556 2212 598 2241 ut
612 2205 850 2256 adspexistis,
867 2219 942 2257 quo
960 2206 1115 2244 tandem
1129 2214 1243 2257 pacto
1263 2219 1340 2243 non
1359 2206 1439 2243 sitis
1455 2205 1630 2250 aversati,
1650 2205 1717 2242 de-

275 2266 404 2302 miror:
434 2266 500 2301 sed
520 2265 715 2303 immensae
734 2267 909 2316 quaedam
942 2268 1087 2305 scilicet
1115 2267 1218 2317 apud
1242 2280 1310 2304 vos
1339 2267 1506 2304 tenebrae
1532 2272 1621 2304 sunt
1648 2267 1714 2304 ob·

267 2325 382 2375 jecta:
403 2325 561 2362 veritati.
609 2326 781 2377 Contigit
803 2341 892 2378 ergo
915 2328 1018 2376 mihi,
1045 2335 1088 2365 ut
1108 2328 1199 2365 dum
1220 2340 1284 2366 eas
1304 2340 1364 2364 res
1384 2333 1507 2364 tracto
1526 2340 1618 2376 quas
1638 2327 1712 2365 iste

273 2392 407 2422 contra
424 2386 583 2436 patriam
602 2389 736 2436 gessit,
764 2389 812 2425 ad
839 2401 903 2426 eas
929 2389 1042 2425 etiam
1071 2388 1302 2438 pervenerim
1332 2401 1426 2437 quas
1456 2388 1499 2424 iis
1530 2388 1711 2425 resistens

271 2447 350 2496 ipse
370 2446 646 2484 administravi:
678 2461 773 2499 quas
793 2461 880 2486 cum
901 2449 1029 2485 multis
1049 2448 1095 2485 de
1111 2449 1233 2485 causis
1248 2448 1379 2485 merito
1391 2461 1437 2485 cx
1454 2461 1514 2484 me
1534 2447 1709 2494 audiatis,

270 2513 349 2544 turn
369 2507 417 2544 ob
436 2519 518 2544 eam
538 2508 727 2559 praecipuc
745 2509 848 2558 quod
867 2516 975 2559 turpe
995 2516 1066 2554 est,
1088 2508 1353 2554 Athenienses,
1381 2521 1541 2558 quorum
1565 2521 1636 2559 ego
1656 2508 1710 2546 la-

267 2568 400 2604 borum
430 2567 620 2605 molestias
652 2569 753 2619 ipsas
785 2583 853 2620 pro
880 2569 986 2607 vobis
1017 2569 1246 2616 sustulerim,
1280 2583 1410 2607 eorum
1437 2582 1503 2606 vos
1529 2583 1577 2606 ne
1596 2570 1710 2607 verba

268 2628 423 2678 quidem
454 2628 550 2665 velle
583 2629 781 2667 sustinere.
836 2630 934 2667 Cum
961 2630 1074 2679 igitur
1102 2630 1268 2667 viderem
1297 2630 1513 2674 Thebanos,
1541 2643 1585 2667 ac
1613 2642 1708 2679 pene

269 2690 394 2727 dicam
412 2702 478 2727 vos
492 2690 594 2740 ipsos
609 2691 661 2727 ita
672 2691 829 2728 istorum
848 2690 1044 2728 hominum
1063 2691 1127 2740 qui
1146 2704 1232 2728 cum
1253 2691 1428 2742 Philippo
1444 2690 1656 2728 sentiebant
1671 2697 1709 2728 et

267 2751 387 2800 pretio
407 2751 509 2801 apud
529 2758 709 2802 utrosque
729 2752 896 2802 corrupti
910 2759 1018 2789 erant
1029 2752 1198 2789 consiliis
1214 2753 1402 2790 adductos
1414 2763 1513 2795 esse,
1533 2756 1586 2794 ut,
1602 2750 1705 2800 quod

267 2819 348 2848 crat
368 2811 537 2862 utrisque
557 2812 837 2850 formidandum
857 2825 901 2850 ae
927 2826 1157 2864 magnopere
1176 2814 1400 2858 cavendum,
1421 2825 1466 2849 ne
1488 2811 1703 2861 Philippum

267 2884 437 2910 creseere
459 2874 636 2921 sinentis,
656 2874 694 2912 id
713 2874 915 2925 negligatis
943 2874 1121 2925 nullaque
1149 2876 1187 2913 in
1207 2888 1245 2913 re
1270 2873 1448 2919 caveatis,
1477 2872 1526 2911 ad
1546 2872 1704 2910 inimici-
