1923 3149
507 144 710 182 ORATIO
745 143 814 181 DE
844 142 1151 180 CLASSIBUS.
1480 144 1551 182 127

106 248 308 285 Persarum
334 246 425 298 ipsis
447 247 642 285 insidiari?
673 247 775 297 ipsos
799 258 888 283 vero
907 257 983 282 non
1002 246 1219 295 prospicere
1237 260 1245 284 :
1275 248 1376 284 itane
1396 258 1464 284 vos
1483 247 1552 284 ob-

103 321 211 346 secro
243 306 413 360 putatis?
440 321 513 360 ego
543 321 632 347 vero
662 308 796 359 opinor
814 319 874 343 vos
901 307 955 343 ita
976 307 1192 343 existimare.
1237 308 1311 345 Sed
1335 315 1460 346 metus
1480 308 1552 346 iste

102 383 181 408 non
193 371 316 420 magis
337 370 439 421 apud
457 383 524 408 eos
544 370 696 421 poterit,
715 381 829 418 quam
845 381 914 405 sua
933 368 1129 405 vobiscum
1147 367 1306 406 dissidia
1323 382 1477 419 suaeque
1496 369 1552 406 in—

104 439 160 469 ter
173 445 214 470 se
231 432 509 470 contentiones.
542 430 647 468 Nihil
662 430 776 481 igitur
794 429 897 467 aliud
911 441 1022 479 quarn
1043 428 1170 467 nescio
1188 443 1302 480 quam
1323 430 1554 469 cantilenam

102 493 244 544 passim
263 501 401 532 canent
421 493 537 545 legati
557 493 689 530 nostri.
720 491 821 528 Tum
841 499 971 529 autem
999 490 1029 528 si
1051 491 1149 529 forte
1173 505 1260 541 quae
1280 492 1393 529 modo
1419 505 1554 530 cense-

103 567 188 592 mus
202 569 270 594 vos
285 555 421 606 agetis,
440 567 552 592 nemo
568 566 659 592 sane
675 552 902 590 Graecorum
918 551 1016 589 adeo
1035 552 1222 588 subtiliter
1238 553 1285 590 de
1300 566 1339 590 se
1355 553 1553 590 consilium

103 616 226 663 inibit,
241 617 345 666 quin,
362 617 423 653 ubi
440 615 575 652 viderit
591 614 697 651 vobis
713 621 852 663 praesto
869 626 954 649 esse
971 619 1009 649 et
1025 611 1127 649 mille
1142 612 1303 662 equites,
1320 622 1357 651 et
1370 614 1554 664 legiones,

102 683 196 726 quot
213 675 360 720 voletis,
381 683 420 712 et
438 687 554 712 naves
583 682 790 718 trecentaS,
821 681 1003 710 venturus
1024 679 1063 710 et
1091 673 1370 724 supplicaturus
1394 675 1456 721 sit,
1482 676 1555 713 illis

103 737 339 788 adjutoribus
367 736 525 773 minimo
545 747 586 772 se
616 747 705 772 cum
736 734 905 784 periculo
935 734 1167 772 incolumem
1197 748 1396 773 evasurum
1427 737 1556 775 existi-

102 811 225 836 mans.
272 797 455 844 Proinde,
483 798 514 835 si
529 798 610 847 jam
631 796 852 842 accersens,
873 796 1088 847 supplices3
1119 796 1150 834 si
1177 810 1255 835 non
1289 799 1556 846 auscultarint,

102 858 270 897 frustrati
290 858 393 897 eritis
408 871 417 896 :
440 858 498 896 sin
513 858 586 909 ipsi
605 857 742 895 vestris
759 856 877 908 copiis
894 857 1087 896 instructis
1103 859 1348 906 cunctemini,
1364 862 1556 912 supplices

104 920 329 969 defendetis,
347 934 473 973 neque
493 920 651 958 dubium
671 926 731 958 est
749 920 842 971 quin
861 932 992 958 omnes
1012 920 1061 958 ad
1081 934 1148 958 vos
1168 921 1319 959 venturi
1338 922 1427 960 sint.

156 984 194 1021 5.
223 982 307 1034 Ego
320 982 446 1033 igitur,
460 981 729 1028 Athenienses,
750 987 789 1018 et
802 980 886 1018 haec
907 987 947 1019 et
963 980 1023 1018 his
1043 980 1181 1018 similia
1196 988 1393 1032 reputanS,
1409 983 1555 1022 nullam

104 1045 315 1082 orationem
341 1043 600 1082 confidentem
625 1051 692 1081 aut
719 1055 829 1081 vanae
856 1042 1081 1093 prolixitatis
1107 1043 1304 1093 exquirere
1331 1045 1456 1088 volui;
1488 1047 1558 1084 sed

104 1118 282 1155 quaenam
301 1106 399 1144 ratio
417 1105 680 1144 instructionis
701 1112 739 1143 et
761 1106 904 1156 optima
929 1113 968 1143 et
986 1105 1276 1157 expeditissima
1294 1114 1410 1154 esset,
1430 1110 1558 1146 consi-

103 1165 274 1204 derando
294 1166 347 1203 fui
368 1166 613 1204 vehementer
641 1173 872 1217 occupatus:
903 1173 996 1216 puto
1015 1166 1143 1216 igitur,
1158 1167 1441 1219 vobismetipsis
1458 1183 1556 1217 eam,

102 1225 134 1264 si
154 1233 194 1264 et
212 1226 345 1265 audita
374 1234 413 1265 et
431 1229 592 1278 probata
623 1227 750 1272 fuerit,
780 1239 861 1264 esse
881 1227 1178 1266 decernendam.
1209 1228 1338 1266 Prima
1364 1231 1490 1280 itaque
1521 1240 1560 1269 et

103 1287 268 1326 maxima
286 1288 544 1326 instructionis
574 1301 673 1339 pars,
703 1288 976 1335 Athenienses,
1001 1289 1086 1327 haec
1115 1297 1187 1335 est,
1207 1296 1250 1327 ut
1272 1291 1432 1341 quisque
1455 1293 1557 1330 ultro

103 1349 279 1389 alacriter
299 1350 402 1388 omni
431 1350 554 1388 officio
581 1350 690 1401 fungi
710 1350 813 1388 velit.
854 1351 954 1388 Illud
987 1351 1088 1388 enim
1107 1352 1259 1396 videtis,
1290 1353 1557 1400 Athenienses,

103 1423 346 1462 quaecunque
363 1425 533 1463 unquam
553 1412 715 1449 universi
734 1424 802 1448 vos
820 1412 1010 1457 voluistis,
1030 1420 1068 1449 et
1087 1420 1219 1463 postea
1238 1414 1401 1463 quisque
1427 1429 1497 1466 pro
1517 1430 1558 1454 se

103 1473 273 1524 gerenda
307 1474 487 1524 putastis,
523 1485 654 1510 eorum
680 1485 748 1510 vos
787 1472 879 1509 nihil
910 1485 1078 1523 unquam
1112 1473 1315 1525 effugisse:
1346 1488 1432 1525 quae
1470 1491 1559 1515 vero

104 1533 291 1581 voluistis,
324 1541 415 1585 post
441 1540 569 1572 autem
599 1533 696 1570 alius
724 1533 840 1570 alium
869 1534 1104 1585 respexistis,
1134 1542 1317 1586 tanquam
1342 1537 1423 1588 ipse
1452 1539 1561 1586 nihil,

105 1595 300 1645 proximus
332 1595 459 1633 omnia
487 1595 658 1633 facturus
686 1601 801 1639 esset,
834 1595 872 1631 in
907 1594 951 1632 iis
981 1595 1073 1632 nihil
1105 1609 1271 1645 unquam
1303 1600 1559 1648 promovistis.

106 1655 223 1699 Quod
242 1657 274 1694 si
294 1669 362 1695 vos
382 1657 436 1694 ita
454 1656 557 1694 eritis
578 1656 732 1694 animati
755 1664 871 1706 atque
891 1656 1050 1704 incitati,
1071 1671 1268 1696 numerum
1288 1660 1390 1698 mille
1420 1668 1459 1698 et
1487 1662 1558 1699 du-

104 1726 303 1757 centorum
323 1719 410 1756 dico
425 1731 511 1757 esse
531 1716 816 1769 complendum,
839 1725 878 1755 et
898 1720 1129 1770 octingentis
1154 1721 1358 1772 adjunctis,
1378 1724 1436 1760 bis
1455 1725 1558 1763 mille

105 1779 321 1818 faciendos:
353 1793 440 1818 nam
462 1781 493 1818 si
514 1779 616 1817 hunc
647 1792 847 1816 numerum
874 1779 1178 1830 designaveritis,
1208 1784 1385 1822 existimo
1405 1786 1559 1836 virgini-

104 1840 175 1879 bus
193 1841 308 1888 orbis‚
327 1848 366 1880 et
388 1840 555 1893 pupillis,
578 1847 618 1878 et
635 1840 673 1877 in
700 1840 873 1878 colonias
901 1841 1072 1887 abituris,
1105 1850 1143 1880 et
1171 1844 1432 1893 societatibus,
1462 1854 1501 1884 et
1529 1849 1561 1886 si

104 1902 306 1953 quisquam
320 1902 417 1941 alius
431 1903 538 1953 justo
553 1901 766 1939 detineatur
784 1902 1070 1954 impedimento,
1083 1903 1262 1956 demptis,
1278 1914 1418 1957 praesto
1430 1908 1559 1947 futura

104 1962 212 2001 vobis
231 1976 394 2015 corpora
409 1963 512 2001 mille
531 1970 570 2001 et
592 1963 771 2001 ducenta.
812 1963 872 2001 Ex
890 1964 949 2002 his
969 1964 1083 2015 igitur
1103 1965 1246 2004 classes
1265 1967 1400 2019 viginti
1419 1982 1558 2009 censeo

105 2019 378 2074 designandas,
392 2032 436 2062 ut
449 2038 552 2063 nunc
573 2032 676 2071 sunt,
697 2038 858 2076 quarum
878 2026 1040 2076 singulae
1055 2039 1250 2079 sexagena
1263 2042 1425 2082 corpora
1437 2033 1558 2070 conti-

108 2091 237 2123 neant.
277 2085 422 2123 Earum
440 2099 552 2136 porro
571 2087 752 2124 classium
767 2087 937 2138 singulas
956 2088 996 2125 in
1011 2089 1148 2139 quinas
1169 2091 1287 2129 dividi
1305 2100 1432 2144 partes
1438 2095 1558 2144 jubeo

106 2146 379 2194 duodenarias,
399 2148 467 2194 sic,
493 2154 537 2185 ut
555 2149 765 2186 tenuissimi
784 2150 927 2200 quique
956 2151 1265 2202 locupletissimis
1285 2154 1557 2206 adjungantur.

107 2207 159 2246 Et
177 2221 339 2260 corpora
357 2209 512 2259 quidem
541 2208 594 2247 sic
616 2209 830 2248 ordinanda
849 2224 932 2250 esse
952 2225 1106 2252 censeo,
1142 2215 1258 2256 Quod
1279 2228 1347 2254 cur
1367 2229 1558 2265 censeam,

106 2279 188 2309 tum
208 2272 348 2317 scietis,
368 2284 455 2309 cum
483 2278 604 2309 totam
633 2271 892 2311 instructionis
912 2273 1097 2312 rationem
1119 2276 1325 2315 audieritis.
1373 2279 1558 2318 Triremes

107 2340 249 2378 autem,
285 2333 508 2384 quomodo?
553 2333 723 2371 Omnino
757 2341 946 2372 trecentas
976 2348 1135 2374 numero
1167 2338 1340 2376 triremes
1365 2339 1557 2392 designari

103 2393 234 2443 jubeo,
255 2394 349 2432 etin
371 2393 505 2445 viginti
524 2401 667 2444 partes,
692 2408 854 2447 quarum
877 2395 1040 2446 singulae
1059 2410 1177 2435 naves
1201 2399 1416 2448 quindenas
1437 2404 1558 2441 conti-

106 2461 239 2500 neant,
266 2454 570 2493 distribuendas:
600 2456 733 2507 primae
753 2456 949 2501 centuriae,
971 2457 1165 2509 quinque;
1197 2466 1236 2496 et
1263 2463 1446 2500 secundae
1466 2477 1556 2501 cen-

107 2514 228 2562 turiae,
264 2516 452 2566 quinque;
487 2524 526 2554 et
561 2517 681 2555 tertiae
718 2518 912 2563 centuriae,
950 2519 1118 2569 quinque
1157 2520 1316 2559 navibus
1353 2523 1555 2563 attributis.

109 2576 259 2614 Deinde
287 2576 446 2628 singulis
464 2579 629 2616 virorum
647 2578 836 2617 classibus
865 2580 1079 2630 quindenas
1099 2593 1216 2619 naves
1239 2595 1247 2618 :
1277 2583 1459 2622 classium
1478 2586 1555 2622 sin-

107 2638 208 2688 gulis
227 2638 409 2688 partibus,
429 2645 556 2677 ternas
572 2639 741 2679 triremes
763 2640 1041 2679 attribuendas.

160 2699 198 2736 6.
228 2698 440 2750 Postquam
467 2699 550 2738 haec
578 2700 632 2738 ita
663 2702 839 2740 confecta
871 2702 1024 2748 fuerint,
1048 2704 1183 2751 jubeo,
1215 2717 1301 2742 cum
1332 2705 1410 2756 agri
1439 2708 1556 2744 nostri

107 2761 308 2800 aestimatio
327 2762 376 2799 sit
393 2773 464 2799 sex
477 2761 578 2799 mille
597 2764 800 2810 talentum,
820 2772 863 2802 ut
880 2771 919 2802 et
936 2765 1110 2815 pecuniae
1131 2773 1260 2804 certus
1279 2767 1373 2804 ordo
1392 2767 1555 2815 ineatur,

108 2836 192 2861 eam
212 2823 344 2869 dividi,
365 2830 405 2862 et
422 2831 577 2861 centum
588 2825 667 2862 fieri
685 2832 828 2876 partes,
847 2839 1010 2877 quarum
1023 2827 1185 2877 singulae
1201 2840 1394 2877 sexagena
1411 2829 1558 2868 talenta

111 2884 354 2928 contineant:
373 2885 511 2923 deinde
532 2885 729 2937 quinquies
741 2900 934 2938 sexagena
952 2887 1098 2926 talenta
1116 2888 1274 2938 singulis
1294 2890 1443 2940 mag-nis
1456 2891 1557 2930 clas-
