1923 3149
560 335 1139 400 D-ElxtoSTHEN'IS

377 485 453 532 IN
493 481 838 532 PHILIPPI
877 480 1334 530 EPISTOLAM

728 613 985 656 ORATIO.

188 732 222 768 1.
253 730 511 768 P111L1P1‘UM
534 742 610 767 non
639 741 776 779 pacem
801 728 941 767 fecisse
971 728 1183 773 vobiscum,
1211 727 1483 774 Athenienses,
1515 726 1585 766 sed.

125 788 318 829 distulisse
337 791 495 837 bellum,
508 804 640 828 omnes
655 790 736 841 jam
751 790 984 840 cognovistis
1002 803 1010 827 :
1042 796 1245 840 postquam
1262 790 1361 826 enim
1379 789 1586 827 Pharsaliis

128 853 245 891 Alum
266 853 437 899 tradidit,
460 861 498 890 et
518 852 723 890 Phocense
744 853 940 902 negotium
961 851 1141 897 confecit,
1168 857 1365 901 totamque
1386 851 1587 888 Thraciam

127 914 163 953 vi
184 914 348 965 subegit,
367 914 473 952 falsis
492 913 617 952 causis
632 913 820 958 confictis,
838 920 876 950 et
896 912 1034 962 iniquis
1052 912 1261 950 rationibus
1281 912 1525 962 excogitatis,
1546 926 1586 950 re

129 976 284 1027 quidem
306 976 388 1027 ipsa
401 976 482 1027 jam
505 975 594 1014 olim
611 989 698 1014 cum
718 976 811 1013 urbe
827 982 958 1013 nostra
970 975 1113 1012 bellum
1127 975 1237 1025 gerit,
1256 987 1359 1011 nunc
1380 981 1507 1012 autem
1520 988 1588 1026 per

128 1037 268 1075 missas
288 1037 417 1075 literas
444 1038 568 1075 verbis
599 1036 692 1088 ipsis
719 1037 936 1074 confitetur.
994 1035 1080 1086 Ego
1108 1049 1197 1074 vero
1229 1049 1355 1086 neque
1375 1036 1588 1086 potentiam

129 1101 212 1148 ejus
233 1095 341 1137 vobis
373 1099 707 1150 expavescendam
727 1111 830 1143 esse,
853 1111 976 1148 neque
997 1097 1129 1135 timide
1156 1097 1210 1135 illi
1229 1097 1496 1142 resistendum,
1519 1098 1589 1135 sed

127 1167 166 1198 et
179 1161 417 1211 corporibus,
437 1167 476 1198 et
494 1160 679 1211 pecuniis,
695 1166 734 1197 et
752 1160 926 1204 navibus,
949 1165 1001 1205 et,
1027 1166 1070 1196 ut
1088 1160 1219 1210 paucis
1241 1159 1452 1206 absolvam,
1473 1161 1587 1197 rebus

126 1221 305 1259 omnibus
325 1227 498 1272 oportere
519 1234 587 1258 vos
608 1221 657 1258 ad
673 1221 817 1258 bellum
834 1220 998 1270 accingi,
1020 1220 1160 1258 docere
1175 1222 1356 1258 conabor.

178 1284 216 1320 2.
248 1284 418 1321 Primum
437 1283 537 1321 enim
558 1290 863 1321 consentaneum
884 1290 955 1326 est,
977 1283 1252 1329 Athenienses,
1272 1283 1365 1321 deos
1386 1282 1498 1321 nobis
1526 1284 1588 1321 fir-

125 1345 318 1383 missimos
340 1345 466 1383 socios
487 1351 525 1382 et
554 1345 748 1397 adjutores
776 1343 926 1391 adesse,
948 1357 1108 1394 quorum
1140 1344 1202 1382 ille
1231 1345 1414 1395 religione
1434 1345 1588 1392 violata,

124 1407 383 1458 neglectoque
396 1407 661 1459 jurejurando,
676 1420 812 1458 pacem
828 1407 968 1457 injuste
984 1406 1120 1445 solvit:
1151 1407 1305 1453 deinde,
1322 1407 1461 1458 quibus
1475 1409 1588 1445 rebus

123 1466 206 1520 ejus
227 1481 319 1521 opes
335 1469 522 1507 hactenus
543 1475 667 1507 auctae
684 1476 785 1515 sunt,
800 1470 893 1507 dum
913 1482 1063 1519 semper
1088 1469 1235 1519 aliquos
1255 1469 1410 1520 decipit,
1443 1475 1481 1506 et
1507 1482 1589 1507 ma-

127 1531 269 1581 gnifica
289 1530 468 1582 quaedam
490 1530 707 1582 pollicetur,
729 1531 786 1569 his
802 1531 883 1582 jam
904 1530 1110 1568 defunctus
1126 1538 1186 1569 est
1199 1531 1390 1569 omnibus.
1449 1531 1587 1581 Neque

126 1591 308 1642 ignorant
323 1592 405 1643 ejus
426 1593 595 1630 animum
616 1590 800 1630 Perintlxii
820 1600 858 1630 et
875 1588 1049 1644 Byzantii
1076 1605 1284 1642 eorumque
1305 1592 1496 1638 foederati,
1518 1606 1587 1630 cu-

125 1666 218 1704 pere
237 1667 324 1692 eum
337 1654 474 1692 eodem
495 1654 609 1691 modo
626 1653 729 1705 ipsos
749 1660 927 1699 tractare,
948 1667 1025 1704 quo
1045 1653 1149 1704 prius
1171 1655 1346 1690 tractarit
1362 1653 1587 1704 Olynthios,

127 1711 266 1766 Neque
286 1713 493 1753 Thessalos
517 1715 704 1766 praeterit,
722 1716 795 1753 hoc
817 1716 850 1753 ei
876 1715 1114 1766 propositum
1137 1728 1238 1760 esse,
1257 1722 1300 1752 ut
1325 1715 1503 1753 dominus
1525 1716 1586 1761 sit,

125 1789 203 1814 non
231 1776 309 1814 dux
329 1777 531 1815 sociorum.
589 1777 800 1828 Suspectus
821 1778 936 1814 etiarn
963 1771 1160 1814 Thebanis
1188 1783 1260 1823 est,
1286 1777 1392 1827 quod
1413 1777 1589 1815 Nicaeam

124 1838 305 1889 praesidio
321 1845 439 1885 tenet,
460 1845 499 1876 et
518 1839 556 1875 in
574 1838 916 1890 Amphictyoniam
936 1838 1109 1889 irrepsit;
1140 1844 1179 1875 ct
1198 1837 1411 1888 legationes
1430 1851 1451 1875 e
1473 1839 1588 1876 Pelo-

125 1912 302 1950 ponneso
323 1900 372 1938 ad
392 1913 433 1938 se
461 1900 587 1946 trabit,
608 1913 818 1951 eorumque
845 1901 1071 1938 societatem
1092 1898 1277 1937 d1ssolvit.
1335 1899 1501 1938 Proinde
1523 1900 1589 1951 qni

124 1960 230 2012 prius
250 1961 332 2013 ejus
349 1962 459 1999 amici
478 1962 645 2006 fuerunt,
662 1962 798 2012 partim
816 1975 902 2000 cum
919 1975 965 2000 eo
988 1974 1090 1999 nunc
1105 1961 1344 2012 implacabile
1359 1961 1502 1999 bellum
1520 1976 1587 2013 ge-

125 2029 228 2068 runt,
248 2023 385 2075 partim
405 2024 532 2061 minus
553 2024 729 2062 alacriter
747 2038 833 2063 eum
856 2025 1062 2075 adjuvant:
1092 2023 1259 2062 universi
1292 2031 1419 2062 autem
1452 2038 1587 2076 suspe-

127 2090 233 2123 ctum
253 2081 359 2122 illum
377 2085 534 2130 habent,
557 2092 595 2123 et
609 2086 869 2125 criminantur.
900 2085 1233 2132 Praeterea,-nec
1249 2086 1348 2123 enim
1364 2086 1402 2124 in
1417 2086 1490 2125 hoc
1505 2101 1587 2126 mo-

125 2147 245 2184 menti
264 2160 401 2198 parum
422 2153 547 2196 est—‚
576 2147 708 2185 Asiani
735 2154 899 2198 satrapae
922 2160 1058 2185 recens
1084 2143 1312 2185 intromissis
1339 2148 1588 2187 conductitiis

126 2207 323 2254 militibus,
345 2208 557 2260 expugnari
577 2209 803 2246 Perinthum
817 2210 1109 2260 prohibuerunt.
1141 2210 1256 2247 Nunc
1276 2222 1367 2247 vero
1387 2223 1475 2247 cum
1496 2210 1587 2247 Phi-

122 2268 217 2321 lippi
237 2269 453 2308 inimicitias
472 2270 724 2321 susceperint,
745 2277 797 2317 et,
813 2270 844 2308 si
859 2269 1089 2322 Byzantium
1106 2271 1289 2321 capiatur,
1305 2271 1517 2321 periculum
1531 2272 1587 2310 eis

124 2330 359 2382 impendeat,
381 2345 456 2370 non
476 2332 547 2384 ipsi
567 2339 716 2371 tantum
737 2338 890 2370 strenue
912 2345 1015 2370 nunc
1035 2345 1106 2370 nos
1125 2332 1162 2369 in
1178 2332 1279 2370 bello
1293 2333 1500 2384 juvabunt,
1516 2334 1587 2372 sed

125 2392 208 2442 regi
244 2392 361 2430 etiam
399 2393 604 2432 Persarum
632 2393 923 2444 persuadebunt
953 2401 996 2432 ut
1027 2394 1138 2432 nobis
1166 2395 1370 2445 pecuniam
1401 2395 1586 2446 suppedi-

125 2459 201 2492 tet:
232 2451 297 2504 qui
315 2461 442 2493 tantas
465 2469 555 2508 opes
581 2456 711 2501 habet,
738 2463 903 2506 quantas
925 2469 995 2494 nec
1016 2456 1150 2506 reliqui
1177 2456 1356 2494 universi.
1414 2457 1586 2496 Tantum

125 2527 240 2566 porro
260 2516 443 2555 momenti
463 2518 511 2556 ad
527 2525 680 2557 nostras
696 2518 810 2556 hasce
826 2519 997 2557 actiones
1018 2518 1140 2564 affert,
1160 2524 1203 2555 ut
1222 2519 1311 2556 olim
1334 2519 1447 2556 etiarn
1464 2519 1585 2558 Laco-

125 2576 213 2616 nico
231 2577 347 2624 bello,
367 2578 462 2618 utris
494 2593 579 2619 sese
604 2580 862 2632 adjunxisset,
884 2594 949 2618 eos
968 2580 1132 2619 victores
1157 2580 1347 2618 redderet.
1406 2582 1443 2619 Is
1469 2581 1586 2631 igitur

124 2654 228 2679 nunc
239 2642 355 2678 etiam
367 2641 562 2680 vobiscum
579 2645 822 2693 conjunctus,
833 2643 944 2682 facile
957 2644 1166 2682 debellabit
1180 2643 1345 2695 Philippi
1358 2644 1584 2695 potentiam.

181 2704 218 2740 3.
247 2702 392 2740 Praeter
415 2701 501 2741 haec
520 2717 606 2754 quae
633 2711 741 2743 tanta
761 2711 862 2750 sunt,
885 2719 962 2743 non
991 2706 1168 2756 equidem
1190 2707 1354 2755 negabo,
1385 2718 1473 2742 eum
1498 2705 1586 2743 loca

125 2763 337 2814 complura,
358 2770 397 2801 et
415 2770 562 2814 portus,
581 2771 620 2802 et
639 2766 720 2816 ejus
742 2764 893 2817 generis
914 2767 988 2805 alla
1015 2767 1187 2818 gerendo
1213 2767 1316 2803 bello
1337 2766 1457 2812 utilia,
1478 2767 1583 2817 pacis

125 2823 326 2862 occasione
345 2824 587 2876 praeripuisse
605 2827 725 2864 vobis.
756 2828 859 2866 Illud
876 2835 1002 2866 autem
1022 2828 1149 2875 video,
1166 2827 1323 2878 quando
1342 2826 1498 2877 imperia
1517 2829 1583 2865 be-

126 2885 342 2925 nevolentia
357 2885 594 2935 coalescunt,
609 2893 649 2925 et
666 2888 800 2927 eadem
819 2889 996 2929 omnibus
1015 2890 1107 2928 belli
1123 2890 1236 2928 sociis
1257 2887 1479 2940 expediunt,
1499 2889 1583 2928 diu-
