<?xml version="1.0" encoding="UTF-8"?>
<!DOCTYPE html PUBLIC "-//W3C//DTD XHTML 1.0 Transitional//EN"
    "http://www.w3.org/TR/xhtml1/DTD/xhtml1-transitional.dtd">
<html xmlns="http://www.w3.org/1999/xhtml" xml:lang="en" lang="en">
 <head>
  <title>
</title>
<meta http-equiv="Content-Type" content="text/html;charset=utf-8" />
  <meta name='ocr-system' content='tesseract 3.04.00' />
  <meta name='ocr-capabilities' content='ocr_page ocr_carea ocr_par ocr_line ocrx_word'/>
</head>
<body>
  <div class='ocr_page' id='page_1' title='image "./oratoresatticie15dobs_0052.png"; bbox 0 0 1923 3149; ppageno 0'>
   <div class='ocr_carea' id='block_1_1' title="bbox 604 217 1431 458">
    <p class='ocr_par' dir='ltr' id='par_1_1' title="bbox 604 217 1431 458">
     <span class='ocr_line' id='line_1_1' title="bbox 746 217 1326 304; baseline -0.002 0"><span class='ocrx_word' id='word_1_1' title='bbox 746 217 1326 304; x_wconf 83' lang='lat' dir='ltr'>DEMOSTHENIS</span> 
     </span>
     <span class='ocr_line' id='line_1_2' title="bbox 604 395 1431 458; baseline -0.001 -15"><span class='ocrx_word' id='word_1_2' title='bbox 604 395 1431 458; x_wconf 80' lang='lat' dir='ltr'>oLYNTHIACA111(1).</span> 
     </span>
    </p>
   </div>
   <div class='ocr_carea' id='block_1_2' title="bbox 301 517 1768 2833">
    <p class='ocr_par' dir='ltr' id='par_1_2' title="bbox 310 517 1764 998">
     <span class='ocr_line' id='line_1_3' title="bbox 372 517 1764 569; baseline -0.001 -11"><span class='ocrx_word' id='word_1_3' title='bbox 372 520 405 560; x_wconf 94' lang='lat' dir='ltr'>l.</span> <span class='ocrx_word' id='word_1_4' title='bbox 427 520 598 559; x_wconf 75' lang='lat' dir='ltr'>MUL‘rrs</span> <span class='ocrx_word' id='word_1_5' title='bbox 615 520 716 566; x_wconf 84' lang='lat' dir='ltr'>illud,</span> <span class='ocrx_word' id='word_1_6' title='bbox 731 518 1003 566; x_wconf 81' lang='lat' dir='ltr'><strong>Athenienses,</strong></span> <span class='ocrx_word' id='word_1_7' title='bbox 1017 518 1155 557; x_wconf 87' lang='lat' dir='ltr'>divitiis</span> <span class='ocrx_word' id='word_1_8' title='bbox 1168 531 1235 557; x_wconf 86' lang='lat' dir='ltr'>vos</span> <span class='ocrx_word' id='word_1_9' title='bbox 1250 531 1334 557; x_wconf 87' lang='lat' dir='ltr'>esse</span> <span class='ocrx_word' id='word_1_10' title='bbox 1347 517 1573 569; x_wconf 78' lang='lat' dir='ltr'>praelaturos</span> <span class='ocrx_word' id='word_1_11' title='bbox 1590 518 1764 566; x_wconf 85' lang='lat' dir='ltr'>arbitror,</span> 
     </span>
     <span class='ocr_line' id='line_1_4' title="bbox 312 579 1761 634; baseline -0.001 -14"><span class='ocrx_word' id='word_1_12' title='bbox 312 583 345 620; x_wconf 85' lang='lat' dir='ltr'>si</span> <span class='ocrx_word' id='word_1_13' title='bbox 360 582 451 634; x_wconf 92' lang='lat' dir='ltr'>quid</span> <span class='ocrx_word' id='word_1_14' title='bbox 471 596 491 620; x_wconf 89' lang='lat' dir='ltr'>e</span> <span class='ocrx_word' id='word_1_15' title='bbox 510 581 708 633; x_wconf 83' lang='lat' dir='ltr'>republica</span> <span class='ocrx_word' id='word_1_16' title='bbox 727 581 897 620; x_wconf 87' lang='lat' dir='ltr'>futurum</span> <span class='ocrx_word' id='word_1_17' title='bbox 917 582 964 619; x_wconf 89' lang='lat' dir='ltr'>sit</span> <span class='ocrx_word' id='word_1_18' title='bbox 983 581 1208 632; x_wconf 83' lang='lat' dir='ltr'>explicetur,</span> <span class='ocrx_word' id='word_1_19' title='bbox 1224 581 1262 618; x_wconf 92' lang='lat' dir='ltr'>in</span> <span class='ocrx_word' id='word_1_20' title='bbox 1274 581 1333 619; x_wconf 86' lang='lat' dir='ltr'>his</span> <span class='ocrx_word' id='word_1_21' title='bbox 1349 580 1397 618; x_wconf 90' lang='lat' dir='ltr'>de</span> <span class='ocrx_word' id='word_1_22' title='bbox 1413 581 1550 631; x_wconf 89' lang='lat' dir='ltr'>quibus</span> <span class='ocrx_word' id='word_1_23' title='bbox 1571 593 1673 618; x_wconf 88' lang='lat' dir='ltr'>nunc</span> <span class='ocrx_word' id='word_1_24' title='bbox 1693 579 1761 618; x_wconf 88' lang='lat' dir='ltr'>de-</span> 
     </span>
     <span class='ocr_line' id='line_1_5' title="bbox 312 641 1763 692; baseline -0.002 -12"><span class='ocrx_word' id='word_1_25' title='bbox 312 643 478 681; x_wconf 83' lang='lat' dir='ltr'>liberatis</span> <span class='ocrx_word' id='word_1_26' title='bbox 496 643 623 680; x_wconf 88' lang='lat' dir='ltr'>rebus.</span> <span class='ocrx_word' id='word_1_27' title='bbox 665 642 783 684; x_wconf 86' lang='lat' dir='ltr'>Quod</span> <span class='ocrx_word' id='word_1_28' title='bbox 808 655 895 680; x_wconf 92' lang='lat' dir='ltr'>cum</span> <span class='ocrx_word' id='word_1_29' title='bbox 914 641 967 679; x_wconf 85' lang='lat' dir='ltr'>ita</span> <span class='ocrx_word' id='word_1_30' title='bbox 995 642 1056 688; x_wconf 84' lang='lat' dir='ltr'>sit,</span> <span class='ocrx_word' id='word_1_31' title='bbox 1073 654 1228 692; x_wconf 83' lang='lat' dir='ltr'>aequum</span> <span class='ocrx_word' id='word_1_32' title='bbox 1249 647 1311 678; x_wconf 90' lang='lat' dir='ltr'>est</span> <span class='ocrx_word' id='word_1_33' title='bbox 1327 648 1371 678; x_wconf 89' lang='lat' dir='ltr'>ut</span> <span class='ocrx_word' id='word_1_34' title='bbox 1389 641 1488 679; x_wconf 88' lang='lat' dir='ltr'>ultro</span> <span class='ocrx_word' id='word_1_35' title='bbox 1515 647 1555 679; x_wconf 91' lang='lat' dir='ltr'>et</span> <span class='ocrx_word' id='word_1_36' title='bbox 1589 641 1763 678; x_wconf 87' lang='lat' dir='ltr'>alacriter</span> 
     </span>
     <span class='ocr_line' id='line_1_6' title="bbox 310 700 1758 754; baseline -0.002 -13"><span class='ocrx_word' id='word_1_37' title='bbox 310 717 377 742; x_wconf 85' lang='lat' dir='ltr'>eos</span> <span class='ocrx_word' id='word_1_38' title='bbox 396 704 457 754; x_wconf 90' lang='lat' dir='ltr'>qui</span> <span class='ocrx_word' id='word_1_39' title='bbox 478 703 680 742; x_wconf 88' lang='lat' dir='ltr'>consilium</span> <span class='ocrx_word' id='word_1_40' title='bbox 700 704 791 741; x_wconf 87' lang='lat' dir='ltr'>dare</span> <span class='ocrx_word' id='word_1_41' title='bbox 810 703 945 741; x_wconf 90' lang='lat' dir='ltr'>volunt</span> <span class='ocrx_word' id='word_1_42' title='bbox 963 702 1127 740; x_wconf 86' lang='lat' dir='ltr'>audiatis</span> <span class='ocrx_word' id='word_1_43' title='bbox 1145 717 1154 741; x_wconf 79' lang='lat' dir='ltr'><strong><em>z</em></strong></span> <span class='ocrx_word' id='word_1_44' title='bbox 1185 703 1328 741; x_wconf 84' lang='lat' dir='ltr'>etenim</span> <span class='ocrx_word' id='word_1_45' title='bbox 1349 716 1427 740; x_wconf 89' lang='lat' dir='ltr'>non</span> <span class='ocrx_word' id='word_1_46' title='bbox 1448 703 1573 741; x_wconf 91' lang='lat' dir='ltr'>solum</span> <span class='ocrx_word' id='word_1_47' title='bbox 1605 702 1636 740; x_wconf 85' lang='lat' dir='ltr'>si</span> <span class='ocrx_word' id='word_1_48' title='bbox 1668 700 1758 752; x_wconf 85' lang='lat' dir='ltr'>quid</span> 
     </span>
     <span class='ocr_line' id='line_1_7' title="bbox 312 761 1759 815; baseline -0.003 -13"><span class='ocrx_word' id='word_1_49' title='bbox 312 765 404 802; x_wconf 88' lang='lat' dir='ltr'>utile</span> <span class='ocrx_word' id='word_1_50' title='bbox 421 765 627 802; x_wconf 90' lang='lat' dir='ltr'>meditatus</span> <span class='ocrx_word' id='word_1_51' title='bbox 642 765 728 815; x_wconf 89' lang='lat' dir='ltr'>quis</span> <span class='ocrx_word' id='word_1_52' title='bbox 748 765 905 810; x_wconf 86' lang='lat' dir='ltr'>venerit,</span> <span class='ocrx_word' id='word_1_53' title='bbox 924 763 962 801; x_wconf 88' lang='lat' dir='ltr'>id</span> <span class='ocrx_word' id='word_1_54' title='bbox 984 763 1073 802; x_wconf 88' lang='lat' dir='ltr'>licet</span> <span class='ocrx_word' id='word_1_55' title='bbox 1091 763 1200 802; x_wconf 90' lang='lat' dir='ltr'>vobis</span> <span class='ocrx_word' id='word_1_56' title='bbox 1230 777 1317 801; x_wconf 91' lang='lat' dir='ltr'>cum</span> <span class='ocrx_word' id='word_1_57' title='bbox 1343 763 1537 802; x_wconf 87' lang='lat' dir='ltr'>audieritis</span> <span class='ocrx_word' id='word_1_58' title='bbox 1565 761 1759 813; x_wconf 87' lang='lat' dir='ltr'>amplecti,</span> 
     </span>
     <span class='ocr_line' id='line_1_8' title="bbox 310 823 1760 876; baseline -0.002 -12"><span class='ocrx_word' id='word_1_59' title='bbox 310 839 439 864; x_wconf 90' lang='lat' dir='ltr'>verum</span> <span class='ocrx_word' id='word_1_60' title='bbox 452 827 565 864; x_wconf 84' lang='lat' dir='ltr'>etiam</span> <span class='ocrx_word' id='word_1_61' title='bbox 582 834 720 864; x_wconf 81' lang='lat' dir='ltr'>vestrae</span> <span class='ocrx_word' id='word_1_62' title='bbox 741 827 899 864; x_wconf 86' lang='lat' dir='ltr'>fortunae</span> <span class='ocrx_word' id='word_1_63' title='bbox 913 839 996 863; x_wconf 88' lang='lat' dir='ltr'>esse</span> <span class='ocrx_word' id='word_1_64' title='bbox 1010 832 1117 876; x_wconf 87' lang='lat' dir='ltr'>puto,</span> <span class='ocrx_word' id='word_1_65' title='bbox 1129 833 1172 863; x_wconf 91' lang='lat' dir='ltr'>ut</span> <span class='ocrx_word' id='word_1_66' title='bbox 1184 825 1305 863; x_wconf 89' lang='lat' dir='ltr'>multa</span> <span class='ocrx_word' id='word_1_67' title='bbox 1319 838 1405 876; x_wconf 84' lang='lat' dir='ltr'>quae</span> <span class='ocrx_word' id='word_1_68' title='bbox 1423 832 1513 863; x_wconf 88' lang='lat' dir='ltr'>sunt</span> <span class='ocrx_word' id='word_1_69' title='bbox 1527 837 1624 876; x_wconf 91' lang='lat' dir='ltr'>opus</span> <span class='ocrx_word' id='word_1_70' title='bbox 1636 823 1760 862; x_wconf 90' lang='lat' dir='ltr'>subito</span> 
     </span>
     <span class='ocr_line' id='line_1_9' title="bbox 312 885 1758 932; baseline -0.002 -8"><span class='ocrx_word' id='word_1_71' title='bbox 312 887 507 924; x_wconf 90' lang='lat' dir='ltr'>nonnullis</span> <span class='ocrx_word' id='word_1_72' title='bbox 536 887 576 923; x_wconf 91' lang='lat' dir='ltr'>in</span> <span class='ocrx_word' id='word_1_73' title='bbox 603 894 768 924; x_wconf 88' lang='lat' dir='ltr'>mentem</span> <span class='ocrx_word' id='word_1_74' title='bbox 797 886 924 925; x_wconf 84' lang='lat' dir='ltr'>veniat</span> <span class='ocrx_word' id='word_1_75' title='bbox 956 885 1077 932; x_wconf 87' lang='lat' dir='ltr'>effari,</span> <span class='ocrx_word' id='word_1_76' title='bbox 1105 886 1160 924; x_wconf 90' lang='lat' dir='ltr'>ita</span> <span class='ocrx_word' id='word_1_77' title='bbox 1187 892 1231 923; x_wconf 91' lang='lat' dir='ltr'>ut</span> <span class='ocrx_word' id='word_1_78' title='bbox 1254 886 1367 924; x_wconf 89' lang='lat' dir='ltr'>facile</span> <span class='ocrx_word' id='word_1_79' title='bbox 1394 886 1502 925; x_wconf 87' lang='lat' dir='ltr'>vobis</span> <span class='ocrx_word' id='word_1_80' title='bbox 1523 886 1574 924; x_wconf 88' lang='lat' dir='ltr'>sit</span> <span class='ocrx_word' id='word_1_81' title='bbox 1599 898 1647 923; x_wconf 88' lang='lat' dir='ltr'>ex</span> <span class='ocrx_word' id='word_1_82' title='bbox 1674 897 1758 922; x_wconf 90' lang='lat' dir='ltr'>om-</span> 
     </span>
     <span class='ocr_line' id='line_1_10' title="bbox 313 947 752 998; baseline 0 -13"><span class='ocrx_word' id='word_1_83' title='bbox 313 948 424 986; x_wconf 89' lang='lat' dir='ltr'>nibus</span> <span class='ocrx_word' id='word_1_84' title='bbox 442 948 549 985; x_wconf 85' lang='lat' dir='ltr'>utilia</span> <span class='ocrx_word' id='word_1_85' title='bbox 567 947 752 998; x_wconf 85' lang='lat' dir='ltr'>deligere.</span> 
     </span>
    </p>

    <p class='ocr_par' dir='ltr' id='par_1_3' title="bbox 303 1007 1768 1727">
     <span class='ocr_line' id='line_1_11' title="bbox 364 1007 1762 1059; baseline -0.002 -12"><span class='ocrx_word' id='word_1_86' title='bbox 364 1012 403 1047; x_wconf 82' lang='lat'>2.</span> <span class='ocrx_word' id='word_1_87' title='bbox 435 1008 611 1045; x_wconf 80' lang='lat' dir='ltr'>Praesens</span> <span class='ocrx_word' id='word_1_88' title='bbox 630 1008 746 1059; x_wconf 90' lang='lat' dir='ltr'>igitur</span> <span class='ocrx_word' id='word_1_89' title='bbox 771 1008 936 1054; x_wconf 85' lang='lat' dir='ltr'>occasio,</span> <span class='ocrx_word' id='word_1_90' title='bbox 965 1008 1235 1056; x_wconf 84' lang='lat' dir='ltr'>Athenienses,</span> <span class='ocrx_word' id='word_1_91' title='bbox 1259 1015 1411 1047; x_wconf 90' lang='lat' dir='ltr'>tantum</span> <span class='ocrx_word' id='word_1_92' title='bbox 1438 1021 1516 1048; x_wconf 87' lang='lat' dir='ltr'>non</span> <span class='ocrx_word' id='word_1_93' title='bbox 1544 1007 1650 1046; x_wconf 90' lang='lat' dir='ltr'>edita</span> <span class='ocrx_word' id='word_1_94' title='bbox 1667 1019 1762 1045; x_wconf 90' lang='lat' dir='ltr'>voce</span> 
     </span>
     <span class='ocr_line' id='line_1_12' title="bbox 307 1068 1761 1121; baseline -0.002 -13"><span class='ocrx_word' id='word_1_95' title='bbox 307 1070 461 1114; x_wconf 86' lang='lat' dir='ltr'>clamat,</span> <span class='ocrx_word' id='word_1_96' title='bbox 471 1069 751 1121; x_wconf 87' lang='lat' dir='ltr'>vobismetipsis</span> <span class='ocrx_word' id='word_1_97' title='bbox 765 1082 850 1108; x_wconf 87' lang='lat' dir='ltr'>esse</span> <span class='ocrx_word' id='word_1_98' title='bbox 864 1083 996 1108; x_wconf 89' lang='lat' dir='ltr'>curam</span> <span class='ocrx_word' id='word_1_99' title='bbox 1016 1083 1143 1108; x_wconf 89' lang='lat' dir='ltr'>rerum</span> <span class='ocrx_word' id='word_1_100' title='bbox 1155 1070 1303 1108; x_wconf 88' lang='lat' dir='ltr'>illarum</span> <span class='ocrx_word' id='word_1_101' title='bbox 1319 1069 1618 1121; x_wconf 84' lang='lat' dir='ltr'>suscipiendam,</span> <span class='ocrx_word' id='word_1_102' title='bbox 1633 1068 1665 1106; x_wconf 91' lang='lat' dir='ltr'>si</span> <span class='ocrx_word' id='word_1_103' title='bbox 1680 1079 1761 1105; x_wconf 89' lang='lat' dir='ltr'>mo-</span> 
     </span>
     <span class='ocr_line' id='line_1_13' title="bbox 310 1130 1768 1181; baseline -0.001 -13"><span class='ocrx_word' id='word_1_104' title='bbox 310 1131 362 1168; x_wconf 92' lang='lat' dir='ltr'>do</span> <span class='ocrx_word' id='word_1_105' title='bbox 382 1138 518 1167; x_wconf 83' lang='lat' dir='ltr'>vestrae</span> <span class='ocrx_word' id='word_1_106' title='bbox 536 1130 706 1181; x_wconf 90' lang='lat' dir='ltr'>ipsorum</span> <span class='ocrx_word' id='word_1_107' title='bbox 728 1130 863 1168; x_wconf 89' lang='lat' dir='ltr'>salutis</span> <span class='ocrx_word' id='word_1_108' title='bbox 879 1131 1066 1167; x_wconf 86' lang='lat' dir='ltr'>rationem</span> <span class='ocrx_word' id='word_1_109' title='bbox 1085 1131 1286 1169; x_wconf 88' lang='lat' dir='ltr'>habeatis:</span> <span class='ocrx_word' id='word_1_110' title='bbox 1316 1143 1388 1168; x_wconf 87' lang='lat' dir='ltr'>nos</span> <span class='ocrx_word' id='word_1_111' title='bbox 1408 1144 1498 1168; x_wconf 88' lang='lat' dir='ltr'>vero</span> <span class='ocrx_word' id='word_1_112' title='bbox 1525 1130 1655 1167; x_wconf 89' lang='lat' dir='ltr'>nescio</span> <span class='ocrx_word' id='word_1_113' title='bbox 1671 1141 1768 1179; x_wconf 91' lang='lat' dir='ltr'>quo-</span> 
     </span>
     <span class='ocr_line' id='line_1_14' title="bbox 309 1189 1763 1241; baseline -0.001 -13"><span class='ocrx_word' id='word_1_114' title='bbox 309 1191 424 1229; x_wconf 88' lang='lat' dir='ltr'>modo</span> <span class='ocrx_word' id='word_1_115' title='bbox 445 1191 536 1227; x_wconf 90' lang='lat' dir='ltr'>mihi</span> <span class='ocrx_word' id='word_1_116' title='bbox 553 1204 638 1228; x_wconf 87' lang='lat' dir='ltr'>esse</span> <span class='ocrx_word' id='word_1_117' title='bbox 657 1192 831 1227; x_wconf 85' lang='lat' dir='ltr'>videmur</span> <span class='ocrx_word' id='word_1_118' title='bbox 853 1204 946 1241; x_wconf 86' lang='lat' dir='ltr'>erga</span> <span class='ocrx_word' id='word_1_119' title='bbox 964 1190 1048 1228; x_wconf 87' lang='lat' dir='ltr'>illas</span> <span class='ocrx_word' id='word_1_120' title='bbox 1068 1191 1236 1229; x_wconf 87' lang='lat' dir='ltr'>animati.</span> <span class='ocrx_word' id='word_1_121' title='bbox 1286 1191 1386 1228; x_wconf 88' lang='lat' dir='ltr'>Sunt</span> <span class='ocrx_word' id='word_1_122' title='bbox 1410 1198 1538 1229; x_wconf 90' lang='lat' dir='ltr'>autem</span> <span class='ocrx_word' id='word_1_123' title='bbox 1557 1204 1644 1240; x_wconf 89' lang='lat' dir='ltr'>quae</span> <span class='ocrx_word' id='word_1_124' title='bbox 1671 1189 1763 1227; x_wconf 90' lang='lat' dir='ltr'>mihi</span> 
     </span>
     <span class='ocr_line' id='line_1_15' title="bbox 307 1250 1761 1302; baseline 0 -14"><span class='ocrx_word' id='word_1_125' title='bbox 307 1251 461 1302; x_wconf 88' lang='lat' dir='ltr'>quidem</span> <span class='ocrx_word' id='word_1_126' title='bbox 477 1250 679 1289; x_wconf 86' lang='lat' dir='ltr'>videantur</span> <span class='ocrx_word' id='word_1_127' title='bbox 691 1251 774 1296; x_wconf 75' lang='lat' dir='ltr'>hoec,</span> <span class='ocrx_word' id='word_1_128' title='bbox 789 1257 828 1287; x_wconf 89' lang='lat' dir='ltr'>et</span> <span class='ocrx_word' id='word_1_129' title='bbox 843 1251 985 1288; x_wconf 84' lang='lat' dir='ltr'>auxilia</span> <span class='ocrx_word' id='word_1_130' title='bbox 1000 1251 1080 1302; x_wconf 87' lang='lat' dir='ltr'>jam</span> <span class='ocrx_word' id='word_1_131' title='bbox 1096 1264 1178 1288; x_wconf 86' lang='lat' dir='ltr'>esse</span> <span class='ocrx_word' id='word_1_132' title='bbox 1192 1251 1438 1289; x_wconf 90' lang='lat' dir='ltr'>decernenda</span> <span class='ocrx_word' id='word_1_133' title='bbox 1453 1259 1492 1288; x_wconf 90' lang='lat' dir='ltr'>et</span> <span class='ocrx_word' id='word_1_134' title='bbox 1511 1264 1625 1301; x_wconf 87' lang='lat' dir='ltr'>quam</span> <span class='ocrx_word' id='word_1_135' title='bbox 1640 1251 1761 1288; x_wconf 90' lang='lat' dir='ltr'>celer-</span> 
     </span>
     <span class='ocr_line' id='line_1_16' title="bbox 303 1310 1762 1362; baseline 0 -13"><span class='ocrx_word' id='word_1_136' title='bbox 303 1312 398 1349; x_wconf 88' lang='lat' dir='ltr'>rime</span> <span class='ocrx_word' id='word_1_137' title='bbox 418 1324 504 1349; x_wconf 91' lang='lat' dir='ltr'>esse</span> <span class='ocrx_word' id='word_1_138' title='bbox 522 1310 792 1362; x_wconf 87' lang='lat' dir='ltr'>comparanda,</span> <span class='ocrx_word' id='word_1_139' title='bbox 812 1317 855 1346; x_wconf 88' lang='lat' dir='ltr'>ut</span> <span class='ocrx_word' id='word_1_140' title='bbox 872 1311 961 1346; x_wconf 82' lang='lat' dir='ltr'>hine</span> <span class='ocrx_word' id='word_1_141' title='bbox 975 1324 1086 1360; x_wconf 85' lang='lat' dir='ltr'>opem</span> <span class='ocrx_word' id='word_1_142' title='bbox 1112 1311 1243 1348; x_wconf 88' lang='lat' dir='ltr'>feratis</span> <span class='ocrx_word' id='word_1_143' title='bbox 1271 1318 1310 1348; x_wconf 92' lang='lat' dir='ltr'>et</span> <span class='ocrx_word' id='word_1_144' title='bbox 1333 1325 1409 1349; x_wconf 92' lang='lat' dir='ltr'>non</span> <span class='ocrx_word' id='word_1_145' title='bbox 1431 1311 1533 1348; x_wconf 91' lang='lat' dir='ltr'>idem</span> <span class='ocrx_word' id='word_1_146' title='bbox 1553 1311 1762 1350; x_wconf 90' lang='lat' dir='ltr'>admittatis</span> 
     </span>
     <span class='ocr_line' id='line_1_17' title="bbox 307 1370 1762 1423; baseline 0 -12"><span class='ocrx_word' id='word_1_147' title='bbox 307 1373 411 1423; x_wconf 86' lang='lat' dir='ltr'>quod</span> <span class='ocrx_word' id='word_1_148' title='bbox 426 1373 541 1411; x_wconf 88' lang='lat' dir='ltr'>etiam</span> <span class='ocrx_word' id='word_1_149' title='bbox 560 1372 680 1423; x_wconf 91' lang='lat' dir='ltr'>prius,</span> <span class='ocrx_word' id='word_1_150' title='bbox 699 1377 738 1409; x_wconf 87' lang='lat' dir='ltr'>et</span> <span class='ocrx_word' id='word_1_151' title='bbox 755 1371 903 1421; x_wconf 86' lang='lat' dir='ltr'>legatos</span> <span class='ocrx_word' id='word_1_152' title='bbox 924 1370 1133 1408; x_wconf 83' lang='lat' dir='ltr'>mittendos</span> <span class='ocrx_word' id='word_1_153' title='bbox 1153 1385 1252 1418; x_wconf 86' lang='lat' dir='ltr'>esse,</span> <span class='ocrx_word' id='word_1_154' title='bbox 1272 1372 1336 1422; x_wconf 88' lang='lat' dir='ltr'>qui</span> <span class='ocrx_word' id='word_1_155' title='bbox 1363 1372 1448 1410; x_wconf 84' lang='lat' dir='ltr'>haec</span> <span class='ocrx_word' id='word_1_156' title='bbox 1478 1372 1611 1410; x_wconf 87' lang='lat' dir='ltr'>dicant</span> <span class='ocrx_word' id='word_1_157' title='bbox 1635 1379 1674 1411; x_wconf 90' lang='lat' dir='ltr'>et</span> <span class='ocrx_word' id='word_1_158' title='bbox 1701 1387 1762 1411; x_wconf 89' lang='lat' dir='ltr'>re-</span> 
     </span>
     <span class='ocr_line' id='line_1_18' title="bbox 306 1431 1762 1482; baseline -0.001 -10"><span class='ocrx_word' id='word_1_159' title='bbox 306 1435 380 1473; x_wconf 90' lang='lat' dir='ltr'>bus</span> <span class='ocrx_word' id='word_1_160' title='bbox 405 1434 589 1477; x_wconf 87' lang='lat' dir='ltr'>intersint,</span> <span class='ocrx_word' id='word_1_161' title='bbox 611 1432 792 1482; x_wconf 89' lang='lat' dir='ltr'>quoniam</span> <span class='ocrx_word' id='word_1_162' title='bbox 821 1438 882 1470; x_wconf 89' lang='lat' dir='ltr'>est</span> <span class='ocrx_word' id='word_1_163' title='bbox 912 1431 986 1469; x_wconf 93' lang='lat' dir='ltr'>hoc</span> <span class='ocrx_word' id='word_1_164' title='bbox 1004 1432 1169 1470; x_wconf 81' lang='lat' dir='ltr'>maxime</span> <span class='ocrx_word' id='word_1_165' title='bbox 1188 1432 1413 1479; x_wconf 89' lang='lat' dir='ltr'>timendum,</span> <span class='ocrx_word' id='word_1_166' title='bbox 1433 1445 1481 1470; x_wconf 93' lang='lat' dir='ltr'>ne</span> <span class='ocrx_word' id='word_1_167' title='bbox 1496 1433 1659 1471; x_wconf 89' lang='lat' dir='ltr'>callidus</span> <span class='ocrx_word' id='word_1_168' title='bbox 1674 1447 1762 1471; x_wconf 90' lang='lat' dir='ltr'>cum</span> 
     </span>
     <span class='ocr_line' id='line_1_19' title="bbox 307 1492 1763 1544; baseline -0.001 -10"><span class='ocrx_word' id='word_1_169' title='bbox 307 1496 357 1535; x_wconf 86' lang='lat' dir='ltr'>sit</span> <span class='ocrx_word' id='word_1_170' title='bbox 375 1495 490 1533; x_wconf 90' lang='lat' dir='ltr'>homo</span> <span class='ocrx_word' id='word_1_171' title='bbox 510 1494 583 1531; x_wconf 89' lang='lat' dir='ltr'>iste</span> <span class='ocrx_word' id='word_1_172' title='bbox 603 1499 640 1530; x_wconf 87' lang='lat' dir='ltr'>et</span> <span class='ocrx_word' id='word_1_173' title='bbox 659 1493 697 1530; x_wconf 88' lang='lat' dir='ltr'>in</span> <span class='ocrx_word' id='word_1_174' title='bbox 723 1493 836 1530; x_wconf 87' lang='lat' dir='ltr'>rebus</span> <span class='ocrx_word' id='word_1_175' title='bbox 858 1492 1067 1530; x_wconf 83' lang='lat' dir='ltr'>tractandis</span> <span class='ocrx_word' id='word_1_176' title='bbox 1088 1505 1222 1543; x_wconf 84' lang='lat' dir='ltr'>sagax,</span> <span class='ocrx_word' id='word_1_177' title='bbox 1246 1494 1385 1544; x_wconf 86' lang='lat' dir='ltr'>partim</span> <span class='ocrx_word' id='word_1_178' title='bbox 1406 1493 1670 1541; x_wconf 88' lang='lat' dir='ltr'>concedendo,</span> <span class='ocrx_word' id='word_1_179' title='bbox 1696 1495 1763 1533; x_wconf 95' lang='lat' dir='ltr'>ubi</span> 
     </span>
     <span class='ocr_line' id='line_1_20' title="bbox 307 1553 1763 1606; baseline -0.001 -12"><span class='ocrx_word' id='word_1_180' title='bbox 307 1570 367 1594; x_wconf 91' lang='lat' dir='ltr'>res</span> <span class='ocrx_word' id='word_1_181' title='bbox 382 1556 437 1594; x_wconf 89' lang='lat' dir='ltr'>ita</span> <span class='ocrx_word' id='word_1_182' title='bbox 455 1554 597 1598; x_wconf 90' lang='lat' dir='ltr'>tulerit,</span> <span class='ocrx_word' id='word_1_183' title='bbox 619 1554 756 1604; x_wconf 87' lang='lat' dir='ltr'>partim</span> <span class='ocrx_word' id='word_1_184' title='bbox 772 1553 1115 1604; x_wconf 76' lang='lat' dir='ltr'>minitando—qua</span> <span class='ocrx_word' id='word_1_185' title='bbox 1126 1554 1281 1604; x_wconf 86' lang='lat' dir='ltr'>quidem</span> <span class='ocrx_word' id='word_1_186' title='bbox 1303 1554 1341 1591; x_wconf 90' lang='lat' dir='ltr'>in</span> <span class='ocrx_word' id='word_1_187' title='bbox 1359 1561 1468 1606; x_wconf 89' lang='lat' dir='ltr'>parte</span> <span class='ocrx_word' id='word_1_188' title='bbox 1487 1567 1563 1593; x_wconf 90' lang='lat' dir='ltr'>non</span> <span class='ocrx_word' id='word_1_189' title='bbox 1575 1555 1763 1594; x_wconf 88' lang='lat' dir='ltr'>immerito</span> 
     </span>
     <span class='ocr_line' id='line_1_21' title="bbox 306 1614 1762 1665; baseline 0.001 -11"><span class='ocrx_word' id='word_1_190' title='bbox 306 1617 360 1654; x_wconf 88' lang='lat' dir='ltr'>illi</span> <span class='ocrx_word' id='word_1_191' title='bbox 379 1616 475 1654; x_wconf 91' lang='lat' dir='ltr'>fides</span> <span class='ocrx_word' id='word_1_192' title='bbox 495 1614 764 1661; x_wconf 89' lang='lat' dir='ltr'>habebitur—,</span> <span class='ocrx_word' id='word_1_193' title='bbox 777 1614 917 1665; x_wconf 87' lang='lat' dir='ltr'>partim</span> <span class='ocrx_word' id='word_1_194' title='bbox 932 1627 1003 1652; x_wconf 89' lang='lat' dir='ltr'>nos</span> <span class='ocrx_word' id='word_1_195' title='bbox 1033 1622 1072 1652; x_wconf 90' lang='lat' dir='ltr'>et</span> <span class='ocrx_word' id='word_1_196' title='bbox 1096 1615 1308 1652; x_wconf 82' lang='lat' dir='ltr'>absentiam</span> <span class='ocrx_word' id='word_1_197' title='bbox 1327 1622 1497 1653; x_wconf 87' lang='lat' dir='ltr'>nostram</span> <span class='ocrx_word' id='word_1_198' title='bbox 1512 1616 1762 1663; x_wconf 88' lang='lat' dir='ltr'>criminando,</span> 
     </span>
     <span class='ocr_line' id='line_1_22' title="bbox 306 1675 1466 1727; baseline -0.003 -10"><span class='ocrx_word' id='word_1_199' title='bbox 306 1678 354 1717; x_wconf 88' lang='lat' dir='ltr'>de</span> <span class='ocrx_word' id='word_1_200' title='bbox 374 1692 524 1717; x_wconf 86' lang='lat' dir='ltr'>summa</span> <span class='ocrx_word' id='word_1_201' title='bbox 538 1690 664 1715; x_wconf 90' lang='lat' dir='ltr'>rerum</span> <span class='ocrx_word' id='word_1_202' title='bbox 683 1676 905 1714; x_wconf 85' lang='lat' dir='ltr'>intervertat</span> <span class='ocrx_word' id='word_1_203' title='bbox 924 1675 1067 1726; x_wconf 88' lang='lat' dir='ltr'>aliquid</span> <span class='ocrx_word' id='word_1_204' title='bbox 1087 1683 1126 1713; x_wconf 92' lang='lat' dir='ltr'>et</span> <span class='ocrx_word' id='word_1_205' title='bbox 1144 1677 1191 1713; x_wconf 78' lang='lat' dir='ltr'>ad</span> <span class='ocrx_word' id='word_1_206' title='bbox 1207 1689 1279 1713; x_wconf 75' lang='lat' dir='ltr'>sese</span> <span class='ocrx_word' id='word_1_207' title='bbox 1299 1676 1466 1727; x_wconf 87' lang='lat' dir='ltr'>arripiat.</span> 
     </span>
    </p>

    <p class='ocr_par' dir='ltr' id='par_1_4' title="bbox 301 1737 1763 2465">
     <span class='ocr_line' id='line_1_23' title="bbox 363 1737 1762 1790; baseline -0.001 -13"><span class='ocrx_word' id='word_1_208' title='bbox 363 1741 398 1777; x_wconf 86' lang='lat'>3.</span> <span class='ocrx_word' id='word_1_209' title='bbox 428 1739 572 1776; x_wconf 90' lang='lat' dir='ltr'>Verum</span> <span class='ocrx_word' id='word_1_210' title='bbox 590 1737 686 1774; x_wconf 89' lang='lat' dir='ltr'>illud</span> <span class='ocrx_word' id='word_1_211' title='bbox 704 1743 986 1787; x_wconf 89' lang='lat' dir='ltr'>peropportune</span> <span class='ocrx_word' id='word_1_212' title='bbox 1006 1737 1122 1783; x_wconf 83' lang='lat' dir='ltr'>cadit,</span> <span class='ocrx_word' id='word_1_213' title='bbox 1138 1737 1410 1785; x_wconf 80' lang='lat' dir='ltr'>Athenienses,</span> <span class='ocrx_word' id='word_1_214' title='bbox 1431 1744 1473 1775; x_wconf 87' lang='lat' dir='ltr'>ut</span> <span class='ocrx_word' id='word_1_215' title='bbox 1492 1738 1598 1790; x_wconf 92' lang='lat' dir='ltr'>quod</span> <span class='ocrx_word' id='word_1_216' title='bbox 1612 1751 1762 1777; x_wconf 89' lang='lat' dir='ltr'>summo</span> 
     </span>
     <span class='ocr_line' id='line_1_24' title="bbox 307 1797 1762 1852; baseline -0.001 -13"><span class='ocrx_word' id='word_1_217' title='bbox 307 1801 474 1852; x_wconf 89' lang='lat' dir='ltr'>Philippi</span> <span class='ocrx_word' id='word_1_218' title='bbox 492 1801 605 1838; x_wconf 89' lang='lat' dir='ltr'>rebus</span> <span class='ocrx_word' id='word_1_219' title='bbox 625 1797 802 1849; x_wconf 79' lang='lat' dir='ltr'>praesidio</span> <span class='ocrx_word' id='word_1_220' title='bbox 821 1805 894 1842; x_wconf 86' lang='lat' dir='ltr'>est,</span> <span class='ocrx_word' id='word_1_221' title='bbox 914 1798 1017 1835; x_wconf 89' lang='lat' dir='ltr'>idem</span> <span class='ocrx_word' id='word_1_222' title='bbox 1036 1798 1086 1836; x_wconf 87' lang='lat' dir='ltr'>sit</span> <span class='ocrx_word' id='word_1_223' title='bbox 1109 1800 1222 1836; x_wconf 83' lang='lat' dir='ltr'>etiam</span> <span class='ocrx_word' id='word_1_224' title='bbox 1241 1800 1348 1837; x_wconf 86' lang='lat' dir='ltr'>vobis</span> <span class='ocrx_word' id='word_1_225' title='bbox 1368 1800 1614 1838; x_wconf 88' lang='lat' dir='ltr'>utilissimum</span> <span class='ocrx_word' id='word_1_226' title='bbox 1631 1814 1640 1839; x_wconf 90' lang='lat'>:</span> <span class='ocrx_word' id='word_1_227' title='bbox 1672 1813 1762 1838; x_wconf 89' lang='lat' dir='ltr'>nam</span> 
     </span>
     <span class='ocr_line' id='line_1_25' title="bbox 306 1859 1761 1913; baseline 0 -13"><span class='ocrx_word' id='word_1_228' title='bbox 306 1862 413 1913; x_wconf 92' lang='lat' dir='ltr'>quod</span> <span class='ocrx_word' id='word_1_229' title='bbox 431 1863 462 1899; x_wconf 90' lang='lat' dir='ltr'>is</span> <span class='ocrx_word' id='word_1_230' title='bbox 478 1873 576 1898; x_wconf 90' lang='lat' dir='ltr'>unus</span> <span class='ocrx_word' id='word_1_231' title='bbox 596 1859 725 1898; x_wconf 87' lang='lat' dir='ltr'>omnia</span> <span class='ocrx_word' id='word_1_232' title='bbox 744 1865 783 1897; x_wconf 90' lang='lat' dir='ltr'>et</span> <span class='ocrx_word' id='word_1_233' title='bbox 803 1871 945 1897; x_wconf 87' lang='lat' dir='ltr'>arcana</span> <span class='ocrx_word' id='word_1_234' title='bbox 963 1865 1002 1896; x_wconf 89' lang='lat' dir='ltr'>et</span> <span class='ocrx_word' id='word_1_235' title='bbox 1021 1866 1154 1910; x_wconf 83' lang='lat' dir='ltr'>aperta</span> <span class='ocrx_word' id='word_1_236' title='bbox 1172 1860 1405 1907; x_wconf 89' lang='lat' dir='ltr'>moderatur,</span> <span class='ocrx_word' id='word_1_237' title='bbox 1423 1874 1468 1899; x_wconf 90' lang='lat' dir='ltr'>ac</span> <span class='ocrx_word' id='word_1_238' title='bbox 1489 1862 1602 1899; x_wconf 91' lang='lat' dir='ltr'>simul</span> <span class='ocrx_word' id='word_1_239' title='bbox 1624 1868 1664 1900; x_wconf 88' lang='lat' dir='ltr'>et</span> <span class='ocrx_word' id='word_1_240' title='bbox 1681 1861 1761 1900; x_wconf 85' lang='lat' dir='ltr'>dux</span> 
     </span>
     <span class='ocr_line' id='line_1_26' title="bbox 308 1919 1756 1971; baseline 0.001 -11"><span class='ocrx_word' id='word_1_241' title='bbox 308 1930 368 1960; x_wconf 88' lang='lat' dir='ltr'>est</span> <span class='ocrx_word' id='word_1_242' title='bbox 386 1929 425 1960; x_wconf 89' lang='lat' dir='ltr'>et</span> <span class='ocrx_word' id='word_1_243' title='bbox 443 1921 621 1959; x_wconf 91' lang='lat' dir='ltr'>dominus</span> <span class='ocrx_word' id='word_1_244' title='bbox 642 1927 680 1958; x_wconf 87' lang='lat' dir='ltr'>et</span> <span class='ocrx_word' id='word_1_245' title='bbox 707 1926 889 1970; x_wconf 88' lang='lat' dir='ltr'>quaestor,</span> <span class='ocrx_word' id='word_1_246' title='bbox 910 1926 948 1957; x_wconf 92' lang='lat' dir='ltr'>et</span> <span class='ocrx_word' id='word_1_247' title='bbox 976 1919 1059 1970; x_wconf 89' lang='lat' dir='ltr'>ipse</span> <span class='ocrx_word' id='word_1_248' title='bbox 1089 1921 1230 1971; x_wconf 92' lang='lat' dir='ltr'>ubique</span> <span class='ocrx_word' id='word_1_249' title='bbox 1249 1921 1362 1959; x_wconf 89' lang='lat' dir='ltr'>adest</span> <span class='ocrx_word' id='word_1_250' title='bbox 1387 1923 1584 1969; x_wconf 82' lang='lat' dir='ltr'>exercitui,</span> <span class='ocrx_word' id='word_1_251' title='bbox 1615 1922 1666 1960; x_wconf 87' lang='lat' dir='ltr'>ad</span> <span class='ocrx_word' id='word_1_252' title='bbox 1697 1935 1756 1961; x_wconf 90' lang='lat' dir='ltr'>res</span> 
     </span>
     <span class='ocr_line' id='line_1_27' title="bbox 301 1981 1759 2034; baseline -0.001 -12"><span class='ocrx_word' id='word_1_253' title='bbox 301 1984 463 2023; x_wconf 88' lang='lat' dir='ltr'>bellicas</span> <span class='ocrx_word' id='word_1_254' title='bbox 482 1982 656 2021; x_wconf 89' lang='lat' dir='ltr'>celeriter</span> <span class='ocrx_word' id='word_1_255' title='bbox 671 1988 710 2019; x_wconf 90' lang='lat' dir='ltr'>et</span> <span class='ocrx_word' id='word_1_256' title='bbox 728 1981 951 2032; x_wconf 88' lang='lat' dir='ltr'>tempestive</span> <span class='ocrx_word' id='word_1_257' title='bbox 982 1981 1240 2020; x_wconf 86' lang='lat' dir='ltr'>conficiendas</span> <span class='ocrx_word' id='word_1_258' title='bbox 1267 1983 1430 2020; x_wconf 87' lang='lat' dir='ltr'>multum</span> <span class='ocrx_word' id='word_1_259' title='bbox 1458 1983 1616 2034; x_wconf 88' lang='lat' dir='ltr'>quidem</span> <span class='ocrx_word' id='word_1_260' title='bbox 1643 1983 1759 2031; x_wconf 84' lang='lat' dir='ltr'>valet,</span> 
     </span>
     <span class='ocr_line' id='line_1_28' title="bbox 306 2042 1759 2097; baseline -0.001 -14"><span class='ocrx_word' id='word_1_261' title='bbox 306 2044 558 2097; x_wconf 85' lang='lat' dir='ltr'>pacificationi</span> <span class='ocrx_word' id='word_1_262' title='bbox 579 2050 707 2081; x_wconf 85' lang='lat' dir='ltr'>autem</span> <span class='ocrx_word' id='word_1_263' title='bbox 725 2056 840 2093; x_wconf 91' lang='lat' dir='ltr'>quam</span> <span class='ocrx_word' id='word_1_264' title='bbox 861 2043 891 2080; x_wconf 89' lang='lat' dir='ltr'>is</span> <span class='ocrx_word' id='word_1_265' title='bbox 911 2042 1048 2080; x_wconf 88' lang='lat' dir='ltr'>lubens</span> <span class='ocrx_word' id='word_1_266' title='bbox 1068 2056 1156 2080; x_wconf 89' lang='lat' dir='ltr'>cum</span> <span class='ocrx_word' id='word_1_267' title='bbox 1170 2043 1364 2094; x_wconf 87' lang='lat' dir='ltr'>Olynthiis</span> <span class='ocrx_word' id='word_1_268' title='bbox 1398 2045 1542 2082; x_wconf 87' lang='lat' dir='ltr'>faceret</span> <span class='ocrx_word' id='word_1_269' title='bbox 1577 2044 1759 2084; x_wconf 82' lang='lat' dir='ltr'>adversa-</span> 
     </span>
     <span class='ocr_line' id='line_1_29' title="bbox 308 2103 1761 2157; baseline 0 -13"><span class='ocrx_word' id='word_1_270' title='bbox 308 2113 382 2144; x_wconf 88' lang='lat' dir='ltr'>tur.</span> <span class='ocrx_word' id='word_1_271' title='bbox 413 2106 528 2144; x_wconf 88' lang='lat' dir='ltr'>Certo</span> <span class='ocrx_word' id='word_1_272' title='bbox 548 2105 648 2142; x_wconf 89' lang='lat' dir='ltr'>enim</span> <span class='ocrx_word' id='word_1_273' title='bbox 668 2104 796 2142; x_wconf 87' lang='lat' dir='ltr'>sciunt</span> <span class='ocrx_word' id='word_1_274' title='bbox 816 2103 1002 2155; x_wconf 90' lang='lat' dir='ltr'>Olynthii,</span> <span class='ocrx_word' id='word_1_275' title='bbox 1022 2117 1062 2141; x_wconf 89' lang='lat' dir='ltr'>se</span> <span class='ocrx_word' id='word_1_276' title='bbox 1083 2117 1160 2142; x_wconf 92' lang='lat' dir='ltr'>non</span> <span class='ocrx_word' id='word_1_277' title='bbox 1170 2105 1252 2156; x_wconf 87' lang='lat' dir='ltr'>jam</span> <span class='ocrx_word' id='word_1_278' title='bbox 1271 2105 1320 2142; x_wconf 91' lang='lat' dir='ltr'>de</span> <span class='ocrx_word' id='word_1_279' title='bbox 1341 2105 1463 2156; x_wconf 85' lang='lat' dir='ltr'>gloria</span> <span class='ocrx_word' id='word_1_280' title='bbox 1489 2118 1562 2143; x_wconf 88' lang='lat' dir='ltr'>nec</span> <span class='ocrx_word' id='word_1_281' title='bbox 1579 2105 1627 2143; x_wconf 88' lang='lat' dir='ltr'>de</span> <span class='ocrx_word' id='word_1_282' title='bbox 1648 2118 1761 2157; x_wconf 87' lang='lat' dir='ltr'>agro-</span> 
     </span>
     <span class='ocr_line' id='line_1_30' title="bbox 308 2166 1760 2217; baseline -0.001 -11"><span class='ocrx_word' id='word_1_283' title='bbox 308 2181 392 2207; x_wconf 91' lang='lat' dir='ltr'>rum</span> <span class='ocrx_word' id='word_1_284' title='bbox 412 2167 541 2217; x_wconf 86' lang='lat' dir='ltr'>aliqua</span> <span class='ocrx_word' id='word_1_285' title='bbox 558 2173 678 2217; x_wconf 86' lang='lat' dir='ltr'>parte,</span> <span class='ocrx_word' id='word_1_286' title='bbox 706 2179 837 2204; x_wconf 88' lang='lat' dir='ltr'>verum</span> <span class='ocrx_word' id='word_1_287' title='bbox 858 2179 905 2204; x_wconf 87' lang='lat' dir='ltr'>ne</span> <span class='ocrx_word' id='word_1_288' title='bbox 925 2172 1115 2203; x_wconf 83' lang='lat' dir='ltr'>evertatur</span> <span class='ocrx_word' id='word_1_289' title='bbox 1138 2166 1262 2217; x_wconf 85' lang='lat' dir='ltr'>patria</span> <span class='ocrx_word' id='word_1_290' title='bbox 1289 2179 1360 2203; x_wconf 85' lang='lat' dir='ltr'>sua</span> <span class='ocrx_word' id='word_1_291' title='bbox 1395 2173 1511 2217; x_wconf 92' lang='lat' dir='ltr'>atque</span> <span class='ocrx_word' id='word_1_292' title='bbox 1538 2166 1576 2203; x_wconf 92' lang='lat' dir='ltr'>in</span> <span class='ocrx_word' id='word_1_293' title='bbox 1599 2167 1760 2205; x_wconf 91' lang='lat' dir='ltr'>servitu-</span> 
     </span>
     <span class='ocr_line' id='line_1_31' title="bbox 309 2227 1761 2279; baseline -0.001 -11"><span class='ocrx_word' id='word_1_294' title='bbox 309 2237 386 2268; x_wconf 89' lang='lat' dir='ltr'>tem</span> <span class='ocrx_word' id='word_1_295' title='bbox 405 2228 612 2279; x_wconf 86' lang='lat' dir='ltr'>redigatur,</span> <span class='ocrx_word' id='word_1_296' title='bbox 632 2227 776 2265; x_wconf 90' lang='lat' dir='ltr'>bellum</span> <span class='ocrx_word' id='word_1_297' title='bbox 794 2240 937 2277; x_wconf 78' lang='lat' dir='ltr'>gerere,</span> <span class='ocrx_word' id='word_1_298' title='bbox 951 2233 990 2264; x_wconf 92' lang='lat' dir='ltr'>et</span> <span class='ocrx_word' id='word_1_299' title='bbox 1001 2235 1142 2264; x_wconf 90' lang='lat' dir='ltr'>norunt</span> <span class='ocrx_word' id='word_1_300' title='bbox 1161 2228 1274 2265; x_wconf 88' lang='lat' dir='ltr'>etiam</span> <span class='ocrx_word' id='word_1_301' title='bbox 1290 2227 1484 2277; x_wconf 90' lang='lat' dir='ltr'>quomodo</span> <span class='ocrx_word' id='word_1_302' title='bbox 1499 2240 1587 2264; x_wconf 89' lang='lat' dir='ltr'>cum</span> <span class='ocrx_word' id='word_1_303' title='bbox 1601 2227 1761 2279; x_wconf 86' lang='lat' dir='ltr'>Amphi-</span> 
     </span>
     <span class='ocr_line' id='line_1_32' title="bbox 309 2287 1763 2342; baseline -0.001 -14"><span class='ocrx_word' id='word_1_304' title='bbox 309 2290 438 2342; x_wconf 89' lang='lat' dir='ltr'>politis</span> <span class='ocrx_word' id='word_1_305' title='bbox 464 2289 586 2339; x_wconf 86' lang='lat' dir='ltr'>egerit</span> <span class='ocrx_word' id='word_1_306' title='bbox 617 2289 681 2339; x_wconf 90' lang='lat' dir='ltr'>qui</span> <span class='ocrx_word' id='word_1_307' title='bbox 709 2289 840 2326; x_wconf 91' lang='lat' dir='ltr'>urbem</span> <span class='ocrx_word' id='word_1_308' title='bbox 861 2289 895 2326; x_wconf 91' lang='lat' dir='ltr'>ei</span> <span class='ocrx_word' id='word_1_309' title='bbox 927 2288 1163 2326; x_wconf 84' lang='lat' dir='ltr'>tradiderant</span> <span class='ocrx_word' id='word_1_310' title='bbox 1195 2295 1233 2326; x_wconf 87' lang='lat' dir='ltr'>et</span> <span class='ocrx_word' id='word_1_311' title='bbox 1260 2301 1350 2326; x_wconf 86' lang='lat' dir='ltr'>curn</span> <span class='ocrx_word' id='word_1_312' title='bbox 1378 2287 1557 2339; x_wconf 84' lang='lat' dir='ltr'>Pydnaeis</span> <span class='ocrx_word' id='word_1_313' title='bbox 1583 2288 1648 2339; x_wconf 92' lang='lat' dir='ltr'>qui</span> <span class='ocrx_word' id='word_1_314' title='bbox 1676 2291 1763 2327; x_wconf 82' lang='lat' dir='ltr'>urbe</span> 
     </span>
     <span class='ocr_line' id='line_1_33' title="bbox 308 2348 1760 2403; baseline -0.001 -12"><span class='ocrx_word' id='word_1_315' title='bbox 308 2358 543 2403; x_wconf 87' lang='lat' dir='ltr'>receperant.</span> <span class='ocrx_word' id='word_1_316' title='bbox 581 2350 630 2387; x_wconf 92' lang='lat' dir='ltr'>Et</span> <span class='ocrx_word' id='word_1_317' title='bbox 645 2350 798 2388; x_wconf 89' lang='lat' dir='ltr'>omnino</span> <span class='ocrx_word' id='word_1_318' title='bbox 819 2350 977 2388; x_wconf 81' lang='lat' dir='ltr'>infidum</span> <span class='ocrx_word' id='word_1_319' title='bbox 997 2349 1194 2400; x_wconf 86' lang='lat' dir='ltr'>quiddam,</span> <span class='ocrx_word' id='word_1_320' title='bbox 1224 2350 1371 2401; x_wconf 87' lang='lat' dir='ltr'>opinor,</span> <span class='ocrx_word' id='word_1_321' title='bbox 1401 2348 1681 2401; x_wconf 89' lang='lat' dir='ltr'>rebuspublicis</span> <span class='ocrx_word' id='word_1_322' title='bbox 1700 2363 1760 2389; x_wconf 86' lang='lat' dir='ltr'>re·</span> 
     </span>
     <span class='ocr_line' id='line_1_34' title="bbox 311 2410 1532 2465; baseline -0.003 -13"><span class='ocrx_word' id='word_1_323' title='bbox 311 2415 375 2465; x_wconf 81' lang='lat' dir='ltr'>gia</span> <span class='ocrx_word' id='word_1_324' title='bbox 392 2419 449 2451; x_wconf 90' lang='lat' dir='ltr'>est</span> <span class='ocrx_word' id='word_1_325' title='bbox 468 2418 653 2463; x_wconf 86' lang='lat' dir='ltr'>potestas,</span> <span class='ocrx_word' id='word_1_326' title='bbox 682 2411 892 2462; x_wconf 79' lang='lat' dir='ltr'>praesertim</span> <span class='ocrx_word' id='word_1_327' title='bbox 909 2411 939 2447; x_wconf 89' lang='lat' dir='ltr'>si</span> <span class='ocrx_word' id='word_1_328' title='bbox 959 2411 1155 2448; x_wconf 84' lang='lat' dir='ltr'>finitimam</span> <span class='ocrx_word' id='word_1_329' title='bbox 1175 2411 1367 2461; x_wconf 81' lang='lat' dir='ltr'>regionem</span> <span class='ocrx_word' id='word_1_330' title='bbox 1387 2410 1532 2448; x_wconf 90' lang='lat' dir='ltr'>colant.</span> 
     </span>
    </p>

    <p class='ocr_par' dir='ltr' id='par_1_5' title="bbox 307 2472 1761 2833">
     <span class='ocr_line' id='line_1_35' title="bbox 363 2472 1761 2525; baseline -0.003 -12"><span class='ocrx_word' id='word_1_331' title='bbox 363 2479 401 2514; x_wconf 83' lang='lat'>4.</span> <span class='ocrx_word' id='word_1_332' title='bbox 419 2475 490 2512; x_wconf 89' lang='lat' dir='ltr'>His</span> <span class='ocrx_word' id='word_1_333' title='bbox 510 2475 624 2525; x_wconf 85' lang='lat' dir='ltr'>igitur</span> <span class='ocrx_word' id='word_1_334' title='bbox 639 2474 677 2510; x_wconf 92' lang='lat' dir='ltr'>in</span> <span class='ocrx_word' id='word_1_335' title='bbox 690 2473 824 2511; x_wconf 84' lang='lat' dir='ltr'>animis</span> <span class='ocrx_word' id='word_1_336' title='bbox 839 2473 974 2512; x_wconf 86' lang='lat' dir='ltr'>vestris</span> <span class='ocrx_word' id='word_1_337' title='bbox 988 2473 1127 2519; x_wconf 83' lang='lat' dir='ltr'>infixis,</span> <span class='ocrx_word' id='word_1_338' title='bbox 1142 2472 1418 2518; x_wconf 83' lang='lat' dir='ltr'>Athenienses,</span> <span class='ocrx_word' id='word_1_339' title='bbox 1433 2472 1659 2521; x_wconf 85' lang='lat' dir='ltr'>caeterisque</span> <span class='ocrx_word' id='word_1_340' title='bbox 1673 2484 1761 2523; x_wconf 84' lang='lat' dir='ltr'>quae</span> 
     </span>
     <span class='ocr_line' id='line_1_36' title="bbox 311 2533 1759 2586; baseline -0.006 -7"><span class='ocrx_word' id='word_1_341' title='bbox 311 2540 452 2578; x_wconf 89' lang='lat' dir='ltr'>decent</span> <span class='ocrx_word' id='word_1_342' title='bbox 469 2536 645 2575; x_wconf 87' lang='lat' dir='ltr'>omnibus</span> <span class='ocrx_word' id='word_1_343' title='bbox 666 2535 899 2586; x_wconf 86' lang='lat' dir='ltr'>cogitatione</span> <span class='ocrx_word' id='word_1_344' title='bbox 919 2534 1220 2585; x_wconf 81' lang='lat' dir='ltr'>comprehensiS,</span> <span class='ocrx_word' id='word_1_345' title='bbox 1241 2534 1328 2572; x_wconf 90' lang='lat' dir='ltr'>dico</span> <span class='ocrx_word' id='word_1_346' title='bbox 1346 2547 1416 2571; x_wconf 89' lang='lat' dir='ltr'>vos</span> <span class='ocrx_word' id='word_1_347' title='bbox 1437 2540 1475 2570; x_wconf 88' lang='lat' dir='ltr'>et</span> <span class='ocrx_word' id='word_1_348' title='bbox 1494 2533 1669 2572; x_wconf 91' lang='lat' dir='ltr'>lubenter</span> <span class='ocrx_word' id='word_1_349' title='bbox 1692 2546 1759 2571; x_wconf 82' lang='lat' dir='ltr'>ex-</span> 
     </span>
     <span class='ocr_line' id='line_1_37' title="bbox 307 2594 1755 2649; baseline -0.006 -10"><span class='ocrx_word' id='word_1_350' title='bbox 307 2600 414 2640; x_wconf 87' lang='lat' dir='ltr'>citari</span> <span class='ocrx_word' id='word_1_351' title='bbox 435 2605 608 2649; x_wconf 86' lang='lat' dir='ltr'>oportere</span> <span class='ocrx_word' id='word_1_352' title='bbox 628 2604 667 2635; x_wconf 90' lang='lat' dir='ltr'>et</span> <span class='ocrx_word' id='word_1_353' title='bbox 683 2597 799 2644; x_wconf 90' lang='lat' dir='ltr'>bello,</span> <span class='ocrx_word' id='word_1_354' title='bbox 820 2597 850 2634; x_wconf 92' lang='lat' dir='ltr'>si</span> <span class='ocrx_word' id='word_1_355' title='bbox 869 2609 1039 2646; x_wconf 88' lang='lat' dir='ltr'>unquam</span> <span class='ocrx_word' id='word_1_356' title='bbox 1071 2596 1179 2642; x_wconf 87' lang='lat' dir='ltr'>alias,</span> <span class='ocrx_word' id='word_1_357' title='bbox 1206 2608 1308 2633; x_wconf 86' lang='lat' dir='ltr'>nunc</span> <span class='ocrx_word' id='word_1_358' title='bbox 1327 2594 1491 2632; x_wconf 83' lang='lat' dir='ltr'>maxime</span> <span class='ocrx_word' id='word_1_359' title='bbox 1518 2594 1755 2642; x_wconf 90' lang='lat' dir='ltr'>incumbere,</span> 
     </span>
     <span class='ocr_line' id='line_1_38' title="bbox 310 2656 1759 2713; baseline -0.002 -14"><span class='ocrx_word' id='word_1_360' title='bbox 310 2661 515 2713; x_wconf 87' lang='lat' dir='ltr'>pecuniam</span> <span class='ocrx_word' id='word_1_361' title='bbox 542 2660 718 2698; x_wconf 84' lang='lat' dir='ltr'>alacriter</span> <span class='ocrx_word' id='word_1_362' title='bbox 736 2658 978 2696; x_wconf 85' lang='lat' dir='ltr'>conferentes</span> <span class='ocrx_word' id='word_1_363' title='bbox 1005 2665 1044 2696; x_wconf 89' lang='lat' dir='ltr'>et</span> <span class='ocrx_word' id='word_1_364' title='bbox 1070 2657 1174 2709; x_wconf 85' lang='lat' dir='ltr'>ipsos</span> <span class='ocrx_word' id='word_1_365' title='bbox 1209 2658 1416 2696; x_wconf 86' lang='lat' dir='ltr'>militantes</span> <span class='ocrx_word' id='word_1_366' title='bbox 1447 2663 1486 2695; x_wconf 91' lang='lat' dir='ltr'>et</span> <span class='ocrx_word' id='word_1_367' title='bbox 1520 2656 1627 2694; x_wconf 88' lang='lat' dir='ltr'>nulla</span> <span class='ocrx_word' id='word_1_368' title='bbox 1651 2656 1688 2694; x_wconf 90' lang='lat' dir='ltr'>in</span> <span class='ocrx_word' id='word_1_369' title='bbox 1718 2670 1759 2696; x_wconf 90' lang='lat' dir='ltr'>re</span> 
     </span>
     <span class='ocr_line' id='line_1_39' title="bbox 314 2718 1759 2770; baseline -0.003 -10"><span class='ocrx_word' id='word_1_370' title='bbox 314 2722 548 2761; x_wconf 85' lang='lat' dir='ltr'>deficientes.</span> <span class='ocrx_word' id='word_1_371' title='bbox 588 2720 708 2758; x_wconf 85' lang='lat' dir='ltr'>Nulla</span> <span class='ocrx_word' id='word_1_372' title='bbox 727 2720 827 2757; x_wconf 90' lang='lat' dir='ltr'>enim</span> <span class='ocrx_word' id='word_1_373' title='bbox 840 2720 920 2770; x_wconf 86' lang='lat' dir='ltr'>jam</span> <span class='ocrx_word' id='word_1_374' title='bbox 941 2719 1036 2757; x_wconf 88' lang='lat' dir='ltr'>ratio</span> <span class='ocrx_word' id='word_1_375' title='bbox 1056 2719 1176 2765; x_wconf 87' lang='lat' dir='ltr'>vobis,</span> <span class='ocrx_word' id='word_1_376' title='bbox 1196 2719 1325 2756; x_wconf 88' lang='lat' dir='ltr'>nullus</span> <span class='ocrx_word' id='word_1_377' title='bbox 1345 2725 1571 2770; x_wconf 80' lang='lat' dir='ltr'>praetextus,</span> <span class='ocrx_word' id='word_1_378' title='bbox 1592 2730 1669 2768; x_wconf 91' lang='lat' dir='ltr'>quo</span> <span class='ocrx_word' id='word_1_379' title='bbox 1688 2718 1759 2756; x_wconf 93' lang='lat' dir='ltr'>mi-</span> 
     </span>
     <span class='ocr_line' id='line_1_40' title="bbox 310 2779 1756 2833; baseline -0.003 -11"><span class='ocrx_word' id='word_1_380' title='bbox 310 2797 384 2822; x_wconf 88' lang='lat' dir='ltr'>nus</span> <span class='ocrx_word' id='word_1_381' title='bbox 411 2783 536 2822; x_wconf 87' lang='lat' dir='ltr'>officio</span> <span class='ocrx_word' id='word_1_382' title='bbox 555 2782 663 2833; x_wconf 82' lang='lat' dir='ltr'>fungi</span> <span class='ocrx_word' id='word_1_383' title='bbox 684 2781 822 2829; x_wconf 84' lang='lat' dir='ltr'>velitis,</span> <span class='ocrx_word' id='word_1_384' title='bbox 837 2781 1070 2832; x_wconf 84' lang='lat' dir='ltr'>relinquitur.</span> <span class='ocrx_word' id='word_1_385' title='bbox 1129 2782 1229 2819; x_wconf 88' lang='lat' dir='ltr'>Nam</span> <span class='ocrx_word' id='word_1_386' title='bbox 1249 2781 1354 2831; x_wconf 86' lang='lat' dir='ltr'>quod</span> <span class='ocrx_word' id='word_1_387' title='bbox 1375 2792 1507 2819; x_wconf 85' lang='lat' dir='ltr'>omnes</span> <span class='ocrx_word' id='word_1_388' title='bbox 1532 2779 1756 2829; x_wconf 83' lang='lat' dir='ltr'>jactabatis,</span> 
     </span>
    </p>
   </div>
  </div>
 </body>
</html>
