1923 3149
313 161 390 198 238
630 158 706 195 DE
735 158 886 195 MALE
916 157 1094 196 GESTA
1124 155 1448 193 LEGATIONE.

311 260 461 298 libitum
489 260 614 303 fuerit,
635 266 675 296 et
697 259 763 296 illa
779 259 977 297 calamitas
997 255 1250 306 respicienda,
1277 263 1316 293 et
1341 262 1473 293 auctor
1490 263 1528 294 et
1554 257 1757 295 instructor

311 311 414 359 illius'
432 319 633 371 potestatis
648 318 738 358 odio
757 307 1050 370 proseduendus
1070 322 1109 354 et
1129 315 1387 355 ulciscendus.

367 383 431 420 31.
465 380 654 431 Equidem
675 380 756 419 scio
776 379 1000 417 AEschinem
1016 377 1066 415 ad
1085 376 1372 416 accusationem
1390 376 1483 415 nihil
1502 389 1586 415 esse
1598 389 1756 428 respon-

312 455 464 482 surum:
494 442 578 488 sed,
597 454 672 492 quo
691 454 758 480 vos
779 453 893 491 quam
909 438 1133 490 longissime
1152 451 1175 476 a
1194 451 1313 476 causa
1325 438 1506 484 abducat,
1526 450 1757 476 commemo-

310 510 492 549 raturum,
505 510 690 553 quantum
703 500 870 539 universi
882 500 1061 538 mortales
1075 499 1362 537 commodorum
1372 512 1417 536 ex
1428 511 1522 550 pace
1534 499 1757 549 percipiant,

310 572 445 603 contra
462 576 558 614 quas
573 576 594 601 e
606 563 708 601 bello
723 562 866 608 clades,
881 574 926 599 ae
939 561 1101 611 denique
1117 559 1376 598 laudationem
1388 560 1508 611 pacis,
1523 559 1756 597 defensionis

308 626 396 665 loco
414 626 631 664 allaturum,
673 624 773 662 Sunt
797 630 927 662 autem
945 636 992 662 ea
1011 623 1138 661 omnia
1157 636 1243 661 cum
1274 623 1356 673 ejus
1378 621 1640 660 criminatione
1665 633 1757 659 con-

302 687 452 739 juncta.
492 686 593 724 Nam
613 686 645 724 si
664 699 752 736 pax,
772 698 860 736 quae
879 684 960 722 aliis
980 690 1039 722 tot
1056 686 1243 722 bonorum
1262 696 1381 722 causa
1406 690 1479 728 est,
1505 689 1564 720 tot
1580 682 1756 732 negotio-

308 761 393 787 rum
410 754 449 786 et
476 753 593 786 tantae
611 746 910 798 perturbationis
937 758 1057 784 causa
1074 745 1184 784 nobis
1211 745 1369 790 exstitit,
1388 744 1479 795 quid
1507 744 1662 782 tandem
1682 742 1758 780 dici

305 809 520 854 conveniet,
539 809 612 846 nisi
631 809 736 854 istos,
751 807 973 846 muneribus
993 806 1176 857 acceptis,
1198 819 1275 844 rem
1297 812 1431 856 suapte
1460 812 1598 842 natura
1613 804 1757 841 bonam

308 871 409 909 male
427 870 672 922 corrupisse?
701 869 805 913 Quid
819 869 936 908 vero?
967 881 1016 906 an
1041 881 1118 906 non
1146 868 1317 906 triremes
1345 873 1541 912 trecentae,
1567 872 1606 902 et
1631 876 1756 903 arma·

307 938 440 971 menta
463 932 629 980 illarum,
655 938 693 970 et
716 931 891 982 pecuniae
909 930 1018 968 vobis
1048 936 1264 980 supersunt,
1292 935 1331 965 et
1359 933 1587 978 supererunt
1605 932 1759 976 propter

307 993 471 1045 pacem?
508 994 670 1032 fortasse
698 992 813 1031 dicat.
846 991 967 1029 Vobis
1006 997 1134 1028 autem
1170 996 1304 1027 contra
1331 989 1384 1026 ita
1409 986 1650 1025 sentiendum
1686 992 1759 1030 est,

307 1055 424 1093 etiam
442 1054 606 1106 Philippi
629 1066 720 1105 opes
740 1066 786 1091 ea
803 1065 899 1104 pace
918 1051 1039 1090 multo
1055 1051 1246 1089 auctiores
1267 1063 1352 1088 esse
1368 1049 1503 1094 factas,
1518 1056 1557 1085 et
1573 1053 1758 1098 apparatu

309 1129 513 1163 armorum,
533 1122 573 1154 et
596 1114 816 1166 provinciis,
839 1121 879 1152 et
903 1113 1105 1158 reditibus,
1128 1124 1224 1163 quos
1245 1111 1307 1149 ille
1323 1117 1460 1149 nactus
1475 1116 1533 1147 est
1552 1109 1730 1160 ingentes
1747 1121 1757 1146 ;

307 1184 558 1217 accesserunt
571 1185 610 1215 et
627 1176 737 1215 nobis
751 1176 880 1227 aliqui,
901 1175 970 1214 sed
985 1181 1113 1213 tamen
1132 1187 1256 1212 rerum
1271 1172 1523 1224 gerendarum
1539 1176 1758 1221 apparatus,

309 1245 351 1278 et
384 1239 588 1285 sociorum,
623 1251 698 1290 quo
727 1250 858 1276 omnes
886 1243 952 1275 aut
984 1236 1244 1286 sibimetipsis,
1272 1241 1338 1272 aut
1363 1232 1636 1284 potentioribus
1665 1244 1758 1282 opes

308 1307 461 1352 parant,
476 1313 520 1339 ac
541 1306 688 1346 tenent,
708 1305 840 1337 noster
865 1298 1018 1348 quidem
1039 1298 1087 1335 ab
1110 1297 1185 1334 isto
1205 1295 1400 1339 venditus,
1427 1294 1542 1344 periit
1566 1299 1606 1330 et
1624 1292 1759 1344 debili-

309 1368 414 1400 tatus
435 1368 506 1407 est,
528 1361 629 1399 illius
649 1367 792 1406 autern,
807 1358 1055 1397 formidabilis
1077 1364 1136 1396 est
1148 1357 1341 1402 factus,et
1357 1355 1479 1393 multo
1499 1357 1630 1402 major.
1669 1353 1760 1390 Non

309 1423 425 1473 igitur
444 1436 598 1473 aequum
624 1429 697 1469 est,
714 1421 769 1459 illi
787 1428 950 1470 utraque
971 1432 1059 1457 esse
1078 1426 1196 1456 aucta
1213 1431 1280 1469 per
1298 1417 1408 1462 istos,
1429 1422 1467 1453 et
1485 1415 1704 1460 societates,
1723 1420 1763 1451 et

310 1484 479 1522 reditus:
508 1483 620 1522 nobis
645 1496 692 1521 ea
716 1496 804 1533 quae
834 1488 988 1532 propter
1012 1492 1148 1531 pacem
1181 1479 1315 1516 merito
1342 1476 1761 1523 teneremus,·istorum

310 1545 537 1595 corruptelis
573 1543 766 1582 aestimari.
815 1543 906 1580 Non
938 1542 1038 1579 enim
1062 1541 1148 1578 haec
1176 1553 1242 1590 pro
1277 1539 1352 1577 illis
1378 1538 1606 1589 recepimus,
1636 1550 1761 1588 neque

310 1606 442 1644 multis
469 1605 592 1643 verbis
612 1611 671 1643 est
696 1618 820 1656 opus3
852 1603 920 1642 sed
941 1609 981 1640 et
997 1602 1083 1640 haec
1101 1601 1237 1640 eodem
1257 1601 1374 1639 modo
1397 1608 1624 1646 teneremus,
1643 1605 1682 1638 et
1699 1599 1764 1637 illa

311 1667 344 1705 si
364 1668 509 1717 absque
528 1666 612 1704 istis
630 1672 747 1712 esset,
766 1664 1037 1703 accessissent.
1752 1664 1755 1668 '

365 1730 429 1767 32.
460 1728 563 1766 Illud
579 1734 722 1774 autem,
735 1726 1007 1771 Atheniense-S,
1021 1724 1177 1763 omnino
1190 1723 1464 1769 assentiemini,
1483 1722 1629 1760 etiamsi
1642 1721 1765 1759 multa

311 1797 352 1828 et
371 1790 502 1841 gravia
519 1789 622 1827 mala
638 1788 858 1839 reipublicae
887 1787 1111 1831 acciderint,
1139 1797 1271 1823 eorum
1301 1793 1431 1821 autem
1457 1783 1602 1821 nullius
1630 1790 1764 1820 auctor

310 1851 363 1890 sit
381 1850 602 1896 AEschines,
622 1863 701 1887 non
721 1862 807 1886 esse
817 1851 978 1895 justum,
999 1852 1043 1883 ut
1061 1845 1099 1882 in
1123 1857 1210 1882 eum
1231 1844 1513 1889 saeviatunnec
1533 1843 1565 1881 si
1584 1842 1677 1892 quid
1698 1855 1764 1893 per

313 1911 480 1962 aliquem
500 1910 615 1949 alium
633 1910 733 1946 bene
757 1914 908 1958 gestum
929 1912 1002 1951 est,
1021 1912 1065 1943 ut
1083 1905 1178 1942 illud
1204 1917 1292 1941 eum
1313 1911 1485 1949 tueatur;
1515 1904 1584 1942 sed
1603 1916 1763 1954 quarum

312 1974 386 2011 iste
414 1985 538 2010 rerum
558 1972 607 2008 sit
625 1976 771 2015 auctor,
791 1966 1023 2018 cogitabitis,
1043 1966 1153 2016 eique
1181 1972 1219 2002 et
1238 1965 1413 2015 gratiam,
1440 1966 1472 2002 si
1495 1965 1636 2014 dignus
1656 1965 1762 2002 vide-

313 2033 428 2081 bitur,
445 2030 634 2076 referetis,
654 2037 693 2068 et
707 2036 851 2075 contra,
866 2029 897 2066 si
910 2026 1191 2071 commeruerit,
1205 2018 1495 2064 succensebitis'.
1525 2026 1627 2063 Haec
1646 2025 1764 2076 igitur

314 2094 510 2147 quomodo
529 2099 631 2131 recte
649 2089 969 2142 deprehendetis?
999 2088 1039 2125 Si
1059 2101 1146 2126 eum
1159 2100 1236 2125 non
1249 2087 1377 2124 omnia
1388 2086 1500 2124 simul
1520 2085 1764 2125 commiscere

314 2156 522 2209 patiemini,
547 2155 690 2192 ducum
714 2152 872 2199 scelera,
889 2151 1034 2189 bellum
1055 2157 1208 2200 gestum
1235 2161 1322 2187 cum
1350 2148 1542 2199 Philippo,
1559 2148 1765 2186 commoda

315 2218 438 2270 pacis,
450 2216 518 2256 sed
531 2216 563 2254 si
577 2216 728 2265 singula
739 2227 806 2266 per
819 2225 859 2251 se
875 2210 1178 2250 considerabitis.
1209 2210 1324 2252 Quod
1339 2223 1460 2260 genus
1470 2216 1547 2247 est:
1568 2209 1640 2247 fuit
1653 2209 1762 2247 nobis

315 2281 460 2319 bellum
475 2291 562 2317 cum
578 2277 769 2328 Philippo.
801 2275 890 2320 Hic,
905 2274 1072 2324 nunquis
1087 2279 1246 2310 accusat
1258 2270 1506 2309 AEschinem‘?
1534 2270 1617 2308 vult
1635 2283 1681 2307 ne
1694 2269 1763 2307 ali-

315 2343 401 2392 quis
422 2353 510 2378 eum
528 2338 724 2392 postulare
741 2337 788 2374 de
807 2337 922 2374 rebus
941 2335 980 2372 in
991 2334 1094 2372 bello
1111 2333 1258 2384 gestis?
1286 2332 1424 2369 Nemo.
1447 2331 1615 2369 Proinde
1629 2331 1769 2374 horum

316 2416 405 2441 eum
428 2401 629 2446 absolvite,
648 2412 774 2450 neque
793 2398 842 2436 ad
861 2397 947 2434 haec
967 2409 1053 2434 eum
1072 2394 1303 2446 respondere
1324 2406 1477 2431 necesse
1497 2400 1567 2431 est.
1606 2393 1708 2431 Nam
1727 2393 1765 2431 in

316 2462 584 2503 controversiis
599 2467 638 2499 et
651 2466 770 2498 testes
785 2457 1038 2510 producendi,
1050 2464 1088 2494 et
1100 2462 1326 2506 argumenta
1338 2455 1568 2506 proferenda
1585 2462 1675 2492 sunt
1688 2468 1766 2502 reo,

316 2538 396 2564 non
412 2525 456 2562 iis
478 2522 734 2561 defendendis
747 2534 832 2571 quae
851 2520 890 2557 in
906 2519 1083 2557 confesso
1099 2523 1200 2562 sunt,
1215 2516 1393 2554 facienda
1410 2516 1631 2567 impostura.
1662 2518 1767 2556 Cave

317 2588 433 2638 igitur
447 2585 653 2636 quicquam
669 2581 830 2619 debello
846 2581 976 2618 dicas:
1006 2591 1118 2617 nemo
1134 2578 1235 2616 enim
1256 2578 1304 2615 de
1319 2590 1364 2616 eo
1377 2579 1585 2628 quicquam
1600 2585 1637 2616 te
1652 2589 1765 2616 accu-

316 2654 388 2686 sat.
423 2646 566 2684 Postea
578 2644 736 2694 quidam
753 2642 864 2680 nobis
882 2647 1090 2679 suaserunt
1106 2653 1240 2691 pacem
1255 2653 1263 2676 :
1293 2647 1590 2690 persuaserunt:
1619 2639 1767 2691 legatos

316 2709 514 2746 misimus:
545 2705 791 2744 adduxerunt
810 2703 864 2739 illi
893 2703 970 2740 huc
990 2715 1056 2740 eos
1077 2702 1142 2752 qui
1170 2714 1303 2752 pacem
1330 2701 1467 2739 facturi
1492 2708 1634 2739 essent.
1692 2701 1766 2742 Hic

319 2771 472 2814 iterum,
494 2767 660 2818 nunquis
679 2779 725 2804 ea
739 2765 786 2802 de
805 2777 844 2802 re
857 2765 988 2814 culpat
1001 2762 1248 2800 AEschinein?
1269 2762 1400 2800 asserit
1415 2762 1552 2813 aliquis
1563 2775 1649 2800 eum
1664 2764 1765 2813 pacis

321 2836 531 2878 autetorem,
540 2837 606 2868 aut
617 2827 840 2878 deliquisse,
855 2826 919 2876 qui
934 2825 1082 2876 legatos
1096 2838 1140 2862 ea
1161 2824 1283 2874 gratia
1295 2824 1432 2862 missos
1444 2824 1521 2861 huc
1534 2823 1767 2862 adduxerit?

322 2893 458 2932 Nemo.
474 2891 639 2929 Proinde
655 2902 727 2927 nec
739 2888 786 2926 de
800 2899 895 2938 pace
911 2889 1012 2924 facta
1025 2900 1047 2924 a
1058 2886 1252 2936 republica
1265 2885 1469 2936 quicquam
1478 2892 1539 2923 est
1550 2884 1766 2930 dicendum,
