1923 3149
299 214 375 252 408
680 210 905 250 CONTRA
936 207 1371 248 ARISTOCRATEM.

298 315 452 354 civitate
477 314 682 360 donarunt,
706 315 811 365 quod
831 327 918 353 eum
949 300 1128 351 honorem
1155 325 1238 351 esse
1265 311 1419 349 abunde
1448 322 1628 361 magnum
1662 308 1740 346 exin

299 376 508 413 stimarent.
539 375 687 413 Rursus
709 375 918 420 Perdiccae,
940 374 1132 411 Barbarici
1162 373 1253 411 belli
1272 372 1511 423 temporibus
1541 373 1578 409 in
1608 373 1740 409 Mace-

299 436 415 475 donia
444 436 632 486 regnanti,
658 437 724 485 qui
757 436 944 473 Barbaros
977 434 1134 471 Plataeis
1162 433 1386 470 recedentes
1415 432 1622 476 ceciderat,
1650 430 1742 469 effe-

298 504 481 547 ceratque
500 503 543 534 ut
561 497 661 547 regis
693 496 895 534 Persarum
916 495 1046 533 clades
1075 495 1223 544 integra
1248 500 1363 539 esset,
1377 492 1460 530 'non
1491 493 1745 530 decreverunt

298 558 442 596 abduci
459 557 573 597 licere
589 570 690 603 eum,
707 557 738 595 si
756 557 840 607 quis
857 556 1093 601 Perdiccam,
1115 555 1179 606 qui
1196 555 1233 592 in
1252 561 1419 593 vestram
1440 554 1601 605 gratiam
1620 551 1742 590 inimi·

299 619 408 658 citias
439 619 538 669 regis
571 619 775 656 Persarum
801 625 1037 668 susceperat,
1064 616 1291 659 occidisset;
1323 615 1391 653 sed
1416 621 1565 652 tanturn
1592 613 1744 652 civitate

300 680 507 718 donarunt.
538 679 638 717 Nam
656 678 728 715 illis
745 678 981 728 temporibus
999 690 1187 716 consensu
1205 676 1417 713 mortalium
1431 674 1599 712 omnium
1614 680 1745 711 tantus

299 740 424 779 honos
455 741 661 791 putabatur
681 738 926 776 Atheniensis
953 738 1115 776 civitatis
1137 738 1200 788 jus
1220 737 1391 787 adipisci,
1411 743 1454 773 ut
1482 748 1551 786 pro
1581 747 1626 773 eo
1653 746 1743 772 con-

300 801 514 852 sequendo,
536 806 645 838 tanta
664 799 701 837 in
728 812 800 837 nos
821 798 1007 837 beneficia
1033 799 1206 837 conferre
1235 798 1400 836 vellent:
1431 810 1532 834 nunc
1563 796 1664 834 idem
1694 796 1747 832 ita

300 862 572 908 contemnitur,
588 868 633 899 ut
644 861 717 898 hoc
731 860 877 897 honore
891 860 1014 898 ornati
1025 860 1133 897 multi
1146 859 1318 910 pluribus
1330 872 1401 896 vos
1413 858 1523 896 malis
1535 856 1746 902 affecerint,

301 936 418 973 quam
435 922 556 973 aperti
575 922 723 959 hostes.

355 986 421 1022 52.
451 984 586 1035 Neque
618 996 708 1021 vero
747 983 822 1021 hoc
848 982 971 1020 solum
1000 994 1138 1018 munus
1174 987 1316 1018 nostrae
1345 980 1448 1018 urbis
1479 981 1671 1027 abjectum
1709 984 1747 1015 et

301 1045 374 1084 vile
392 1045 536 1083 factum
555 1052 627 1091 est,
656 1043 726 1082 sed
748 1051 789 1082 et
816 1050 945 1081 cetera
969 1043 1108 1087 omnia,
1127 1049 1281 1093 propter
1311 1040 1600 1079 exsecrabilium
1620 1046 1660 1078 et
1679 1052 1747 1076 ne-

299 1107 481 1146 fariorum
500 1113 704 1151 oratorum,
726 1105 791 1156 qui
816 1106 908 1143 talia
935 1112 1078 1143 temere
1102 1104 1285 1150 scribunt,
1318 1104 1622 1155 improbitatem;
1654 1113 1749 1152 quo-

301 1181 384 1206 rum
403 1168 563 1207 avaritia
579 1174 618 1205 et
631 1167 764 1205 sordes
784 1167 821 1203 in
841 1174 917 1204 tam
938 1166 1167 1203 immensum
1187 1174 1448 1210 excreverunt,
1469 1170 1513 1202 ut
1532 1164 1696 1201 honores
1714 1167 1752 1200 et

302 1230 462 1281 praemia
474 1229 670 1275 vestratia‚
690 1236 875 1279 tanquam
895 1228 919 1264 ii
937 1227 1001 1277 qui
1020 1227 1188 1264 minutas
1208 1239 1268 1264 res
1287 1233 1328 1264 et
1344 1239 1462 1277 supra
1480 1225 1637 1263 modum
1656 1222 1750 1261 viles

302 1290 586 1335 auctionantur,
609 1289 662 1326 sic
680 1288 865 1333 vendant,
883 1288 931 1325 de
943 1287 1068 1338 pretio
1081 1286 1342 1332 detrahentes,
1358 1294 1397 1322 et
1411 1286 1540 1323 multis
1555 1285 1603 1322 ob
1616 1285 1751 1322 eadem

302 1351 368 1390 illa
386 1351 526 1388 lucella
544 1350 803 1401 scriptitantes
822 1348 1005 1400 quicquid
1020 1347 1177 1385 omnino
1191 1347 1417 1397 optaverint.
1450 1346 1620 1383 Primum
1635 1345 1751 1389 enim,

304 1418 349 1450 ut
366 1425 389 1450 a
407 1411 609 1461 postremis
626 1411 829 1454 ordiamur,
848 1408 1144 1446 Ariobarzanem
1166 1407 1286 1453 illum,
1305 1420 1383 1445 non
1404 1407 1526 1457 ipsum
1547 1413 1693 1444 tantum
1715 1411 1754 1442 et

304 1475 389 1523 ejus
409 1472 507 1510 ftlios
527 1484 686 1509 numero
706 1479 782 1508 tres
801 1470 980 1507 omnibus
999 1468 1145 1518 dignati
1167 1475 1257 1505 sunt
1271 1480 1518 1518 quaecunque
1536 1466 1753 1510 voluerunt,

305 1533 377 1572 sed
396 1539 435 1570 et
453 1532 550 1569 duos
568 1532 794 1582 Abydenos,
812 1529 1079 1566 infestissimos
1099 1527 1395 1564 Atheniensium
1414 1527 1562 1571 hostes,
1581 1526 1756 1564 homines

304 1592 617 1643 improbissimos,
632 1592 667 1629 ei
685 1591 955 1639 adjunxerunt,
977 1588 1186 1626 Philiscum
1206 1594 1246 1625 et
1263 1588 1453 1638 Agavum.
1485 1587 1649 1632 Rursus,
1668 1600 1755 1625 cnm

306 1653 532 1693 Timotheus
552 1652 680 1690 officio
695 1651 850 1689 functus
868 1662 960 1700 erga
973 1661 1056 1695 vos,
1076 1655 1114 1686 et
1132 1661 1212 1686 rem
1237 1649 1338 1685 bene
1357 1648 1526 1698 gessisse
1553 1648 1756 1690 videretur.

305 1722 561 1769 praeterquam
590 1713 693 1763 quod
716 1713 750 1749 ei
780 1723 931 1749 summa
953 1710 1080 1748 omnia
1114 1709 1314 1755 dederant,
1344 1709 1565 1760 adjecerunt
1598 1710 1756 1747 auctarii

306 1778 386 1815 vice
402 1776 515 1821 duos,
535 1773 818 1811 Phrasicridem
839 1778 878 1810 et
900 1771 1191 1822 Polysthenem,
1219 1770 1392 1808 homines
1419 1772 1558 1820 (neque
1579 1770 1679 1808 enim
1698 1770 1756 1807 in-

307 1836 424 1888 genui
443 1839 547 1883 sunt)
566 1834 752 1886 perditos,
772 1841 813 1871 et
824 1833 968 1871 talibus
998 1831 1232 1869 facinoribus
1248 1837 1415 1881 opertos,
1431 1843 1453 1868 a
1469 1843 1631 1881 quorum
1651 1844 1756 1869 com-

308 1897 583 1936 memoratione
602 1896 718 1933 homo
742 1894 926 1932 cordatus
947 1893 1160 1930 abhorreat.
1192 1887 1313 1928 Nune'
1329 1898 1534 1941 postremo,
1553 1898 1755 1942 postquam

311 1957 603 2007 Cersobleptem
617 1956 677 1993 his
695 1954 841 2005 dignati
862 1960 966 1996 sunt,
986 1966 1072 2003 quae
1089 1952 1182 2002 ipsis
1202 1951 1440 1997 videbantur,
1462 1959 1497 1989 et
1512 1964 1558 1990 ea
1575 1965 1636 1990 res
1653 1965 1755 1990 sum-

310 2020 383 2057 mis
403 2018 542 2056 studiis
568 2017 768 2067 agebatur,
796 2016 894 2053 duos
924 2014 958 2051 ei
978 2014 1209 2064 adjungunt,
1239 2012 1413 2058 alterurn,
1432 2013 1497 2062 qui
1523 2020 1634 2050 tanta
1658 2012 1760 2050 mala

310 2080 416 2126 fecit,
429 2085 575 2130 quanta
588 2076 803 2122 audivistis,
819 2075 993 2120 alterum,
1008 2086 1124 2124 quem
1133 2086 1290 2123 prorsus
1304 2086 1418 2111 nemo
1431 2073 1626 2110 hominurn
1641 2073 1760 2120 novit,

313 2142 490 2193 quisnam
511 2140 573 2183 sit,
587 2137 791 2175 Eudeoeen
805 2136 971 2173 nominc.
1004 2136 1137 2184 Itaque
1153 2134 1243 2172 dum
1259 2134 1313 2171 ita
1327 2132 1383 2180 fit,
1403 2147 1491 2184 quae
1510 2147 1652 2184 magna
1669 2134 1759 2172 olim

311 2203 567 2247 habebantur,
587 2212 690 2237 nunc
716 2198 823 2248 parvi
843 2197 1092 2241 aestimantur,
1118 2202 1157 2232 et
1176 2208 1235 2232 res
1255 2194 1291 2231 in
1314 2195 1396 2232 dies
1414 2201 1575 2244 vagatur
1592 2194 1760 2246 longius,

313 2277 439 2315 neque
451 2263 534 2314 jam
552 2261 636 2298 haec
667 2259 872 2298 sufficiunt.
902 2257 1017 2301 Quod
1050 2256 1123 2294 nisi
1152 2256 1237 2293 haec
1265 2255 1417 2305 singula
1445 2256 1644 2300 cavebitis,
1667 2257 1760 2293 satis

313 2331 474 2378 apparet
496 2324 592 2369 fore,
611 2329 653 2359 ut
679 2321 831 2359 illorum
852 2320 1011 2370 pretium
1033 2325 1071 2356 et
1090 2318 1212 2371 gratia
1231 2316 1352 2354 omnis
1371 2315 1582 2354 exolescat.

367 2389 432 2425 53.
462 2385 576 2427 Quod
593 2395 684 2421 vero
705 2381 752 2419 ad
767 2387 915 2419 tantam
932 2379 1205 2429 turpitudinem
1224 2390 1285 2414 res
1304 2376 1496 2427 prolapsae
1523 2382 1626 2422 sunt,
1647 2389 1759 2415 nemo

315 2447 439 2497 magis
458 2447 497 2483 in
517 2445 633 2495 culpa
646 2450 706 2481 est
723 2454 837 2492 quam
856 2454 924 2478 vos
944 2440 1028 2490 ipsi,
1055 2438 1322 2481 Athenienses,
1345 2437 1376 2474 si
1395 2438 1534 2474 veritas
1562 2437 1678 2475 libere
1705 2438 1761 2476 di-

315 2508 440 2548 cenda
467 2512 549 2548 est;
581 2517 668 2541 nam
690 2503 958 2553 delinquentes
987 2500 1121 2551 punire
1144 2498 1357 2543 destitistis,
1383 2504 1422 2534 et
1441 2497 1630 2548 supplicia
1647 2499 1761 2536 etiarn

315 2569 469 2608 civitate
501 2565 748 2615 emigrarunt.
791 2563 912 2613 Atqui
939 2561 1178 2599 considerate
1207 2573 1284 2610 quo
1309 2566 1422 2610 pacto
1451 2560 1572 2597 nostri
1600 2560 1762 2610 majores

317 2643 384 2669 eos
415 2629 483 2666 ulti
516 2628 606 2672 sint,
647 2638 670 2663 a
707 2626 847 2675 quibus
881 2623 1017 2675 injuria
1043 2621 1304 2659 afficiebantur
1323 2634 1331 2657 :
1363 2633 1454 2657 num
1485 2621 1619 2658 eodem
1645 2622 1762 2659 modo

316 2705 392 2742 quo
410 2703 495 2729 vos.
538 2687 599 2726 Illi
617 2685 929 2729 Themistoclem,
951 2683 1083 2721 animis
1104 2682 1298 2721 elatiorem
1323 2694 1439 2732 quam
1470 2682 1507 2719 in
1532 2681 1653 2719 libera
1671 2682 1761 2719 civi-

315 2759 396 2791 tate
421 2750 509 2788 ferri
538 2755 681 2800 posset,
712 2745 877 2784 Medicae
906 2743 1132 2794 proditionis
1165 2743 1404 2787 damnatum,
1437 2743 1529 2779 urbe
1555 2742 1761 2792 ejecerunt.

319 2813 446 2858 Cimo,
471 2810 576 2861 quod
594 2807 754 2860 patriam
773 2805 994 2856 reipublicae
1019 2803 1179 2842 formam
1201 2805 1238 2840 in
1263 2816 1303 2841 se
1322 2808 1611 2847 transmoveret,
1641 2803 1761 2841 tribus

319 2880 471 2912 tantum
490 2870 650 2910 calculis
668 2879 821 2920 poenam
847 2865 982 2916 capitis
1000 2864 1148 2914 effugit,
1181 2863 1462 2914 quinquaginta
1487 2862 1640 2900 talentis
1664 2863 1764 2901 rnul-

320 2941 446 2972 ctatus
466 2940 539 2971 est.
575 2930 660 2970 Hoc
679 2928 795 2967 modo
815 2926 1035 2965 tractabant
1052 2925 1150 2962 viros
1169 2924 1218 2962 de
1239 2938 1279 2962 se
1299 2931 1377 2962 tam
1394 2923 1576 2974 praeclare
1596 2924 1763 2962 meritos.
