1923 3149
270 188 345 225 284
684 195 974 234 ADVERSUS
1007 196 1302 235 LEPTINEM.

270 297 394 329 utrum
414 301 572 343 praestet
601 309 715 347 penes
748 311 815 337 vos
849 313 935 338 esse
962 300 1024 351 jus
1059 300 1263 351 largiendi,
1284 306 1323 338 et
1354 299 1560 350 aliquando
1580 298 1657 336 fieri
1678 305 1720 334 ut

268 350 420 403 decepti
450 356 564 393 etiam
591 357 748 410 indigno
767 360 881 398 alicui
909 362 1093 399 honorem
1113 361 1216 399 hunc
1236 360 1425 406 habeatis,
1442 374 1489 398 an
1508 373 1598 398 vero
1617 372 1722 410 pror-

270 425 336 450 sus
354 414 498 454 amissa
517 420 746 458 auctoritate
768 429 910 469 vestra,
931 435 979 460 ne
997 435 1084 460 eum
1106 422 1262 473 quidem
1281 421 1427 459 honore
1447 421 1554 459 vobis
1575 420 1722 459 afficere

269 472 384 512 licere
402 477 466 526 qui
486 478 625 529 dignus
645 482 833 529 videatur,
855 484 958 534 prius
993 484 1089 521 illud
1123 484 1239 534 longe
1258 490 1441 534 praestare
1467 481 1721 533 comperietis.

272 536 562 579 Quamobrem?
618 545 720 586 Quia
739 546 831 584 dum
851 547 1045 586 honoratis
1075 548 1219 599 plures,
1240 561 1355 598 quam
1388 547 1586 592 decuerat,
1615 546 1724 584 multi

272 598 322 636 ad
342 600 663 642 benefaciendum
684 607 791 644 vobis
821 609 1029 647 invitantur
1048 622 1057 646 t
1089 610 1118 647 si
1140 622 1229 647 vero
1248 609 1390 646 nemini
1423 608 1646 659 quidquam,
1668 614 1724 646 et-

272 659 381 697 iamsi
396 671 596 710 mereatur,
613 666 847 716 impertiens,
863 681 996 707 omnes
1017 669 1254 708 deterrebitis
1269 682 1292 707 a
1307 669 1433 707 studio
1448 670 1545 707 bene
1558 668 1606 706 de
1618 669 1725 706 vobis

272 723 457 760 merendi.
515 724 710 764 Praeterea
742 729 807 778 qui
836 729 997 781 indigno
1021 731 1133 770 alicui
1163 731 1349 770 honorem
1374 731 1530 776 habent,
1551 731 1726 769 fortassis

271 790 312 820 ut
333 784 523 835 simplices
543 788 897 837 reprehenduntur:
929 793 994 842 qui
1023 800 1150 830 autem
1178 795 1277 831 bene
1310 793 1454 830 meritis
1487 805 1615 843 parem
1639 805 1724 843 gra-

271 845 362 882 tiam
380 859 456 883 non
476 848 662 894 referunt,
683 850 820 901 ingrati
851 853 966 890 animi
996 854 1139 892 crimen
1161 855 1371 893 incurrunt.
1426 856 1584 896 Quanto
1611 854 1726 904 igitur

273 905 484 957 simplicem
504 923 618 960 quam
640 911 831 962 ingratum
850 914 970 952 videri
1000 922 1174 965 praestat,
1196 922 1304 953 tanto
1332 915 1447 952 etiam
1468 914 1724 965 praestabilius

271 975 332 1005 est
349 968 449 1007 hanc
469 971 595 1021 legem
615 974 791 1024 abrogari
810 988 924 1025 quam
939 977 1109 1026 perferri.

278 1053 282 1055 —
327 1031 362 1067 3.
394 1030 494 1069 Mihi
514 1045 626 1083 porro
645 1034 845 1084 cogitanti,
875 1049 924 1073 ne
946 1036 1042 1074 illud
1064 1037 1220 1088 quidem
1240 1045 1543 1076 consentaneum
1562 1036 1724 1082 videtur,

273 1093 547 1141 Athenienses,
563 1103 618 1142 ut,
640 1097 732 1135 dum
753 1106 881 1137 certos
901 1100 1091 1151 quosdam
1109 1101 1330 1139 criminatur
1349 1102 1398 1138 ob
1419 1108 1579 1151 accepta
1592 1113 1728 1138 mune-

271 1167 326 1200 ra,
346 1156 459 1194 etiam
481 1171 546 1195 eos
566 1158 775 1198 honoribus
793 1161 945 1212 spoliet,
965 1163 1031 1213 qui
1051 1163 1274 1213 reipublicae
1291 1162 1530 1214 profuerunt.
1578 1162 1679 1200 Nam
1696 1163 1728 1200 si

272 1218 516 1256 manentibus
531 1219 635 1258 hisce
653 1222 835 1272 praemiis,
855 1223 1018 1275 improbi
1038 1231 1078 1262 et
1096 1224 1243 1275 indigni
1264 1224 1434 1276 quidam,
1456 1223 1495 1261 id
1516 1224 1619 1275 quod
1644 1224 1726 1275 ipse

263 1278 401 1328 jactat,
417 1280 656 1328 exstiterunt,
667 1283 761 1333 quid
780 1297 912 1335 quaeso
927 1292 1007 1323 tum
1025 1286 1325 1337 exspectandum
1342 1285 1423 1331 erit,
1435 1285 1590 1337 quando
1603 1285 1727 1339 hi‚qui

270 1341 456 1389 praeclare
477 1355 563 1381 sese
583 1352 731 1394 gerunt,
751 1346 897 1384 nullum
919 1347 1075 1385 omnino
1095 1348 1244 1386 virtutis
1261 1362 1342 1386 suae
1362 1349 1561 1399 praemium
1577 1347 1727 1385 ferent?

325 1406 363 1439 4.
395 1402 589 1443 Praeterea
608 1406 703 1444 illud
723 1408 838 1445 etiam
864 1410 972 1446 vobis
1007 1409 1331 1447 considerandum
1366 1416 1440 1454 est,
1473 1422 1519 1446 ex
1552 1409 1728 1447 instituto

270 1461 397 1514 legum
418 1466 556 1514 quibus
572 1467 687 1505 etiam
719 1468 834 1508 hodie
862 1470 1004 1508 utimur
1029 1484 1191 1523 quaeque
1211 1485 1278 1522 per
1297 1471 1438 1508 multos
1458 1483 1580 1508 annos
1598 1471 1730 1521 vigue-

271 1532 375 1575 runt,
394 1539 490 1576 quas
512 1541 559 1565 ne
579 1528 651 1567 iste
671 1530 825 1580 quidem
857 1533 1060 1582 praeclaras
1081 1545 1167 1571 esse
1186 1546 1327 1583 negare
1348 1533 1459 1578 ausit,
1478 1532 1652 1583 singulos
1674 1532 1728 1570 al-

271 1592 354 1624 tero
375 1600 529 1639 quoque
549 1602 648 1627 anno
667 1604 827 1630 munera
854 1593 958 1630 obire
976 1606 984 1630 ε
1018 1607 1136 1644 quare
1158 1593 1356 1631 dimidiam
1378 1594 1562 1645 temporis
1581 1600 1729 1644 partem

272 1648 460 1687 immunes
478 1657 580 1689 sunt.
638 1652 726 1696 Quo
756 1654 872 1705 igitur
904 1654 1107 1693 commodo
1140 1655 1298 1693 dimidia
1331 1669 1378 1693 ex
1411 1662 1519 1707 parte
1552 1656 1728 1693 fruuntur

273 1710 389 1748 etiam
419 1711 457 1748 hi
487 1713 552 1763 qui
572 1713 664 1751 nihil
684 1714 721 1752 in
741 1728 812 1753 nos
831 1716 1091 1761 contulerunt,
1109 1716 1147 1754 id
1166 1718 1264 1755 bene
1283 1717 1443 1763 meritis,
1461 1729 1550 1755 cum
1570 1716 1642 1767 ipsi
1663 1729 1730 1754 an-

273 1778 337 1809 tea
352 1772 586 1821 dederimus,
606 1776 742 1813 iterum
772 1777 1003 1829 eripiemus?
1031 1778 1186 1816 minime
1204 1782 1315 1816 vero!
1373 1778 1474 1816 Nam
1495 1791 1583 1816 cum
1603 1791 1669 1828 per
1687 1791 1729 1815 se

273 1840 386 1885 turpe
403 1834 531 1882 fuerit,
551 1843 631 1873 tum
652 1837 762 1875 nobis
781 1838 1018 1877 indecorum.
1063 1840 1162 1876 Nam
1182 1840 1387 1877 honestum
1403 1852 1487 1877 esse
1503 1840 1566 1889 qui
1586 1845 1728 1890 potest,

275 1894 547 1942 Athenienses,
570 1898 606 1934 in
639 1911 766 1936 rerum
796 1900 1002 1938 vaenalium
1023 1900 1119 1946 foro,
1139 1901 1217 1947 ubi,
1237 1902 1269 1939 si
1287 1914 1364 1951 qua
1381 1901 1485 1938 fraus
1516 1907 1583 1938 aut
1610 1901 1730 1951 impo-

274 1962 381 1994 stura
399 1957 671 2005 intercesserit,
688 1960 901 2011 respublica
920 1961 1013 1998 nihil
1033 1961 1251 1999 detrimenti
1271 1962 1386 2013 capit,
1403 1962 1530 2013 legem
1547 1961 1594 1999 de
1608 1962 1731 1998 vitan-

275 2018 325 2055 do
344 2018 545 2057 mendacio
564 2033 648 2057 esse
668 2020 785 2058 latam
803 2035 811 2059 :
831 2022 984 2072 publice
1005 2029 1134 2060 autem
1153 2023 1359 2067 civitatem,
1376 2037 1459 2061 eam
1473 2036 1560 2073 quae
1576 2023 1731 2073 privatis

275 2079 361 2129 ipsa
390 2080 429 2117 id
454 2080 659 2131 imperarit,
683 2082 818 2120 eadem
851 2083 938 2133 lege
970 2095 1046 2122 non
1077 2085 1144 2131 uti,
1176 2085 1246 2123 sed
1286 2086 1385 2123 bene
1419 2085 1468 2122 de
1500 2098 1541 2122 se
1575 2085 1729 2122 meritos

274 2140 600 2189 circumscribere,
621 2142 735 2193 idque
767 2157 865 2181 cum·
887 2158 1028 2196 magno
1060 2145 1204 2184 damno
1239 2146 1338 2185 suo?
1394 2146 1480 2184 Nec
1519 2145 1619 2184 enim
1655 2145 1730 2183 hoc

275 2202 397 2240 solum
417 2203 738 2242 considerandum
772 2212 842 2252 est,
873 2219 920 2244 an
951 2207 1143 2258 jacturam
1179 2208 1358 2259 pecuniae
1387 2207 1533 2245 nullam
1566 2206 1729 2252 faciatis,

275 2264 344 2301 sed
364 2264 546 2302 habenda
565 2265 679 2303 etiam
714 2267 810 2305 ratio
844 2269 956 2306 bonae
985 2269 1275 2307 existimationis
1295 2282 1382 2320 quae
1398 2269 1505 2305 vobis
1525 2275 1584 2305 est
1605 2267 1728 2306 multo

275 2339 387 2376 quam
409 2339 502 2378 opes
522 2328 737 2379 antiquior:
767 2342 892 2380 neque
912 2330 950 2368 id
972 2331 1080 2368 vobis
1102 2331 1240 2375 solum,
1262 2330 1330 2368 sed
1349 2330 1556 2380 majoribus
1576 2342 1729 2380 quoque

274 2389 424 2426 vestris.
483 2389 597 2432 Quod
628 2390 717 2428 inde
736 2389 841 2429 haud
863 2391 976 2429 dubie
996 2392 1246 2444 perspicitur;
1277 2391 1378 2442 quod
1399 2403 1487 2428 cum
1503 2390 1591 2428 olim
1611 2391 1730 2429 maxi-

276 2462 358 2487 mas
390 2462 480 2499 opes
512 2460 820 2498 coacervassent,
840 2452 996 2491 easdem
1020 2453 1216 2491 universas
1238 2453 1394 2490 honoris
1427 2451 1554 2490 studio
1583 2452 1729 2490 insum-

276 2518 449 2563 pserunt,
470 2512 643 2562 tantique
666 2514 838 2552 fecerunt
857 2514 1013 2565 gloriam
1035 2522 1079 2552 ut
1097 2515 1241 2552 nullum
1263 2527 1432 2565 unquam
1451 2514 1660 2565 periculum
1680 2515 1729 2553 ob

276 2585 361 2610 eam
380 2573 692 2622 consequendam
712 2575 974 2622 detrectarint,
990 2576 1057 2614 sed
1071 2575 1182 2613 etiam
1203 2576 1377 2626 privatim
1397 2576 1445 2614 de
1466 2589 1535 2614 suo
1555 2576 1729 2614 conferre

274 2646 352 2671 non
373 2633 599 2671 destiterint.
655 2635 681 2672 J
685 2647 746 2672 am
770 2636 845 2674 ista
869 2637 930 2674 lex
950 2637 1091 2675 bonam
1111 2637 1214 2675 urbis
1234 2637 1555 2675 existimationem
1575 2636 1676 2675 tollit
1692 2644 1731 2674 et

276 2696 313 2733 in
335 2695 433 2734 illius
453 2695 578 2733 locum
601 2696 741 2734 malam
762 2698 924 2748 reponit,
944 2711 1067 2748 neque
1090 2699 1298 2747 majoribus
1321 2698 1455 2736 vestris
1475 2711 1599 2748 neque
1619 2698 1728 2735 vobis

277 2757 447 2807 dignam.
504 2755 642 2794 Tribus
660 2758 760 2795 enim
781 2759 928 2809 probris
945 2772 1032 2808 qum
1048 2759 1273 2808 gravissima
1291 2768 1381 2797 sunt
1397 2772 1464 2797 vos
1479 2758 1728 2803 contaminat,

278 2825 321 2855 ut
338 2817 469 2862 invidi,
490 2824 532 2854 ut
563 2819 751 2868 promissa
781 2827 819 2857 et
852 2826 1043 2857 conventa
1071 2833 1146 2858 non
1184 2829 1395 2868 servantes,
1416 2828 1458 2858 ut
1482 2820 1621 2870 ingrati
1643 2832 1726 2857 esse

279 2877 495 2916 videamini.

286 2971 289 2976 .
333 2941 372 2975 5.
401 2939 569 2977 Omnino
589 2948 731 2987 autem,
755 2941 1029 2988 Athenienses,
1050 2957 1070 2980 a
1093 2943 1260 2981 moribus
1283 2943 1418 2981 vestris
1439 2942 1603 2981 alienum
1627 2957 1727 2990 esse,
