1923 3149
434 204 504 241 DE
535 204 849 242 REPUBLICA
881 204 1227 242 ORDINANDA.
1480 206 1552 242 147

111 307 195 344 bus.
253 306 397 345 Hostes
418 316 543 346 autern
563 309 676 346 armis
703 307 905 359 superandi
932 313 1034 352 sunt,
1053 313 1092 344 et
1111 307 1147 343 in
1169 306 1227 344 his
1248 306 1421 344 consistit
1449 306 1551 344 salus

111 367 331 417 reipublicae
350 382 357 405 :
388 383 456 407 nee
479 371 579 408 enim
600 377 726 407 vestra
745 367 1081 406 senatusconsulta
1096 367 1262 404 efficient
1281 375 1322 405 ut
1341 368 1460 405 nostri
1486 380 1551 405 eos

108 429 172 478 qui
192 436 280 466 sunt
299 429 335 467 in
352 431 463 469 armis
483 432 648 476 vincant,
663 430 730 469 sed
750 430 773 467 ii
793 430 855 480 qui
874 429 1006 467 hostes
1022 429 1134 467 armis
1155 436 1350 479 superant,
1371 428 1550 475 efficiunt,

109 496 152 527 ut
171 503 237 528 vos
259 498 297 528 et
323 492 439 530 libere
467 491 682 530 consultare
704 498 744 529 et
761 491 944 541 quicquid
964 491 1157 528 volueritis
1179 502 1311 528 secure
1331 503 1443 540 agere
1462 503 1551 541 pos-

104 551 185 588 sitis
200 565 209 594 ;
240 565 326 590 narn
343 554 380 590 in
394 554 506 591 armis
520 553 791 599 formidabiles,
813 553 850 590 in
861 553 1014 601 judiciis
1031 552 1222 589 humanos
1238 564 1306 589 vos
1321 563 1410 589 esse
1423 552 1548 589 decet.

161 615 196 649 7.
227 613 342 655 Quod
362 615 392 652 si
411 615 472 652 cui
491 614 693 664 grandiora
712 614 815 663 loqui
835 627 948 664 quam
967 627 1036 664 pro
1056 619 1193 651 natura
1212 618 1277 650 aut
1294 612 1446 650 fortuna
1466 625 1551 649 mea

103 672 246 718 videor,
267 688 353 712 eum
384 688 456 725 ego
485 683 588 713 recte
619 675 758 713 sentire
788 688 929 712 censeo
944 688 953 712 :
984 687 1072 712 nam
1100 674 1234 720 oratio,
1251 687 1337 724 quae
1356 686 1425 724 pro
1444 680 1551 711 tanta

99 736 192 772 urbe
211 735 402 786 tantisque
421 736 469 774 de
490 738 602 774 rebus
622 736 796 782 habetur,
818 749 967 787 semper
983 749 1061 773 uno
1080 748 1308 786 quocunque
1328 741 1479 775 oratore
1493 734 1548 772 vi-

101 796 181 834 deri
201 797 332 848 major,
345 804 384 836 et
397 798 446 835 ad
464 805 629 836 vestram
645 811 719 836 non
736 799 785 836 ad
804 798 965 836 dicentis
985 797 1212 848 dignitatem
1227 809 1346 848 prope
1363 796 1548 836 accedere

101 856 229 894 debet.
287 857 365 896 Cur
385 865 512 896 autem
532 872 662 897 eorum
683 871 796 897 nemo
816 859 881 909 qui
903 871 925 895 a
950 858 1056 895 vobis
1074 859 1311 896 honorantur
1329 857 1413 895 haec
1434 857 1549 903 dicat,

101 918 181 968 ejus
201 918 252 956 rei
265 932 403 958 causas
423 933 495 971 ego
509 920 616 958 vobis
631 933 821 971 exponam
837 933 846 958 :
876 932 962 958 nam
979 919 1043 970 qui
1062 919 1110 957 ad
1125 919 1277 957 comitia
1294 919 1548 957 creandorum

102 978 389 1029 magistratuum
409 988 447 1019 et
465 981 515 1019 ad
533 995 619 1020 eum
638 982 808 1020 ordinem
829 981 1030 1026 accedunt,
1053 980 1228 1018 servilem
1248 981 1286 1018 in
1306 979 1462 1017 modum
1477 978 1547 1017 cir-

103 1048 285 1079 cumeunt
313 1042 362 1080 ad
392 1043 689 1081 eblandiendum
712 1042 974 1094 suffragiorum
991 1042 1172 1088 favorem,
1192 1040 1454 1092 unusquisque
1481 1053 1547 1078 cu-

104 1103 211 1152 piens
231 1103 492 1154 imperatorem
523 1119 563 1143 se
597 1105 803 1156 designari,
830 1119 907 1143 non
925 1105 1043 1142 ullum
1063 1105 1131 1142 viri
1151 1104 1258 1143 fortis
1288 1105 1416 1142 facere
1435 1117 1544 1154 opus.

103 1164 218 1206 Quod
238 1165 268 1202 si
289 1166 372 1216 quis
393 1167 507 1204 etiam
528 1167 612 1206 talis
637 1174 695 1205 est
713 1174 756 1205 ut
781 1167 923 1219 aliquid
942 1168 1071 1205 conari
1091 1167 1286 1213 audeat,is
1306 1179 1407 1204 nunc
1427 1165 1548 1216 gloria

102 1232 141 1262 et
166 1227 318 1264 nomine
337 1228 437 1266 urbis
465 1235 604 1266 nostrae
624 1229 805 1275 munitus,
825 1242 956 1266 eorum
980 1230 1044 1279 qui
1063 1229 1314 1267 adversentur
1341 1227 1547 1265 solitudine

96 1286 231 1332 fretus,
251 1300 321 1326 vos
340 1289 441 1326 bona
455 1302 522 1340 spe
537 1289 728 1328 duntaxat
746 1303 829 1327 esse
848 1290 1064 1335 lactandos,
1083 1303 1208 1340 neque
1223 1289 1424 1340 quicquam
1440 1288 1545 1326 aliud

99 1347 306 1397 agendum,
319 1362 359 1387 se
378 1363 468 1388 vero
482 1351 669 1389 bonorum
689 1358 902 1389 vestrorum
921 1358 1104 1401 tanquam
1116 1350 1381 1388 haereditatem
1394 1362 1545 1388 cernere

97 1420 227 1458 posse,
247 1410 458 1455 existimat3
489 1412 604 1462 idque
632 1425 762 1450 verum
781 1418 852 1450 est.
911 1413 968 1449 At
987 1412 1018 1449 si
1037 1425 1104 1463 per
1122 1411 1375 1462 vosmetipsos
1394 1410 1546 1461 egeritis

99 1473 237 1516 omnia,
255 1485 296 1511 se
315 1480 357 1511 ut
372 1487 528 1525 operum
549 1474 729 1525 ipsorum,
744 1474 797 1512 sic
817 1480 856 1512 et
875 1475 1117 1525 praemiorum
1135 1487 1222 1524 quae
1239 1473 1305 1511 illa
1318 1479 1545 1524 sequuntur,

98 1546 246 1583 aequam
260 1547 345 1572 cum
363 1536 512 1574 caeteris
528 1543 675 1587 partem
693 1535 911 1573 habiturum
924 1536 1122 1586 praevidet.
1152 1535 1228 1578 Qui
1247 1542 1375 1573 autem
1394 1548 1545 1585 rempu-

96 1593 234 1633 blicam
247 1604 383 1645 gerunt
397 1603 436 1634 et
448 1597 487 1634 in
503 1610 548 1634 eo
562 1597 688 1634 studio
703 1605 915 1642 versantur,
933 1597 1133 1635 utilissima
1146 1596 1300 1634 dicendi
1311 1596 1361 1634 ad
1371 1609 1440 1635 vos
1453 1609 1545 1634 con-

98 1656 299 1694 suetudine
319 1657 474 1702 omissa,
492 1671 533 1694 se
561 1671 650 1695 cum
667 1657 770 1694 hisce
789 1659 1041 1706 conjungunt.
1096 1659 1153 1694 Ac
1180 1659 1283 1708 prius
1303 1659 1454 1708 quidem
1478 1672 1546 1709 per

99 1716 242 1755 classes
274 1717 544 1763 conferebatis,
581 1730 683 1753 nunc
699 1717 799 1753 'vero
828 1729 896 1766 per
923 1715 1069 1755 classes
1097 1718 1370 1768 rempublicam
1402 1719 1546 1770 geritis.

100 1778 239 1816 Orator
257 1778 335 1815 dux
354 1785 427 1824 est,
444 1785 482 1815 et
501 1778 704 1828 imperator
722 1777 811 1815 huic
830 1778 1032 1825 obnoxius,
1048 1786 1088 1816 et
1102 1780 1167 1829 qui
1186 1780 1323 1831 partim
1334 1780 1393 1818 his
1408 1782 1545 1831 partim

98 1840 172 1878 illis
205 1838 463 1890 suffragentur
491 1839 679 1876 trecenti:
708 1851 774 1876 vos
795 1838 929 1889 reliqui
949 1838 1121 1877 attributi
1148 1841 1238 1878 estis
1271 1841 1430 1879 auctarii
1451 1842 1544 1889 vice,

98 1901 161 1938 alii
178 1901 251 1947 his,
271 1900 346 1939 illis
365 1900 440 1939 alii.
480 1900 538 1937 Ex
557 1899 616 1937 his
634 1899 749 1951 igitur
768 1901 880 1938 rebus
895 1900 968 1938 hoc
988 1901 1281 1952 consequimini,
1301 1909 1344 1940 ut
1362 1902 1425 1940 ille
1446 1916 1546 1941 aerea

97 1969 227 2001 statua
240 1969 409 2009 ornetur,
424 1962 488 2000 ille
502 1961 553 2000 sit
564 1962 716 2008 beatus,
732 1974 829 2000 unus
843 1968 957 2012 atque
971 1962 1067 2001 alter
1081 1963 1278 2014 republica
1291 1965 1522 2015 potentiores
1537 1978 1547 2003 :

97 2024 230 2074 reliqui
247 2031 367 2063 testes
397 2023 589 2062 felicitatis
613 2024 750 2062 horum
777 2023 935 2071 sedetis,
955 2031 994 2062 et
1022 2031 1064 2062 ut
1080 2024 1243 2075 ignaviae
1262 2032 1399 2064 vestrae
1418 2027 1545 2064 indul-

99 2098 190 2137 gere
207 2087 378 2137 possitis,
393 2086 534 2124 multas
553 2093 594 2124 et
611 2099 772 2136 magnas
791 2099 884 2137 opes
899 2099 943 2125 ac
963 2086 1123 2138 gloriam
1144 2101 1231 2139 quae
1249 2088 1288 2125 in
1309 2089 1444 2126 vestris
1464 2101 1544 2126 ma-

97 2148 206 2186 nibus
222 2154 312 2186 sunt
330 2147 490 2199 abjicitis
508 2154 624 2197 atque
643 2146 722 2185 istis
740 2147 965 2186 conceditis.

149 2211 186 2248 8.
215 2209 335 2260 Atqui
354 2209 608 2254 considerate,
627 2208 756 2258 quoin
772 2209 859 2247 loco
877 2209 960 2247 haec
980 2209 1083 2260 apud
1095 2212 1251 2259 majores
1265 2210 1427 2248 fuerint:
1457 2223 1546 2249 nam

97 2284 184 2322 quae
203 2271 354 2320 agenda
372 2272 460 2317 sint,
480 2283 556 2308 non
576 2269 708 2308 alienis
730 2270 928 2320 exemplis,
958 2270 1027 2308 sed
1048 2270 1268 2309 domesticis
1293 2272 1366 2318 usi,
1399 2285 1545 2323 cogno-

97 2332 212 2373 scatis
231 2332 333 2371 licet.
363 2332 423 2370 Illi
443 2330 691 2370 Themistocli
709 2331 817 2382 cujus
837 2330 954 2368 ductu
974 2331 1110 2369 navale
1130 2331 1302 2382 praelium
1319 2331 1368 2370 ad
1383 2332 1544 2371 Salami-

97 2409 186 2435 nem
204 2395 448 2435 commissum
469 2401 527 2433 est
545 2402 583 2432 et
603 2393 769 2431 Miltiadi
796 2392 1052 2430 Marathouiae
1070 2405 1211 2444 pugnae
1231 2392 1321 2431 duci
1334 2393 1544 2446 multisque

101 2457 183 2496 aliis
204 2457 268 2508 qui
287 2469 347 2495 res
367 2470 444 2495 non
459 2469 572 2507 pares
590 2455 649 2493 his
673 2454 815 2493 nostris
830 2454 992 2491 ducibus
1017 2460 1226 2505 gesserant,
1247 2454 1396 2493 medius
1414 2455 1542 2504 fidius,

100 2532 177 2557 non
189 2531 309 2556 aereas
327 2525 473 2557 statuas
493 2517 752 2556 decernebant
771 2529 898 2566 neque
911 2528 1026 2566 supra
1037 2515 1193 2553 modum
1205 2515 1449 2562 adamabant,
1461 2517 1543 2564 sed,

100 2588 144 2619 ut
160 2580 225 2632 qui
241 2579 347 2618 nulla
363 2594 402 2618 re
421 2580 564 2631 populo
582 2577 867 2631 praestantiores
882 2584 1024 2624 essent,
1041 2577 1094 2615 sic
1111 2590 1177 2615 eos
1192 2577 1412 2616 afficiebant
1421 2577 1540 2633 hono-

98 2644 225 2686 ribus;
256 2641 397 2680 etenim
415 2642 555 2680 nullius
569 2642 718 2680 illorum
738 2641 947 2679 facinorum
968 2639 1090 2690 gloria
1110 2652 1151 2677 se
1162 2639 1543 2690 fraudabant,neque

100 2706 302 2757 quisquam
323 2710 381 2741 est
398 2703 463 2753 qui
491 2704 628 2742 navale
653 2702 827 2754 praelium
846 2701 895 2739 ad
916 2700 1145 2738 Salaminem
1167 2700 1434 2738 Themistoclis
1459 2713 1542 2738 esse

100 2766 207 2804 dicat
229 2764 297 2804 sed
317 2764 622 2810 Atheniensium,
657 2771 724 2802 aut
745 2761 1025 2801 Marathoniam
1051 2773 1221 2812 pugnam
1254 2760 1440 2798 Miltiadis
1473 2761 1541 2799 sed

97 2828 282 2868 civitatis:
313 2840 415 2864 nunc
433 2838 524 2864 vero
535 2826 673 2877 vulgus
690 2827 744 2867 ita
768 2825 945 2875 loquitur,
966 2823 1173 2874 Corcyram
1190 2822 1291 2872 cepit
1308 2820 1543 2870 Timotheus,

100 2897 141 2928 et
161 2891 311 2928 Moram
324 2888 463 2928 cecidit
474 2887 694 2938 Iphicrates,
707 2894 746 2926 et
756 2886 892 2926 navale
908 2886 958 2924 ad
975 2885 1131 2923 Naxum
1146 2884 1317 2935 praelium
1334 2883 1422 2922 vicit
1435 2883 1538 2923 Cha-
