1923 3149
462 193 534 233 DE
561 194 714 234 MALE
743 192 917 233 GESTA
948 191 1279 231 LEGATIONE.
1524 189 1603 226 253

203 296 268 336 55.
296 296 566 348 Indignabitur
585 305 714 336 autem
734 297 875 342 statim,
895 302 940 333 ut
958 307 1032 345 ego
1053 294 1182 340 audio,
1198 293 1229 330 si
1257 291 1329 330 soli
1349 291 1419 328 sibi
1437 288 1599 341 popula-

151 359 246 395 rium
269 365 474 405 oratorum,
496 361 695 398 verborum
730 360 824 397 ratio
858 356 1055 396 reddenda
1090 355 1150 392 sit.
1208 355 1294 404 Ego
1326 367 1414 391 vero
1447 364 1601 401 aequum

151 431 249 464 esse,
269 426 312 456 ut
331 433 462 458 omnes
483 433 611 458 eorum
644 434 730 470 quae
760 420 904 464 dicant,
925 418 955 454 si
975 422 1130 467 propter
1150 422 1354 464 argentum
1375 414 1523 458 dicunt,
1544 425 1603 450 ra-

151 480 295 517 tionem
332 481 508 526 reddant,
529 481 843 531 praetermittam:
876 479 945 516 sed
975 478 1070 514 illud
1098 476 1197 514 dico.
1257 476 1297 512 Si
1328 475 1544 519 AEschines,
1566 481 1607 511 ut

152 540 268 578 homo
291 555 416 578 rerum
439 542 652 593 imperitus,
672 541 845 579 deliravit
865 539 1016 584 alicubi,
1046 545 1086 576 et
1112 538 1315 575 frustratus
1337 543 1408 581 est,
1431 549 1478 572 ne
1499 548 1605 572 seve-

150 602 229 638 rius
257 602 447 652 inquirite,
483 603 551 641 sed
584 603 743 640 missum
780 602 910 644 facite,
945 600 1093 638 veniam
1130 600 1244 637 date:
1286 599 1345 635 sin
1374 597 1605 647 legationem

152 663 298 708 obiens,
316 670 474 713 accepta
492 664 668 713 pecunia,
689 663 737 700 de
757 662 945 700 industria
964 675 1032 699 vos
1054 661 1201 706 fefellit,
1227 673 1273 697 ne
1305 658 1507 703 absolvite,
1538 671 1605 695 ne-

149 736 223 772 que
244 723 431 760 admittite
451 724 558 769 illud,
574 737 708 774 poenas
727 725 929 762 verborum
951 736 1029 761 uon
1047 735 1133 760 esse
1150 721 1311 759 dandas.
1362 719 1484 770 Cujus
1505 718 1607 756 enim

150 783 306 821 alterius
328 784 392 828 rei,
409 797 523 834 quam
543 785 872 836 verborum,[1·atio
894 798 916 822 a
936 784 1073 835 legatis
1094 783 1333 834 reposcenda
1353 780 1437 819 est?
1468 780 1608 830 Neque

152 845 253 882 enim
284 845 421 895 legatis
443 847 735 884 committuntur
755 847 940 892 triremes,
962 853 1028 883 aut
1046 846 1144 891 loca,
1164 852 1230 882 aut
1253 844 1441 894 legiones,
1463 848 1529 879 aut
1548 855 1608 879 ar-

150 920 226 945 ces.
284 907 408 945 Nemo
440 907 522 946 haec
555 908 694 959 legatis
718 909 848 952 tradit,
883 909 950 946 sed
984 909 1100 945 verba
1131 915 1168 944 et
1198 913 1385 956 tempora.
1442 903 1557 946 Quod
1579 904 1610 940 si

151 969 374 1019 reipublicae
395 975 570 1019 tempora
589 983 664 1007 non
685 970 893 1021 praeripuit,
912 983 990 1007 non
1008 968 1197 1020 peccavit,
1217 967 1276 1005 sin
1295 966 1502 1017 praeripuit,
1518 978 1610 1015 pec-

152 1030 276 1067 cavit:
307 1031 424 1067 verba
443 1038 568 1068 autem
591 1032 622 1068 si
638 1044 726 1069 vera
742 1032 994 1077 renunciavit,
1015 1038 1083 1068 aut
1103 1030 1224 1074 utilia,
1245 1028 1479 1073 absolvatur,
1500 1027 1557 1064 sin
1571 1034 1611 1064 et

151 1091 262 1138 falsa,
291 1102 330 1129 et
355 1099 572 1143 corruptus,
593 1100 632 1130 et
658 1093 821 1137 inutilia,
843 1100 1034 1130 teneatur.
1094 1091 1212 1128 Nulla
1241 1089 1342 1126 enim
1374 1101 1415 1126 re
1440 1089 1611 1139 populus

152 1152 241 1189 laedi
262 1154 412 1203 gravius
441 1160 583 1203 potest,
604 1167 718 1203 quam
754 1153 954 1190 audiendis
974 1152 1198 1190 mendaciis.
1257 1152 1430 1192 Quorum
1451 1150 1552 1186 enim
1572 1149 1611 1187 in

157 1213 279 1249 verbis
301 1215 374 1250 sita
394 1221 453 1250 est
483 1214 711 1264 respublica,
731 1227 807 1263 quo
833 1221 947 1263 pacto
968 1214 998 1250 si
1018 1226 1064 1250 ea
1091 1225 1181 1250 vera
1199 1225 1276 1249 non
1297 1218 1397 1256 sunt,
1419 1217 1502 1248 tuto
1531 1211 1613 1260 geri

153 1279 283 1323 potest
300 1273 540 1324 respublica?
590 1274 707 1315 Quod
735 1274 765 1310 si
789 1275 874 1323 quis
903 1274 1061 1324 insuper
1089 1287 1135 1311 ea
1161 1286 1248 1323 quae
1275 1272 1446 1309 hostibus
1466 1272 1614 1309 condu-

153 1342 257 1379 cant,
280 1341 441 1386 accepta
460 1335 635 1373 mercede
657 1335 775 1380 dicat,
795 1348 842 1372 an
863 1348 940 1372 non
961 1336 1075 1372 etiam
1089 1335 1125 1371 in
1143 1347 1284 1383 magno
1298 1333 1467 1383 periculo
1481 1332 1614 1370 eritis?

154 1395 290 1446 Neque
315 1396 428 1433 etiam
451 1396 587 1434 eadem
608 1396 747 1447 injuria
775 1409 848 1441 est,
867 1403 1046 1448 tyranno,
1067 1403 1135 1433 aut
1154 1394 1374 1445 oligarchiae
1406 1394 1610 1445 praeripere

154 1462 341 1508 tempora,
358 1471 444 1508 quae
462 1458 590 1496 vobis:
621 1471 744 1508 neque
765 1471 899 1508 parum
925 1458 1097 1496 interest.
1156 1457 1200 1493 In
1230 1456 1304 1493 illis
1324 1456 1426 1493 enim
1446 1455 1612 1506 imperiis

157 1518 286 1556 omnia
306 1531 353 1556 ex
371 1519 498 1556 edicto
518 1519 690 1556 celeriter
714 1519 831 1557 fiunt:
861 1519 966 1570 apud
985 1532 1052 1556 vos
1073 1523 1202 1556 autem
1224 1517 1261 1554 in
1281 1517 1412 1568 primis
1433 1516 1482 1554 ad
1501 1529 1613 1554 sena-

155 1588 235 1618 tum
257 1581 386 1618 omnia
406 1581 621 1625 referenda,
645 1588 684 1618 et
706 1582 753 1618 ab
772 1595 817 1618 eo
843 1581 1090 1619 decernenda
1122 1586 1235 1622 sunt;
1266 1579 1382 1629 idque
1408 1578 1617 1626 duntaxat,

158 1655 243 1679 cum
271 1642 512 1693 praeconibus
549 1650 588 1680 et
618 1642 877 1692 legationibus
911 1642 1146 1692 adscriptum
1175 1640 1302 1686 fuerit,
1333 1653 1409 1676 non
1443 1652 1616 1690 semper;

158 1703 298 1741 deinde
316 1703 524 1741 indicenda
544 1704 692 1750 concio,
726 1718 847 1754 eaque
876 1711 1049 1754 tempore
1081 1703 1231 1753 legibus
1267 1702 1501 1745 constituto;
1530 1707 1620 1752 post

159 1764 338 1802 vincendi
367 1771 406 1801 et
438 1765 644 1815 superandi
665 1773 757 1816 sunt
775 1766 821 1802 iis
843 1766 907 1816 qui
927 1764 1138 1803 rectissime
1167 1762 1389 1807 consulunt,
1410 1762 1465 1799 illi
1485 1763 1548 1812 qui
1568 1776 1617 1799 ex

156 1827 321 1872 inscitia,
343 1834 409 1864 aut
434 1840 481 1864 ex
506 1827 748 1877 improbitate
777 1829 1052 1870 adver-santum
1084 1832 1175 1876 post
1205 1826 1290 1862 haec
1320 1831 1448 1862 autem
1478 1825 1620 1870 omnia,

157 1901 244 1926 cum
259 1892 340 1936 jam
359 1895 397 1925 et
416 1888 612 1925 decretum
634 1887 774 1938 aliquid
798 1889 921 1934 fuerit,
938 1895 976 1925 et
989 1888 1071 1938 jam
1091 1885 1334 1924 conducibile
1354 1897 1440 1922 esse
1456 1885 1618 1930 videtur,

159 1949 325 2001 spatium
345 1949 517 1986 dandum
537 1956 597 1986 est
624 1949 878 1987 multitudinis
903 1948 1097 1993 tenuitati,
1129 1948 1272 1997 inlquo
1303 1960 1349 1984 ea
1382 1953 1620 1997 comparent,

159 2024 320 2061 quorum
342 2011 528 2060 indigent,
546 2017 590 2047 ut
616 2011 770 2048 decreta
790 2010 911 2054 ,etiam
940 2010 1099 2060 exsequi
1120 2009 1284 2060 possint.
1343 2008 1419 2051 Qui
1443 2007 1558 2057 igitur
1577 2020 1623 2045 ea

158 2078 330 2122 tempora
343 2071 499 2108 sustulit
518 2072 556 2107 in
573 2071 654 2117 tali,
674 2072 796 2122 qualis
813 2071 917 2122 apud
938 2084 1002 2108 vos
1028 2077 1100 2116 est,
1128 2070 1337 2120 republica,
1358 2070 1389 2106 is
1424 2081 1500 2106 non
1527 2075 1621 2106 tem-

158 2146 254 2184 pora
273 2133 442 2178 sustulit,
464 2145 560 2177 non,
581 2133 649 2169 sed
668 2125 769 2183 ipsas
791 2133 961 2174 actiones
977 2133 1091 2183 plane
1111 2132 1219 2169 vobis
1241 2131 1391 2181 eripuit.

215 2195 279 2231 56.
311 2194 394 2231 Etsi
424 2201 550 2230 autem
577 2193 613 2229 in
633 2201 812 2245 promptu
829 2201 888 2232 est
907 2194 1087 2244 quaedam
1107 2193 1165 2238 iis,
1180 2193 1244 2242 qui
1265 2205 1330 2229 vos
1348 2191 1526 2241 decipere
1553 2203 1619 2228 vo·

161 2256 260 2301 lunt,
293 2255 470 2294 omnibus
503 2256 625 2293 oratio
643 2269 651 2292 :
681 2256 735 2293 illi
766 2256 831 2306 qui
864 2256 1054 2294 civitatem
1089 2256 1260 2300 turbant,
1294 2254 1359 2303 qui
1398 2253 1620 2304 Philippum

160 2317 383 2369 reipublicae
403 2317 634 2355 benefacere
659 2318 876 2368 prohibent,
905 2318 951 2355 iis
975 2325 1108 2355 tamen
1138 2329 1211 2367 ego
1242 2315 1336 2352 nihil
1365 2315 1620 2365 respondebo,

163 2379 231 2417 sed
251 2379 381 2417 literas
401 2379 510 2418 vobis
531 2378 701 2430 Philippi
722 2379 862 2429 legam,
884 2387 922 2417 et
942 2386 1115 2430 tempora
1130 2377 1296 2428 singula,
1309 2377 1448 2427 quibus
1467 2376 1619 2427 decepti

162 2440 268 2484 estis,
294 2439 466 2489 redigam
499 2439 608 2476 vobis
640 2439 677 2476 in
704 2440 952 2478 memoriam:
983 2446 1024 2477 ut
1046 2439 1188 2485 sciatis,
1222 2438 1404 2489 frigidum
1430 2437 1526 2474 illud
1553 2450 1620 2474 no-

163 2513 253 2537 men
278 2500 327 2537 ad
359 2500 556 2538 fastidium
586 2514 707 2551 usque
740 2501 942 2552 repetitum
978 2500 1216 2552 decipiendis
1247 2500 1356 2537 vobis
1386 2499 1493 2537 illum
1527 2511 1621 2537 con-

165 2561 387 2613 sumpsisse.

644 2709 854 2747 LITERAE
884 2709 1141 2748 PHILIPPI.

219 2820 282 2856 57.
314 2818 413 2855 Cum
434 2817 549 2868 igitur
562 2824 641 2856 tam
661 2820 899 2871 turpia,'tam
917 2820 1203 2867 multa,·omnia
1217 2820 1384 2868 denique
1401 2822 1536 2855 contra
1554 2829 1623 2854 vos

165 2880 204 2917 in
227 2880 420 2931 legatione
444 2880 690 2926 commiserit,
720 2882 862 2932 passim
887 2883 1053 2928 dictitat,
1073 2882 1165 2932 quid
1193 2881 1242 2918 de
1275 2879 1538 2917 Demosthene
1565 2884 1626 2915 est

169 2941 390 2987 dicendum,
406 2940 471 2992 qui
486 2941 700 2994 collegatos
715 2944 899 2982 accuset?
929 2944 1153 2982 Mehercule
1170 2942 1247 2980 sive
1260 2941 1386 2988 velim,
1403 2939 1482 2979 sive
1494 2939 1626 2984 nolim,
