1923 3149
304 216 379 252 396
646 215 869 254 CONTRA
905 217 1355 266 ARISTOCRATEM-..2

301 315 481 366 quicquid
500 317 652 367 perierit
678 319 922 358 Charidemo.
970 319 1071 358 Nam
1098 319 1219 371 Cotys
1249 321 1493 372 spirim-atem,
1522 320 1746 368 honoribus,

300 377 404 415 victu
431 379 599 428 publico,
627 377 780 426 statuis,
810 381 946 432 patria,
977 394 1064 431 quae
1097 395 1237 419 nomen
1268 383 1350 433 ejus
1381 383 1598 427 illustrarat,
1631 384 1744 420 rebus

298 451 417 489 prope
443 440 601 477 dixerim
620 442 810 487 omnibus,
837 443 918 480 sine
938 442 1075 492 quibus
1101 444 1279 481 acerbam
1312 455 1398 481 esse
1419 443 1534 480 vitam
1564 443 1743 493 Iphicrati

298 511 368 549 par
388 506 481 545 erat,
497 506 536 537 s'e
556 501 718 552 spoliare
739 503 991 554 prospiciens,
1012 510 1141 540 tamen
1165 504 1249 552 ejus
1278 503 1463 540 rationem
1483 516 1562 540 non
1583 503 1742 541 habuit:

298 560 414 597 istum
440 573 528 599 vero
548 562 638 611 quid
663 563 818 600 tandem
839 570 1007 601 moveret
1030 564 1188 609 scilicet,
1208 577 1256 601 ne
1275 576 1351 614 qua
1374 576 1414 601 re
1442 563 1630 614 spoliaret-
1642 564 1744 602 Cha-

299 621 514 659 ridemum?
543 618 659 660 Nulla
677 636 846 674 prorsus.
901 624 1031 662 Habet
1057 625 1158 663 enim
1178 625 1282 675 apud
1308 637 1373 662 vos
1399 636 1475 661 non
1496 624 1646 670 liberos,
1666 637 1743 661 non

298 682 499 733 imagines,
519 697 595 721 non
614 691 816 734 cognatos,
836 699 912 723 non
931 687 1035 724 aliud
1055 686 1260 737 quicquam
1281 686 1459 736 denique.
1489 686 1693 727 Enimvero
1712 686 1743 724 si

298 755 422 794 neque
446 751 583 782 natura
602 745 701 783 fidus
721 753 780 783 est
803 747 1085 797 Cersobleptes‚
1106 755 1146 785 et
1171 755 1324 799 propter
1343 761 1389 785 ea
1413 761 1500 798 quae
1522 748 1626 798 prius
1656 755 1744 786 acta

296 812 397 850 sunt,
419 807 506 852 jure
526 813 745 855 suspectus,
772 818 897 857 neque
916 807 1121 857 quicquam
1141 809 1179 845 in
1196 810 1308 846 rebus
1329 809 1439 853 inest,
1461 817 1614 859 propter
1637 810 1742 859 quod

293 870 332 901 et
344 871 487 914 -praeter
504 866 701 916 ingenium
722 873 761 904 et
778 875 911 905 contra
930 868 1165 906 voluntatem
1186 882 1294 907 suam
1315 869 1534 907 Charidemi
1553 870 1738 908 rationem

294 924 465 972 haberet,
484 939 568 976 quae
588 939 705 965 causa
722 935 796 974 est,
815 941 883 966 cur
902 928 1134 979 simpliciter,
1154 929 1330 979 adeoque
1356 937 1494 980 praeter
1512 943 1661 968 omnem
1681 931 1741 968 ra-'

294 985 436 1023 tionem
457 987 505 1024 ad
526 987 721 1026 libidinem
737 1002 846 1026 suam
863 990 1109 1040 explendam,
1135 989 1241 1027 illum
1261 990 1502 1040 adjutemus:
1529 992 1742 1041 praesertim

295 1049 382 1084 cu'm
402 1053 483 1085 tota
502 1061 562 1086 res
581 1048 619 1086 in
633 1049 905 1088 detrimentum
925 1058 1098 1088 nostrum
1118 1063 1273 1089 cessura
1289 1051 1367 1089 sit?
1396 1051 1582 1102 Equidem
1598 1051 1743 1090 nullam

294 1107 417 1145 video.

350 1171 412 1208 34.
443 1169 707 1221 Praeterquam
723 1171 851 1222 igitur,
870 1172 974 1222 quod
994 1172 1189 1210 decretum
1209 1173 1283 1210 hoc
1299 1185 1375 1210 non
1391 1179 1451 1211 est
1464 1186 1511 1210 ex
1527 1185 1599 1211 usu
1617 1173 1743 1224 reipu-

293 1229 421 1278 blicae,
437 1231 707 1270 existimationi
724 1246 875 1283 quoque
891 1240 1034 1271 nostrae
1048 1233 1212 1271 civitatis
1225 1234 1299 1271 tale
1314 1234 1518 1285 quicquam
1532 1234 1745 1273 decrevisse

294 1289 539 1336 adversatum
568 1292 686 1343 idque
706 1294 1016 1345 cognoscendum
1035 1295 1143 1332 vobis
1163 1302 1235 1333 est.
1273 1295 1313 1332 Si
1341 1296 1453 1340 enim,
1477 1295 1743 1342 Athenienses,

294 1352 333 1387 in
351 1353 444 1389 urbe
465 1352 665 1399 habitanti,
685 1361 724 1392 et
741 1354 892 1405 legibus
914 1356 1078 1393 obnoxio
1109 1356 1291 1406 scriptum
1316 1363 1419 1393 esset
1438 1356 1648 1401 decretum,
1670 1356 1742 1394 etsi

293 1418 374 1449 tum
393 1414 509 1451 etiam
527 1414 711 1464 iniquum,
727 1415 851 1454 minus
863 1422 971 1466 turpe
987 1423 1116 1454 tamen
1131 1416 1334 1454 haberetur
1349 1430 1357 1454 z
1389 1429 1490 1454 nunc
1509 1416 1739 1455 Charidemo

295 1474 476 1524 scriptum
493 1482 566 1519 est,
587 1476 653 1525 qui
672 1476 780 1513 nulla
797 1477 836 1513 in
851 1479 945 1514 urbe
964 1477 1126 1521 habitat,
1140 1484 1180 1514 et
1193 1477 1285 1526 regi,
1302 1477 1446 1514 homini
1465 1478 1616 1521 Thraci,
1635 1478 1742 1516 ducit

293 1535 520 1581 exercitum,
543 1539 652 1583 cujus
683 1548 802 1586 regno
827 1537 962 1581 fretus,
989 1537 1119 1574 multis
1147 1536 1321 1587 injuriam
1351 1537 1453 1575 facit.
1496 1538 1611 1575 Scitis
1642 1539 1744 1576 enim

293 1593 367 1630 hoc
380 1588 566 1644 profecto,
579 1609 712 1634 omnes
730 1597 822 1635 istos
834 1597 899 1647 qui
915 1597 1120 1647 peregrinis
1136 1605 1306 1646 praesunt
1322 1598 1566 1644 exercitibus,
1581 1598 1742 1637 Graecas

294 1656 407 1692 urbes
427 1668 632 1707 occupare,
656 1664 696 1694 et
725 1658 926 1708 imperium
956 1659 994 1695 in
1024 1671 1091 1695 eas
1121 1658 1190 1695 sibi
1218 1658 1436 1702 vendicare,
1471 1665 1522 1705 et,
1553 1659 1742 1705 siqverum

293 1717 419 1755 dicere
439 1718 496 1755 fas
517 1725 591 1765 est,
609 1731 833 1756 communes
852 1719 982 1756 hostes
998 1719 1181 1764 omnium,
1194 1719 1359 1769 quicum
1377 1719 1550 1757 libertate
1570 1720 1607 1756 in
1621 1720 1744 1770 patria

290 1778 415 1816 vivere
445 1779 617 1827 student,
639 1791 771 1818 omnes
795 1781 969 1829 regiones
1003 1781 1217 1830 pervagari.
1262 1780 1366 1817 Num
1398 1780 1514 1830 igitur
1537 1780 1740 1818 honestum
1765 1779 1769 1782 ’

294 1839 414 1884 vobis,
443 1846 510 1877 aut
529 1840 709 1878 decorum
740 1841 824 1886 erit,
846 1840 1123 1884 Athenienses,
1143 1841 1191 1884 ei,
1214 1841 1280 1890 qui
1300 1840 1501 1891 explendae
1521 1854 1602 1878 suae
1621 1841 1742 1878 avari·-

293 1900 355 1936 tiae
377 1913 495 1938 causa
513 1901 722 1950 quibusvis,
742 1901 780 1938 in
799 1914 897 1950 quos
914 1900 1099 1946 inciderit,
1119 1900 1373 1946 insidiabitur,
1394 1900 1514 1952 talem·
1527 1901 1741 1941 custodiam

293 1959 533 1998 decrevisse:
561 1961 606 1998 iis
629 1974 731 2002 vero,
753 1961 815 2011 qui
838 1974 946 1997 suam
966 1960 1178 1997 libertatem
1199 1961 1378 1997 asserturi
1399 1967 1505 2005 sunt,
1526 1967 1654 1998 vestra
1678 1974 1742 1999 so-

292 2020 432 2058 cietate
459 2021 703 2060 interdixisse
722 2021 738 2058 '2
767 2022 852 2071 Ego
880 2028 980 2059 certe
1009 2020 1164 2071 quidem
1187 2021 1260 2059 hoc
1283 2034 1410 2071 neque
1428 2022 1648 2067 honestum,
1669 2035 1743 2061 nec

293 2094 314 2118 e
335 2082 517 2132 dignitate
537 2089 667 2121 vestra
683 2095 769 2120 esse
789 2095 941 2120 censeo.
986 2082 1111 2125 Quam
1144 2082 1244 2119 enim
1273 2088 1384 2133 turpe
1416 2083 1531 2120 fuerit
1558 2095 1743 2128 accusare

292 2141 625 2188 Lacedaemonios,
651 2143 755 2192 quod
782 2143 820 2180 in
852 2142 1000 2180 foedera
1028 2142 1256 2187 retulerunt,
1279 2141 1393 2180 licere
1414 2142 1617 2180 Persarum
1646 2144 1742 2194 regi,

294 2202 453 2241 Graecos
475 2205 610 2241 Asiam
640 2203 868 2250 incolentes,
889 2203 1072 2241 arbitratu
1092 2215 1162 2240 suo
1183 2209 1346 2241 tractare
1363 2203 1380 2240 ε’
1402 2203 1432 2240 si
1458 2215 1530 2241 nos
1555 2204 1625 2254 ipsi
1647 2204 1741 2241 Cer-

292 2263 480 2314 sobleptae
517 2277 582 2301 eos
611 2264 812 2309 dedamus,
844 2264 910 2313 qui
944 2263 1139 2313 Europam
1167 2262 1353 2308 incolunt,
1392 2270 1507 2312 atque
1543 2262 1642 2300 adeo
1674 2276 1742 2300 eos

293 2336 439 2368 omnes,
472 2325 610 2374 quibus
649 2337 690 2362 se
721 2324 974 2362 Charidemus
1006 2323 1235 2374 superiorem
1270 2322 1351 2360 fore
1382 2321 1576 2360 confidet?
1607 2323 1742 2373 Neque

292 2385 392 2421 enim
423 2384 498 2421 alia
516 2385 659 2422 decreti
677 2384 733 2421 vis
749 2390 822 2430 est,
843 2397 930 2421 cum
950 2383 1050 2421 illius
1071 2383 1159 2420 duci
1178 2383 1440 2434 praescriptum
1466 2395 1543 2420 non
1570 2383 1630 2427 sit,
1649 2384 1742 2433 quid

293 2444 504 2492 agendum,
528 2444 618 2494 quid
637 2457 713 2481 non
740 2444 949 2493 agendum,
979 2452 1019 2482 et
1047 2444 1239 2490 omnibus,
1272 2444 1304 2481 si
1328 2443 1410 2493 quis
1438 2456 1480 2481 se
1509 2443 1739 2489 defenderit,

292 2510 423 2541 tantus
441 2512 562 2542 metus
582 2504 813 2555 impendeat.

346 2567 410 2602 35.
441 2565 563 2608 Libet,
590 2565 860 2610 Athenienses,
887 2565 999 2603 etiam
1026 2577 1105 2602 rem
1136 2570 1286 2614 gestam
1325 2564 1432 2601 vobis
1464 2564 1636 2609 recitare,
1663 2577 1740 2614 quo

293 2627 415 2677 magis
433 2626 682 2677 perspiciatis,
703 2633 940 2676 quantopere
960 2627 1157 2664 decretum
1180 2625 1252 2663 hoc
1273 2626 1322 2663 sit
1345 2626 1623 2676 abrogandum.
1659 2627 1740 2664 Vos

294 2688 501 2737 aliquando
520 2687 634 2724 certis
655 2687 703 2724 de
729 2688 856 2725 causis
885 2687 1004 2724 civem
1027 2687 1168 2724 fecistis
1200 2686 1509 2731 Ariobarzanem,
1529 2694 1567 2724 et
1587 2692 1740 2737 propter

292 2748 413 2793 illurn,
439 2748 659 2791 Philiscum,
688 2753 730 2784 ut
760 2760 861 2784 nunc
889 2747 926 2784 in
953 2747 1218 2797 Cersobleptae
1247 2747 1420 2796 gratiam,
1451 2746 1735 2784 Charidemum.

295 2808 424 2850 Quum
438 2822 526 2846 vero
547 2808 610 2845 ille
626 2807 760 2846 eodem
779 2807 962 2857 praeditus
983 2807 1122 2850 anim0,
1145 2820 1220 2856 quo
1242 2807 1326 2851 iste,
1341 2806 1606 2844 Ariobarzanis
1627 2812 1736 2844 utens

293 2870 475 2912 exercitu,
495 2870 657 2907 Graecas
678 2869 791 2905 urbes
817 2875 1038 2917 occuparet,
1065 2876 1178 2916 atque
1199 2867 1236 2904 in
1261 2880 1324 2905 eas
1346 2867 1538 2917 ingressus
1558 2865 1678 2903 multa
1699 2873 1738 2904 et

292 2931 462 2979 crudelia
481 2931 652 2968 facinora
669 2930 816 2974 ederet,
836 2929 1010 2979 ingenuis
1033 2929 1161 2979 pueris
1181 2929 1369 2967 violandis
1391 2936 1431 2966 et
1453 2929 1632 2966 matronis
1653 2934 1734 2966 stu-
