1923 3149
293 177 368 213 322
779 177 1006 217 CONTRA
1040 179 1264 218 MIDIAM.

291 288 512 326 paucorum,
537 278 643 329 leges
670 280 932 319 universorum
963 295 1062 327 esse,
1094 295 1257 333 eumque
1287 283 1351 333 qui
1379 283 1617 334 transegerit,
1648 283 1734 332 sibi,

293 337 357 373 cui
375 337 432 375 vis
451 338 553 376 facta
572 339 634 386 sit,
653 340 871 391 reipublicae
890 342 987 380 velle
1006 343 1258 381 satisfactum.
1289 345 1532 394 Quapropter
1546 344 1659 381 etiam
1678 344 1734 394 ip-

292 396 372 435 sius
396 399 638 438 contumeliae
667 402 934 441 accusationes
954 404 1076 442 cuivis
1095 404 1247 450 liberas,
1274 405 1349 442 litis
1368 404 1656 442 aestimationem
1676 412 1734 442 to·

293 465 370 495 tam
389 461 582 510 publicam
602 463 705 501 fecit.
749 464 864 507 Quod
892 473 1059 516 putaret,
1079 468 1127 504 ab
1153 479 1199 504 eo
1229 466 1293 516 qui
1320 466 1595 503 contumeliose
1623 478 1737 516 agere

292 518 521 568 institueret,
547 536 623 560 non
650 537 735 562 eum
770 532 932 572 tantum,
963 527 1024 564 cui
1055 526 1157 564 facta
1181 534 1286 564 esset
1312 527 1459 574 injuria,
1491 526 1559 564 sed
1585 538 1738 576 rempu-

290 580 431 619 blicam
448 584 562 621 etiam
582 584 684 622 laedi.
729 585 781 623 Et
799 587 833 623 ei
852 587 916 637 qui
936 587 1050 625 laesus
1069 595 1182 633 esset,
1203 588 1530 625 animadversione
1548 586 1737 630 satisfieri,

291 653 363 679 nec
392 642 528 682 decere
555 658 656 689 eum,
683 646 857 696 injuriam
895 648 965 685 sibi
994 648 1135 686 factam
1162 649 1329 686 vendere
1359 648 1536 699 pecunia.
1575 648 1627 685 Et
1658 660 1737 684 rem

291 715 414 753 usque
447 705 542 742 adeo
581 707 840 756 exaggeravit,
864 715 908 745 ut
932 709 963 746 si
990 710 1050 746 vel
1079 722 1189 747 servo
1219 709 1453 747 contumelia
1479 710 1583 747 facta
1615 708 1740 753 suerit,

292 776 370 800 non
385 765 512 803 minus
531 766 569 803 in
581 780 628 804 ea
639 780 757 805 causa
774 768 966 819 publicam
985 771 1172 807 actionem
1195 769 1355 808 dederit.
1377 769 1460 807 Nec
1481 770 1578 807 enim
1594 770 1743 820 putavit

292 823 586 873 respiciendum,
601 827 776 878 quisnam
796 835 900 866 esset
917 829 980 879 qui
993 829 1217 867 laederetur:
1249 831 1315 868 sed
1332 830 1550 880 cujusmodi
1566 843 1624 867 rcs
1640 836 1742 868 esset

291 896 378 932 quae
392 884 514 924 fieret.
541 889 666 930 Quam
687 902 772 927 cum
787 889 972 927 dedecere
985 890 1198 940 reperisset,
1219 891 1346 928 sanxit
1359 897 1398 928 et
1412 891 1545 936 vetuit,
1561 904 1608 927 ne
1621 891 1682 929 vel
1703 891 1740 927 in

292 957 459 993 servum,
479 949 538 985 vel
558 951 712 988 omnino
733 951 770 988 in
790 964 1011 1001 quenquam
1033 952 1344 989 committeretur.

350 1008 410 1046 14.
440 1009 529 1047 Non
547 1012 645 1048 enim
662 1019 732 1057 est,
748 1025 823 1049 nou
839 1019 911 1058 est,
929 1012 1199 1057 Athenienses,
1214 1013 1417 1063 quicquam
1433 1025 1556 1050 rerum
1571 1012 1742 1050 omnium

293 1068 567 1110 intolerabilius
595 1073 841 1118 contumelia,
865 1079 928 1110 aut
956 1072 1099 1123 majore
1124 1074 1232 1110 vobis
1260 1087 1345 1111 cum
1370 1073 1633 1124 indignatione
1659 1073 1742 1109 vin-

294 1130 514 1170 dicandum.
558 1133 635 1171 Sed
655 1146 749 1184 cape
775 1134 897 1185 ipsam
923 1133 1049 1184 legem
1069 1134 1117 1170 de
1136 1134 1379 1180 contumelia,
1402 1141 1442 1173 et
1465 1134 1595 1172 recita.
1636 1133 1742 1171 Nihil

294 1191 395 1229 enim
415 1194 667 1243 praestabilius
686 1201 755 1242 est,
775 1208 889 1246 quam
912 1195 1033 1246 ipsam
1054 1195 1179 1245 legem
1200 1195 1344 1233 audire.

950 1336 1075 1374 LEX.

339 1430 373 1459 Si
385 1430 454 1469 quis
463 1430 594 1470 aliquem
609 1430 793 1461 contumelia
805 1430 952 1466 affecerit,
965 1431 1030 1461 sive
1045 1441 1184 1470 puerum,
1198 1429 1263 1460 sive
1277 1430 1444 1464 mulierem,
1461 1431 1526 1460 sive
1539 1430 1649 1467 virum,
1659 1431 1744 1470 inge-

296 1490 382 1516 nuos,
404 1487 456 1511 aut
479 1492 594 1517 servos,
619 1488 670 1511 aut
686 1482 800 1521 aliquid
825 1482 945 1521 legibus
963 1481 1158 1511 interdictum
1175 1481 1204 1509 in
1221 1481 1326 1510 horum
1344 1481 1475 1519 aliquem
1491 1481 1659 1516 admiserit,
1674 1492 1743 1511 eum

294 1531 464 1571 quicunque
482 1533 566 1562 volet
591 1532 837 1568 Atheniensium,
861 1532 910 1561 cui
931 1531 963 1561 id
984 1532 1201 1566 licet,deferlo
1223 1531 1303 1569 apud
1320 1532 1475 1561 sexviros.
1505 1532 1628 1562 Sexviri
1644 1537 1744 1562 aulem

295 1582 446 1612 actionem
471 1583 562 1612 danto
577 1583 658 1613 iutra
670 1583 736 1612 dies
754 1583 877 1621 triginta
892 1582 972 1622 apud
990 1581 1151 1616 Heliaeam,
1169 1581 1206 1611 ab
1229 1592 1266 1611 eo
1281 1581 1330 1610 die
1347 1592 1407 1620 quo
1422 1592 1471 1611 res
1488 1581 1516 1610 in
1529 1581 1678 1620 judicium
1703 1582 1746 1611 al-

294 1633 356 1662 lata
372 1634 472 1667 suerit.
497 1634 552 1663 nisi
576 1634 734 1673 publicum
760 1634 876 1673 aliquid
898 1633 1056 1672 impediat.
1095 1632 1173 1662 'rum
1188 1642 1274 1667 veru,
1289 1642 1355 1662 cnm
1381 1632 1511 1671 primum
1536 1633 1598 1662 fieri
1621 1633 1747 1672 poterit.

296 1685 359 1721 Qui
374 1696 446 1715 vero
462 1685 620 1715 damnatus
637 1684 740 1720 suerit,
754 1684 799 1714 illi
815 1684 936 1714 Heliaea
952 1683 1050 1713 statim
1068 1683 1181 1712 crimen
1196 1683 1337 1717 aestimet,
1350 1683 1421 1722 quid
1438 1683 1531 1717 luere,
1545 1688 1598 1712 aut
1613 1683 1747 1718 solvere,

296 1736 408 1765 debere
426 1737 576 1766 videatur.
601 1736 662 1773 Qui
678 1746 751 1765 vero
768 1735 887 1774 privata
899 1734 1018 1774 judicia
1032 1733 1176 1764 dictarint
1192 1745 1229 1763 ex
1245 1734 1314 1773 lege
1332 1734 1399 1769 hac,
1415 1734 1441 1763 si
1465 1734 1533 1772 quis
1558 1744 1617 1763 non
1641 1744 1746 1772 perse-

295 1791 385 1816 cutus
408 1787 501 1816 fucrit
515 1787 676 1821 actionem,
699 1792 751 1816 aut
766 1791 948 1824 persecutus
964 1785 1096 1823 quintam
1120 1784 1335 1823 suffragiorum
1359 1789 1474 1823 partem
1501 1795 1558 1813 non
1582 1785 1698 1821 tulerit,
1718 1785 1746 1814 is

294 1838 377 1867 mille
391 1838 598 1867 drachmarum
615 1837 758 1867 mulctam
775 1837 883 1866 aerario
900 1836 1007 1866 solvat.
1040 1835 1094 1864 Sin
1119 1835 1301 1864 contumelia
1315 1835 1453 1873 pecuniis
1477 1835 1624 1865 aestimata
1639 1836 1745 1871 fuerit,

296 1889 460 1926 vinciatur,
476 1890 503 1918 si
517 1890 680 1928 ingenuum
700 1888 837 1918 affecerit
849 1887 1041 1922 contumelia,
1053 1886 1153 1915 donee
1168 1885 1307 1915 solverit.

297 1989 468 2036 Auditis,
497 1989 772 2034 Athenienses,
805 1987 1085 2026 humanitatem
1110 1986 1222 2037 legis,
1255 1999 1341 2038 quae
1369 1999 1440 2024 nec
1477 1999 1607 2024 servos
1648 1986 1746 2024 affici

295 2051 538 2089 contumeliis
558 2051 657 2089 sinit.
701 2050 804 2092 Quid
825 2050 954 2100 igitur,
974 2062 1042 2099 per
1069 2047 1187 2086 deos?
1218 2048 1250 2085 si
1276 2048 1361 2098 quis
1387 2048 1474 2097 lege
1493 2047 1565 2085 hac
1589 2047 1639 2085 ad
1657 2049 1745 2086 bar-

294 2114 408 2150 baros
426 2112 587 2163 perlata,
607 2112 711 2149 unde
730 2111 919 2161 mancipia
938 2109 975 2146 in
995 2108 1186 2163 Graeciam
1201 2108 1460 2154 adducuntur,
1480 2121 1549 2146 vos
1565 2108 1746 2155 laudans,

298 2182 337 2211 et
367 2174 415 2211 de
442 2181 572 2211 vestra
601 2174 694 2210 urbe
727 2184 1046 2216 commemorans,
1078 2169 1124 2207 ad
1157 2182 1224 2208 eos
1257 2169 1415 2207 dixerit:
1445 2183 1528 2207 esse
1556 2170 1745 2220 quosdam

298 2235 473 2278 Graecos,
491 2234 666 2272 homines
687 2234 741 2271 ita
766 2232 977 2270 mansuetis
1007 2238 1046 2268 et
1076 2230 1252 2268 humanis
1282 2230 1450 2268 moribus
1476 2230 1673 2280 praeditos,
1703 2238 1746 2267 ut

298 2295 427 2333 multis
446 2295 591 2346 injuriis
612 2296 660 2333 ab
680 2294 723 2332 iis
751 2293 891 2338 affecti,
911 2299 950 2330 et
968 2291 1137 2342 paternis
1168 2291 1368 2328 inimicitiis
1389 2290 1427 2328 in
1447 2303 1511 2328 eos
1537 2291 1649 2341 quasi
1676 2303 1745 2328 na-

297 2364 391 2393 turae
410 2356 595 2393 instinctu
619 2355 855 2406 propagatis,
887 2361 1013 2391 tamen
1033 2365 1080 2390 ne
1100 2351 1186 2389 illos
1217 2352 1370 2402 quidem
1390 2352 1516 2389 vexari
1546 2358 1745 2390 contume-

297 2417 391 2454 liose
410 2417 614 2466 patiantur,
634 2429 731 2466 quos
762 2415 884 2466 pretio
914 2420 1112 2450 numerato
1141 2413 1190 2450 ad
1223 2412 1441 2449 servitutem
1468 2412 1642 2457 emerint,
1675 2414 1746 2452 sed

298 2478 421 2528 legem
440 2477 590 2527 publice
609 2477 806 2515 sanxerint
825 2476 937 2519 lianc,
959 2487 1044 2524 quae
1065 2473 1155 2510 talia
1178 2478 1338 2518 vetaret,
1366 2480 1406 2510 et
1434 2472 1576 2510 multos
1589 2476 1670 2521 jam
1695 2474 1745 2512 ob

298 2552 382 2577 eam
397 2539 523 2588 legem
536 2537 713 2575 violatam
725 2537 850 2588 capite
869 2533 1100 2572 mulctarint.
1148 2531 1245 2570 Haec
1266 2533 1421 2582 inquam
1442 2533 1473 2570 si
1494 2532 1743 2580 audivissent,

298 2599 635 2652 percepissentque
654 2598 818 2641 barbari,
837 2610 886 2634 an
908 2608 985 2633 non
1006 2593 1238 2631 arbitramini
1258 2607 1324 2631 eos
1343 2593 1496 2644 publice
1510 2594 1574 2645 jus
1592 2594 1746 2644 hospitii

299 2662 495 2700 nobiscum
514 2660 689 2698 omnibus
716 2657 905 2696 inituros?
935 2656 1029 2693 Eam
1059 2654 1183 2703 legem
1212 2654 1327 2704 igitur
1355 2668 1431 2692 non
1464 2661 1612 2692 tantum
1642 2655 1744 2704 apud

299 2724 462 2760 Graecos
483 2720 687 2766 celebrem,
708 2719 774 2757 scd
804 2719 1049 2756 barbarorum
1069 2715 1182 2751 etiam
1211 2716 1489 2766 approbatione
1516 2715 1686 2765 dignam,
1713 2716 1744 2753 is

301 2786 363 2834 qui
397 2784 526 2828 violat,
555 2795 720 2832 quonam
751 2779 937 2831 supplicio
967 2778 1016 2814 sit
1044 2775 1268 2815 afficiendus
1295 2776 1549 2822 considerate,
1579 2783 1622 2813 ut
1651 2776 1745 2814 satis

302 2859 433 2896 graves
453 2857 586 2895 peenas
607 2842 768 2881 dederit.

360 2907 417 2942 15.
447 2905 561 2948 Quod
589 2905 619 2942 si
641 2917 726 2953 ego,
750 2901 1013 2946 AtlienlcnSCS‚
1034 2915 1150 2951 quum
1172 2901 1224 2939 sic
1249 2906 1428 2937 tractaret
1457 2911 1480 2935 a
1507 2895 1639 2943 Midia,
1669 2911 1744 2936 non
