1923 3149
348 211 421 247 130
736 209 937 251 ORATIO
968 211 1041 251 DE
1072 211 1375 251 CLASSIBUS.

347 310 544 348 amittere?
572 311 757 362 Equidem
776 315 962 352 neminem
988 328 1072 353 esse
1096 314 1284 352 existimo.
1342 314 1422 351 Imo
1440 325 1511 351 nec
1537 312 1589 350 illi
1608 311 1771 363 expedit,

345 371 531 420 peregrini
550 373 675 410 militis
694 386 808 424 opera
830 375 991 413 Graeciae
1004 376 1137 426 potiri:
1159 376 1222 425 qui
1236 375 1335 412 enim
1351 387 1421 411 nos
1437 374 1665 424 subegerint,
1672 373 1772 423 jam-

345 431 491 480 pridem
511 433 575 471 illo
595 434 733 472 fuerint
752 436 1043 485 praestantiores.
1099 436 1236 486 Neque
1255 449 1343 473 vero
1364 435 1455 479 vult,
1484 435 1590 472 nobis
1620 433 1773 477 excisis,

345 491 424 541 ipse
450 493 486 529 in
508 493 665 532 aliorum
685 508 768 533 esse
798 503 1012 545 potestate:
1043 496 1110 534 sed
1129 496 1318 541 omnibus,
1338 495 1368 532 si
1388 494 1466 532 fieri
1486 493 1631 544 possit3
1661 493 1717 530 sin
1736 491 1775 529 id

341 550 422 590 fieri
437 566 513 591 non
533 555 664 604 possit,
679 562 716 592 at
733 557 849 594 servis
869 563 969 595 certe
998 557 1075 594 suis
1094 557 1292 607 imperare.

402 615 460 651 10.
490 616 602 656 Quod
622 616 652 653 si
673 617 756 666 quis
773 616 977 655 Thebanos
996 629 1080 654 cum
1102 616 1166 654 illo
1188 629 1228 654 se
1248 616 1519 666 conjuncturos
1540 619 1660 664 putat,
1677 612 1776 650 diffi-

343 674 424 712 cilis
438 676 589 726 quidem
608 685 667 714 est
683 678 784 728 apud
799 691 865 715 vos
887 692 932 716 ea
947 678 993 715 de
1009 691 1047 716 re
1067 678 1185 716 oratio
1206 691 1214 715 :
1243 691 1332 715 nam
1347 690 1433 714 cum
1452 689 1517 713 eos
1532 674 1699 719 oderitis,
1711 686 1777 711 ne-

345 748 419 785 que
442 749 569 773 verum
588 737 748 776 libenter
767 751 888 788 neque
907 739 996 776 boni
1015 739 1218 789 quicquam
1237 738 1283 776 de
1302 738 1355 775 eis
1387 736 1547 774 audietis
1563 750 1572 778 ;
1599 741 1775 772 verunta-

343 808 431 832 men
451 809 516 834 eos
532 797 654 844 decet,
673 800 735 848 qui
756 799 903 849 magnis
925 799 972 836 de
991 801 1104 836 rebus
1124 799 1348 844 deliberant,
1362 797 1504 834 nullam
1526 796 1652 833 utilem
1672 794 1777 845 cogi-

342 857 523 895 tationem
542 861 826 909 praetermittere
845 860 923 897 ulla
942 859 988 897 de
1014 873 1141 898 causa.
1200 859 1285 910 Ego
1315 872 1403 897 vero
1422 858 1606 902 existimo,
1628 863 1776 893 tantum

344 918 478 956 abesse
489 927 531 956 ut
546 920 714 958 Thebani
732 933 900 971 unquam
915 934 1000 958 cum
1016 921 1080 958 illo
1096 920 1283 958 Graeciam
1298 919 1464 957 invasuri
1477 919 1564 963 sint,
1578 925 1620 954 ut
1638 928 1778 966 magna

344 979 509 1028 pecunia
535 982 567 1018 si
595 980 725 1018 liceret
758 981 1020 1032 redempturos
1048 988 1177 1031 putem
1207 980 1459 1023 occasionem,
1480 991 1555 1028 qua
1581 985 1710 1015 vetera
1736 976 1776 1012 in

343 1038 504 1077 Graecos
525 1041 664 1078 delicta
679 1041 882 1078 abolerent.
940 1041 1055 1084 Quod
1075 1042 1105 1078 si
1126 1041 1209 1090 quis
1225 1040 1428 1085 existimat,
1443 1039 1643 1075 Thebanos
1657 1049 1778 1086 usque

343 1098 441 1136 adeo
456 1106 590 1137 natura
601 1113 684 1137 esse
702 1101 885 1146 infelices,
903 1101 996 1137 illud
1014 1102 1141 1150 utique
1154 1100 1373 1150 intelligetis
1395 1112 1540 1144 omnes,
1555 1099 1586 1136 si
1603 1097 1777 1135 Thebani

342 1172 430 1197 cum
448 1159 514 1196 illo
529 1160 684 1210 faciant,
700 1174 784 1197 esse
801 1173 972 1206 necesse,
992 1168 1034 1197 ut
1053 1174 1179 1197 eorum
1198 1161 1326 1198 hostes
1349 1167 1451 1198 stent
1471 1174 1493 1197 a
1508 1159 1668 1196 Graecis.
1690 1158 1779 1208 Ego

341 1219 454 1269 igitur
480 1220 666 1266 existimo,
680 1220 779 1257 hunc
806 1220 975 1257 ordinem
995 1220 1196 1269 aequitatis,
1227 1227 1266 1258 et
1283 1233 1347 1258 eos
1369 1220 1432 1270 qui
1451 1233 1537 1258 cum
1557 1221 1629 1257 lioc
1648 1219 1779 1256 ordine

342 1293 383 1317 se
402 1280 646 1331 conjungent,
669 1288 747 1318 tum
766 1281 1034 1331 proditoribus,
1054 1288 1134 1317 tum
1155 1281 1331 1318 Barbaris
1350 1280 1431 1318 fore
1454 1281 1639 1318 universis
1665 1292 1777 1330 supe-

340 1340 470 1378 riores.
525 1342 652 1382 Quare
666 1354 788 1391 neque
803 1341 1001 1378 immodice
1017 1341 1308 1387 formidandum,
1324 1354 1446 1390 neque
1464 1341 1777 1378 committendum

342 1414 427 1439 esse
438 1414 584 1448 censeo,
601 1410 643 1439 ut
662 1403 805 1453 priores
823 1402 965 1440 bellum
984 1403 1201 1440 inferamus.
1255 1403 1312 1439 Ac
1327 1416 1375 1439 ne
1390 1408 1610 1439 caeterorum
1626 1401 1779 1452 quidem

344 1462 566 1501 Graecorum
595 1464 660 1501 ulli
690 1465 824 1502 merito
855 1464 994 1502 bellum
1025 1464 1099 1502 hoc
1118 1463 1305 1501 formidini
1326 1476 1407 1501 esse
1426 1463 1557 1500 video:
1587 1475 1672 1500 nam
1694 1463 1777 1513 quis

343 1535 473 1561 eorum
494 1525 655 1574 ignorat,
677 1538 731 1570 se,
750 1525 839 1562 dum
854 1525 957 1561 illum
979 1538 1218 1563 communem
1240 1524 1385 1561 hostem
1406 1523 1603 1568 ducentes,
1623 1523 1719 1561 inter
1739 1536 1780 1561 se

343 1593 631 1632 consenserunt,
646 1587 793 1636 magnis
808 1587 939 1637 opibus
954 1587 1149 1630 floruisse;
1180 1592 1383 1637 postquam
1412 1592 1539 1623 autem
1555 1587 1634 1637 ejus
1652 1585 1779 1623 amici-

343 1646 397 1684 tia
413 1646 511 1692 freti,
525 1647 572 1684 de
586 1647 740 1698 privatis
760 1648 1025 1685 controversiis
1038 1648 1134 1685 inter
1147 1660 1187 1685 se
1202 1646 1491 1692 contenderunt,
1504 1653 1562 1683 tot
1576 1646 1677 1684 mala
1692 1659 1776 1684 esse

344 1719 561 1757 perpessos,
581 1715 674 1758 quot
692 1709 723 1745 si
742 1708 823 1758 quis
842 1721 907 1746 eos
928 1708 1112 1746 devovere
1126 1708 1243 1745 vellet
1260 1707 1321 1745 vix
1340 1707 1570 1758 reperisset?

401 1769 460 1805 ll.
491 1769 612 1812 Quem
628 1769 741 1818 igitur
760 1769 927 1807 Fortuna
945 1776 984 1806 et
1003 1769 1053 1806 dii
1073 1769 1300 1807 immortales
1319 1775 1397 1806 tam
1413 1768 1574 1806 amicum
1592 1769 1776 1814 inutilem,

343 1841 457 1878 quam
480 1828 625 1866 hostem
647 1843 730 1867 esse
749 1830 1027 1867 conducibilem
1058 1830 1265 1875 declarant,
1285 1842 1372 1866 eum
1403 1841 1473 1866 nos
1499 1829 1777 1867 formidamus?

345 1888 597 1938 Nequaquam
612 1905 621 1933 3
650 1890 720 1927 sed
740 1903 787 1926 ne
801 1890 983 1927 faciamus
1003 1889 1176 1940 injuriam
1194 1897 1324 1926 nostra
1343 1901 1463 1926 causa
1480 1895 1519 1926 et
1535 1896 1688 1939 propter
1702 1903 1778 1927 cae-

344 1955 509 1986 terorum
530 1949 752 1987 Graecorum
771 1951 900 1987 turbas
920 1957 958 1987 et
978 1950 1252 1987 diffidentiam:
1282 1963 1368 1987 nam
1391 1949 1421 1986 si
1438 1950 1687 1994 concorditer,
1709 1951 1777 1988 ad-

341 2009 561 2060 juvantibus
590 2011 777 2055 omnibus,
798 2010 919 2047 solum
940 2010 1042 2046 illum
1064 2010 1241 2047 invadere
1270 2010 1412 2054 liceret,
1432 2022 1479 2046 ne
1505 2010 1676 2060 injuriam
1697 2011 1779 2061 qui-

347 2070 433 2108 dem
453 2071 505 2108 illi
525 2084 547 2108 a
561 2071 669 2108 nobis
689 2072 768 2109 fieri
786 2079 970 2123 putarem.
1028 2072 1104 2109 Sed
1124 2085 1210 2109 cum
1225 2085 1265 2109 se
1280 2084 1339 2109 res
1355 2071 1461 2109 aliter
1472 2071 1625 2117 habeat,
1639 2085 1778 2110 caven-

347 2131 439 2169 dum
457 2145 608 2178 censeo,
628 2146 675 2170 ne
695 2146 825 2170 ansam
846 2133 923 2183 regi
948 2133 1186 2182 praebeamus
1207 2139 1248 2169 ut
1262 2133 1358 2183 juris
1378 2139 1599 2170 caeterorum
1621 2132 1780 2172 Graeco-

346 2206 429 2230 rum
449 2194 586 2231 arbiter
605 2207 689 2232 esse
711 2194 886 2232 studeat:
917 2193 1200 2243 quiescentibus
1221 2194 1439 2231 enimvobis
1455 2201 1652 2244 suspectus
1666 2201 1779 2240 esset,

348 2255 483 2304 siquid
503 2255 577 2292 tale
595 2255 809 2298 moliretur;
841 2256 898 2292 sin
913 2255 1055 2304 priores
1074 2254 1215 2291 bellum
1236 2254 1450 2299 moveretis,
1464 2253 1562 2290 haud
1580 2254 1714 2302 injuria
1725 2255 1779 2292 vi-

349 2316 497 2353 debitur
515 2322 666 2366 propter
682 2322 826 2353 vestras
846 2316 1067 2361 inimicitias,
1088 2315 1245 2353 aliorum
1262 2322 1437 2364 expetere
1450 2314 1662 2352 amicitiam.
1719 2315 1779 2354 Ne

347 2376 460 2426 igitur
480 2389 635 2425 arguere
660 2377 794 2421 velitis,
816 2390 928 2427 quam
950 2383 1147 2426 corruptus
1167 2375 1215 2413 sit
1231 2375 1394 2413 Graeciae
1413 2381 1548 2419 status,
1566 2387 1781 2414 convocan-

350 2437 408 2473 dis
429 2437 481 2473 eis
501 2448 585 2472 cum
607 2449 683 2473 non
702 2437 988 2486 persuadebitis,
1009 2444 1046 2473 et
1076 2435 1242 2486 gerendo
1261 2434 1360 2472 bello
1379 2447 1465 2471 cum
1485 2448 1560 2471 non
1582 2436 1778 2485 poteritis:

348 2498 415 2535 sed
435 2497 546 2547 quieti
565 2503 699 2541 estote,
725 2506 764 2534 et
782 2497 1027 2548 imperterriti,
1049 2504 1085 2533 et
1109 2496 1294 2533 instructi.
1350 2495 1400 2532 Et
1418 2495 1585 2532 nunciari
1606 2496 1651 2533 dc
1672 2497 1778 2535 vobis

350 2558 430 2607 regi
450 2558 584 2602 velitis,
610 2570 685 2594 non
703 2558 854 2607 quidem
875 2564 976 2595 certe
997 2564 1156 2594 aestuare
1183 2563 1247 2593 aut
1268 2562 1434 2592 metuere
1465 2563 1530 2592 aut
1561 2557 1779 2595 tumultuari

351 2631 480 2656 omnes
497 2618 669 2662 Graecos,
689 2625 726 2655 et
746 2617 1166 2666 Athenienses—longe
1185 2623 1284 2653 certe
1300 2616 1404 2653 aliter
1421 2629 1461 2652 se
1477 2629 1554 2652 rem
1571 2615 1774 2655 habere—z

351 2687 464 2729 atque
484 2679 579 2716 adeo
599 2678 668 2715 uisi
689 2679 789 2728 apud
810 2678 968 2716 Graecos
984 2691 1088 2727 aeque
1103 2685 1210 2727 turpe
1225 2677 1452 2714 haberentur
1464 2677 1611 2714 mentiri
1625 2685 1662 2714 et
1673 2677 1777 2727 peje-

349 2753 445 2785 rare,
465 2746 507 2776 ut
524 2738 626 2788 apud
647 2738 750 2775 illum
766 2738 1237 2788 proeclarum,ja1npridem
1261 2750 1327 2774 vos
1350 2737 1386 2773 in
1406 2737 1510 2774 illum
1529 2737 1645 2774 fuisse
1660 2737 1776 2788 impe-

351 2809 430 2838 tum
452 2801 631 2838 facturos.
687 2799 802 2836 Nunc
828 2799 864 2836 id
892 2812 958 2836 vos
977 2811 1214 2848 nequaquam
1233 2798 1398 2835 facturos
1422 2803 1610 2847 vestrapte
1634 2810 1778 2837 causa:

353 2862 421 2899 scd
441 2875 570 2898 omnes
589 2860 735 2912 precari
754 2860 860 2906 deos,
879 2867 919 2897 ut
933 2860 1066 2897 cadem
1083 2860 1163 2909 ipse
1179 2859 1343 2897 amentia
1358 2859 1587 2909 corripiatur,
1601 2871 1677 2908 qua
1687 2859 1776 2896 olim

352 2922 512 2971 majores
533 2921 626 2971 ejus.
682 2921 805 2971 Atque
825 2921 906 2958 liaec
932 2921 961 2957 si
982 2919 1216 2957 considerare
1244 2920 1280 2956 in
1300 2919 1464 2957 animum
1489 2918 1689 2965 induxerit,
1708 2932 1776 2959 vos
