1923 3149
288 128 359 164 184
836 127 905 164 DE
935 127 1174 165 CORONA.

282 230 335 266 ita
354 241 430 266 non
458 228 582 266 solum
602 227 750 280 legibus
770 242 901 268 verum
931 231 1043 268 etiam
1072 230 1252 268 institutis
1277 231 1414 270 vestris
1442 244 1527 271 esse
1553 233 1721 281 definita,

283 302 355 340 ego
385 289 496 327 facile
526 289 655 327 multis
686 290 910 329 testimoniis
939 292 1152 329 ostendam.
1196 291 1297 329 Nam
1329 291 1488 342 primum
1520 293 1722 332 Nausicles

281 364 369 388 cum
397 356 501 388 esset
532 350 744 401 Strategu5‚
767 353 890 390 obea
915 365 1001 402 quae
1031 352 1078 389 de
1110 365 1180 389 suo
1198 352 1358 402 largitus
1378 360 1450 399 est,
1483 367 1586 405 saepe
1614 362 1672 392 est
1701 368 1724 392 a

279 412 388 449 vobis
421 419 649 449 coronatus:
679 412 816 450 deinde
850 414 1041 451 Diotimus
1070 413 1160 463 quia
1189 414 1345 465 clypeos
1374 414 1481 452 dedit
1506 423 1545 452 et
1573 429 1723 453 rursum

283 472 548 519 Charidemus,
567 474 716 511 coronis
745 474 875 512 donati
890 481 1015 526 sunt:
1046 481 1125 511 tum
1148 474 1424 525 Neoptolemus
1444 475 1568 521 hicce,
1593 477 1721 514 multis

279 546 365 571 cum
384 541 486 571 esset
507 535 681 584 operibus
700 535 918 584 praefectus,
938 537 986 573 ob
1007 549 1052 573 ea
1079 549 1166 586 quae
1197 537 1364 581 donavit,
1384 536 1568 574 honorem
1587 549 1722 574 conse-

278 603 390 633 cutus
410 602 481 633 est.
511 596 704 633 Acerbum
733 597 831 633 enim
861 598 1034 648 profecto
1063 605 1175 643 esset,
1206 598 1236 635 si
1265 598 1530 648 magistratum
1558 597 1723 647 aliquem

279 656 421 706 gerenti
449 656 507 693 vel
534 669 603 694 sua
630 656 724 707 reip.
752 657 880 708 largiri
907 665 1061 709 propter
1088 659 1353 710 magistratum
1386 672 1462 696 non
1491 659 1633 705 liceret,
1662 658 1723 698 vel

278 729 406 754 eorum
424 730 509 766 quae
523 717 682 768 largitus
703 718 753 755 sit
770 732 847 756 non
862 719 1023 769 gratiam
1042 721 1243 771 acciperet,
1257 721 1324 758 sed
1337 720 1501 758 rationes
1516 720 1642 757 subire
1657 732 1721 757 co—

278 783 444 827 geretur.
475 778 570 816 Haec
587 785 630 816 ut
651 793 736 817 vere
757 793 779 817 a
804 793 864 818 me
889 780 964 818 dici
990 788 1153 828 constet,
1173 795 1267 833 cape
1295 782 1379 833 ipsa
1398 781 1551 820 decreta
1568 788 1724 833 propter

278 838 370 876 istos
390 837 505 886 faeta,
526 853 570 878 ac
590 840 719 878 recita.
751 841 899 880 Recita.

839 943 1160 981 DECRETUM.

322 1019 474 1048 Arehoute
492 1019 659 1049 Demonico
669 1020 824 1059 Phlyensi,
835 1020 1069 1050 Boedromionis
1083 1021 1135 1051 die
1152 1031 1260 1057 xxvr„
1273 1022 1310 1051 de
1324 1022 1475 1052 sententia
1487 1027 1610 1053 senatus
1624 1033 1722 1063 popu-

276 1069 370 1108 lique,
385 1069 497 1100 Callias
516 1070 716 1100 Phrearrhius
733 1071 850 1106 retulit,
865 1071 988 1110 placere
1005 1072 1122 1101 senatui
1147 1073 1323 1111 populoque
1348 1083 1458 1103 corona
1483 1074 1594 1103 donare
1610 1074 1723 1104 Nausi-

277 1120 352 1150 cleiu
369 1119 516 1159 peditatui
534 1121 722 1159 praefectum,
749 1122 829 1160 quod
856 1132 923 1151 cum
940 1122 1169 1151 Atheniensium
1196 1123 1241 1152 bis
1263 1123 1344 1152 mille
1370 1124 1470 1162 gravis
1486 1130 1643 1154 armatura:
1670 1136 1725 1164 pe·

276 1171 371 1200 ditum
388 1175 489 1200 essent
504 1171 532 1200 iu
551 1172 652 1200 Imbro
670 1172 841 1210 ferrentque
858 1173 1004 1202 auxilium
1023 1172 1256 1202 Atheniensibus
1281 1184 1345 1202 eam
1366 1174 1492 1203 insulam
1508 1174 1723 1212 incolentibus,

277 1232 373 1260 neque
386 1226 492 1259 posset
504 1221 613 1251 Philon
630 1221 727 1252 aerarii
744 1223 905 1261 praefectus
921 1227 1045 1262 propter
1055 1227 1252 1261 tempestates
1267 1223 1407 1263 navigare
1423 1234 1521 1262 neque
1538 1224 1722 1262 stipendium

275 1273 423 1303 militibus
438 1273 625 1311 persolvere,
648 1273 686 1302 de
711 1284 765 1302 suo
780 1273 807 1302 is
828 1273 908 1302 ultro
931 1273 1080 1312 erogavit,
1106 1284 1163 1302 nec
1186 1285 1320 1315 expensa
1347 1274 1462 1313 populo
1484 1274 1574 1304 tulit:
1601 1284 1721 1305 coronae

275 1329 374 1353 autem
389 1323 636 1361 praedicationem
650 1323 715 1352 fieri
732 1323 891 1363 Dionysiis
907 1324 1051 1362 tragoedis
1066 1325 1163 1354 novis.

740 1415 911 1454 ALIUD
942 1415 1258 1453 DECRETUM.

312 1502 400 1533 Dixit
424 1503 540 1533 Callias
561 1502 773 1537 Phrearrhius,
796 1502 976 1542 prytanibns
1002 1500 1040 1528 de
1066 1500 1216 1529 sententia
1245 1506 1368 1530 senatus
1396 1502 1490 1531 verba
1511 1501 1716 1532 facientibus:

274 1554 423 1591 Quoniam
439 1554 637 1584 Charidemus
654 1553 787 1592 peditum
810 1552 973 1589 prael'ectus
989 1561 1056 1580 cum
1073 1551 1168 1580 classe
1181 1551 1362 1580 Salaminem
1378 1552 1502 1587 missus,
1519 1557 1549 1581 et
1565 1551 1720 1582 Diotimus

273 1604 419 1644 magister
434 1604 579 1643 equitum,
596 1604 625 1632 in
647 1612 747 1641 pugna
771 1612 838 1640 quae
861 1601 898 1630 ad
923 1601 1047 1631 fluvium
1071 1601 1232 1631 commissa
1255 1606 1313 1637 est,
1335 1602 1487 1631 nonnullis
1513 1602 1661 1632 militibus
1682 1603 1720 1633 ab

272 1655 409 1684 hostibus
424 1654 574 1693 spoliatis,
590 1653 653 1682 suis
670 1651 842 1692 sumptibus
859 1652 1069 1681 adolescentes
1086 1657 1236 1681 armarunt
1251 1652 1369 1692 clypeis
1389 1653 1582 1692 octingentis,
1597 1653 1720 1692 placere

272 1705 388 1734 senatui
404 1705 577 1743 populoque
591 1703 695 1732 donari
711 1703 927 1732 Charidemum
943 1706 974 1732 et
990 1702 1156 1731 Diotimum
1179 1712 1267 1732 aurea
1284 1713 1405 1738 corona,
1430 1705 1555 1742 ejusque
1571 1703 1719 1743 praedica-

271 1756 384 1785 tionem
399 1755 463 1784 fieri
481 1754 684 1784 Panathenaeis
700 1753 817 1792 maguis
828 1753 858 1782 in
874 1753 1014 1791 gymnico
1030 1753 1193 1782 certamine
1210 1758 1241 1782 et
1257 1753 1419 1792 Dionysiis
1442 1754 1589 1793 tragoedis
1612 1754 1717 1784 novis:

271 1805 496 1845 praedicationis
511 1809 609 1834 autem
627 1814 728 1835 curam
744 1804 854 1833 habere
869 1804 1099 1839 thesmothetas,
1113 1808 1268 1844 prytaues,
1287 1804 1483 1834 certaminum
1504 1805 1676 1843 praefectos.

327 1883 389 1919 35.
419 1881 567 1919 Horum
585 1881 859 1931 unusquisque,
881 1880 1075 1925 AEschine,
1096 1880 1356 1930 magistratus,
1386 1893 1500 1931 quem
1525 1880 1630 1926 obiit,
1659 1893 1721 1918 ra-

273 1944 395 1982 tiones
414 1942 572 1980 reddere
594 1942 773 1987 debebat,
793 1941 860 1979 sed
881 1954 1011 1979 eorum
1037 1947 1191 1992 propter
1211 1954 1296 1992 quae
1319 1954 1461 1979 corona
1491 1941 1718 1988 donabatur,

271 2005 434 2042 minime.
481 2003 542 2041 Ne
561 2017 634 2054 ego
653 2003 806 2054 quidem
827 2003 960 2053 igitur:
1000 2003 1133 2041 eadem
1154 2003 1253 2040 enim
1272 2003 1357 2054 jura
1383 2003 1516 2040 iisdem
1536 2004 1574 2040 in
1603 2003 1718 2041 rebus

272 2065 361 2103 mihi
382 2071 471 2102 sunt
498 2078 583 2102 cum
603 2065 684 2102 aliis
704 2064 923 2102 communia
950 2064 1106 2102 scilicet.
1137 2063 1315 2101 Donavi?
1352 2071 1551 2115 propterea
1570 2063 1720 2111 laudor,

271 2140 349 2165 non
368 2139 498 2163 eorum
518 2139 603 2176 quae
623 2126 762 2163 donavi
782 2127 946 2163 rationes
967 2125 1105 2163 referre
1126 2132 1270 2163 teneor.
1307 2125 1560 2176 Magistratus
1585 2124 1718 2175 gessi?

271 2196 310 2226 et
329 2200 458 2225 eorum
479 2187 632 2237 quidem
651 2186 814 2224 rationes
832 2186 955 2232 retuli,
975 2198 1053 2223 non
1073 2199 1204 2224 eorum
1225 2199 1310 2237 quae
1335 2186 1383 2223 de
1408 2198 1493 2223 meo
1514 2184 1617 2222 dedi.
1664 2184 1717 2223 At

270 2249 424 2287 hercule
444 2249 544 2287 male
576 2249 676 2299 gessi
702 2248 991 2300 magistratum?
1022 2248 1100 2285 Cur
1125 2248 1237 2298 igitur
1261 2254 1301 2284 tu
1334 2247 1397 2297 qui
1425 2247 1597 2293 adesses,
1627 2260 1715 2285 cum

271 2324 332 2348 me
352 2310 538 2347 rationum
559 2311 730 2360 praefecti
748 2311 785 2347 in
802 2310 945 2348 curiam
965 2323 1071 2348 suam
1087 2311 1288 2355 vocabant,
1302 2322 1377 2346 non
1394 2308 1634 2346 accusabas?
1660 2308 1717 2347 Ut

271 2371 385 2421 igitur
404 2372 531 2408 sciatis
552 2371 665 2408 istum
684 2371 808 2422 ipsum
829 2371 919 2408 mihi
947 2377 1082 2408 testem
1101 2383 1198 2415 esse,
1218 2383 1277 2407 me
1303 2370 1352 2407 ob
1369 2383 1416 2408 ea
1435 2370 1482 2407 de
1502 2370 1637 2421 quibus
1656 2383 1715 2408 ra-

270 2432 392 2470 tiones
420 2432 579 2470 reddere
599 2446 675 2470 non
701 2434 856 2470 tenebar
874 2445 1015 2470 corona
1034 2445 1116 2469 esse
1143 2432 1342 2476 donatum,
1371 2444 1465 2482 cape
1490 2431 1580 2468 mihi
1600 2438 1639 2469 et
1656 2444 1715 2470 re-

271 2494 348 2532 cita
375 2500 496 2531 totum
525 2493 722 2531 decretum
742 2494 790 2530 de
819 2507 880 2531 me
905 2494 1076 2531 factum:
1105 2507 1152 2530 ex
1179 2493 1222 2530 iis
1251 2494 1349 2530 enim
1376 2506 1462 2544 quae
1491 2493 1528 2529 in
1558 2499 1713 2531 senatus

271 2554 526 2606 praeconsulto
547 2568 625 2591 non
652 2555 883 2600 criminatur,
908 2554 1160 2592 calumniator
1188 2554 1393 2605 reperietur
1412 2554 1448 2590 in
1481 2553 1525 2591 iis
1549 2566 1635 2604 quae
1647 2553 1711 2604 ju-

273 2615 374 2654 dicio
392 2615 645 2666 persequitur.
693 2615 840 2653 Recita.

821 2723 1146 2762 DECRETUM.

315 2808 466 2837 Archonte
483 2807 643 2847 Euthycle,
661 2808 879 2848 Pyanepsionis
895 2810 944 2839 die
964 2820 1064 2845 xxii„
1083 2810 1160 2839 tribu
1179 2809 1309 2839 OEneide
1331 2808 1523 2848 praesidente,
1546 2807 1711 2846 Ctesiphon

273 2859 450 2888 Leosthenis
465 2859 484 2888 t‘.
503 2859 720 2899 Anaphlystius
735 2860 838 2890 retulit
855 2872 861 2889 z
886 2862 1035 2898 Quoniam
1055 2861 1274 2892 Demosthenes
1290 2858 1505 2889 Demosthenis
1521 2858 1542 2887 f.
1558 2857 1710 2887 Paeanien-
