1923 3149
648 241 962 283 PHILIPPICA
994 242 1060 280 IV.
1508 241 1578 278 107

124 359 287 398 quorum
306 347 464 399 singulis
481 346 648 393 omissis,
660 359 793 393 unum,
812 358 889 396 quo
902 345 1030 384 omnia
1047 344 1222 391 tendunt,
1244 345 1381 391 dicam,
1397 349 1576 396 precatus

123 420 147 447 a
170 409 293 454 vobis,
315 409 347 447 si
365 423 456 448 vera
472 409 589 448 libere
609 409 752 454 dixero,
773 419 822 446 ne
840 407 932 445 mihi
955 407 1230 444 succenseatis.

183 472 243 509 14.
266 471 490 510 Divenditae
520 478 611 510 sunt
630 469 797 509 omnium
811 469 891 520 jam
919 475 1132 520 temporum
1164 467 1483 518 opportunitates,
1517 474 1575 505 at-

124 544 198 582 que
217 532 335 570 otium
353 533 509 583 quidem
529 539 567 570 et
585 544 707 570 rerum
727 531 967 569 vacationem
988 543 1055 568 vos
1084 528 1311 580 arripuistis,
1341 529 1481 579 quibus
1510 529 1576 566 de-

122 592 231 639 liniti,
264 593 324 632 his
343 595 406 644 qui
438 607 506 632 vos
538 594 686 631 laedunt
704 605 780 630 non
807 592 971 643 graviter
995 590 1224 629 irascimini:
1254 591 1420 628 honores
1450 597 1578 628 autem

122 654 185 693 alii
205 655 457 694 abstulerunt.
495 656 553 693 Ac
574 668 660 705 quae
680 654 728 692 ad
745 661 884 692 caetera
902 653 1056 704 quidem
1072 654 1249 699 attinent,
1271 665 1315 691 ea
1335 666 1411 691 non
1433 660 1492 690 cst
1511 666 1578 691 ex-

123 715 272 765 quirere
287 730 389 754 nunc
402 730 528 768 operae
542 717 725 768 pretium:
748 715 816 753 sed
831 715 895 752 ubi
908 715 1036 765 aliqua
1051 715 1218 766 Philippi
1231 715 1374 752 mentio
1393 714 1579 760 inciderit,

123 777 251 815 statim
267 777 423 828 quidam
440 791 601 828 surgens
622 778 726 822 dicit,
747 790 824 815 non
843 789 930 814 esse
951 775 1187 826 nugandum,
1203 790 1277 814 nec
1293 776 1578 814 decernendum

122 838 279 885 bellum,
301 839 484 890 deinceps
505 840 633 878 statim
654 839 775 884 addit,
795 838 831 875 in
858 851 955 889 pace
975 838 1100 876 vivere
1125 851 1238 888 quam
1257 838 1417 884 bonum,
1438 845 1477 876 et
1499 851 1579 875 ma-

125 913 245 950 gnum
266 900 367 938 alere
387 900 596 938 exercitum
614 913 729 950 quam
749 912 876 950 grave,
902 906 943 937 et
968 899 1130 950 diripere
1150 899 1305 950 quidam
1322 900 1496 937 aerarium
1517 913 1582 938 vo-

122 962 219 1009 lunt,
240 961 391 1013 aliaque
409 961 675 1009 hujuscemodi
692 960 889 1013 proferunt
910 966 953 998 ut
971 961 1178 1012 opinantur
1198 960 1409 999 verissima.
1439 961 1581 999 Verum

121 1036 258 1075 pacem
278 1023 388 1069 tueri,
408 1035 485 1061 non
503 1023 611 1061 vobis
632 1022 766 1073 utique
785 1022 1028 1060 suadendum
1047 1029 1120 1069 est,
1141 1022 1205 1073 qui
1219 1022 1299 1073 jam
1319 1022 1493 1073 persuasi
1513 1022 1581 1060 de-

124 1085 270 1132 sidetis,
285 1085 355 1123 sed
372 1085 426 1123 illi
446 1085 588 1136 potius,
606 1084 671 1135 qui
695 1083 850 1122 hostilia
868 1084 984 1122 facit:
1005 1084 1067 1122 cui
1097 1084 1128 1122 si
1146 1096 1374 1135 persuasum
1395 1083 1523 1130 suerit,
1542 1085 1580 1122 in

124 1147 232 1185 vobis
264 1147 373 1185 nulla
400 1160 507 1185 mora
535 1153 606 1185 est.
658 1145 800 1184 Gravia
829 1152 956 1185 autem
984 1145 1237 1185 existimanda
1266 1153 1372 1193 sunt,
1390 1159 1468 1184 non
1494 1160 1581 1198 quae

123 1208 283 1245 tuendae
304 1208 438 1246 salutis
472 1221 591 1246 causa
618 1208 947 1258 insumpserimus,
974 1207 1045 1246 sed
1065 1220 1112 1246 ea
1131 1221 1220 1259 quae
1238 1208 1490 1259 perferemus,
1510 1208 1582 1246 nisi

122 1267 208 1305 haec
228 1268 358 1306 facere
378 1268 610 1307 voluerimus
630 1283 639 1312 ;
672 1282 716 1307 ac
737 1269 898 1320 direptio
916 1269 1052 1315 oerarii,
1079 1269 1298 1308 custodiam
1324 1282 1402 1321 qua
1426 1282 1583 1308 conser-

121 1334 232 1367 vetur
250 1330 497 1381 assignando,
517 1329 757 1380 prohibenda
774 1337 848 1376 est,
869 1343 947 1368 non
972 1330 1190 1369 desertione
1215 1330 1405 1369 utilitatis.
1448 1331 1583 1375 Quan-

122 1402 240 1441 quam
268 1390 452 1443 idipsum
482 1392 614 1444 iniquo
634 1392 762 1430 animo
781 1392 876 1440 fero,
904 1393 935 1430 si
953 1400 1123 1431 vestrum
1150 1393 1381 1443 quibusdam
1407 1393 1584 1444 pecuniae

123 1451 285 1503 direptio
305 1459 365 1491 est
386 1453 561 1501 molesta,
590 1466 704 1505 quam
725 1461 769 1491 ut
792 1454 905 1501 tueri,
932 1453 986 1492 sic
1011 1454 1254 1505 peculatores
1285 1454 1435 1505 punire,
1465 1467 1584 1505 penes

122 1526 193 1552 vos
221 1522 306 1552 est:
337 1514 539 1566 Philippus
561 1522 703 1563 autem,
731 1515 798 1566 qui
819 1522 938 1554 totam
959 1516 1143 1568 deinceps
1163 1516 1357 1555 Graeciam
1379 1515 1521 1568 diripit,
1547 1524 1587 1555 et

121 1580 254 1614 vestro
273 1576 376 1614 malo
393 1576 534 1628 diripit,
554 1590 632 1616 non
651 1583 710 1615 est
725 1578 924 1616 molestus.

181 1639 243 1675 15.
272 1638 349 1682 Qui
365 1638 408 1676 fit
432 1638 565 1689 igitur,
587 1639 861 1686 Athenienses,
892 1646 935 1678 ut
954 1653 1058 1685 eum,
1090 1640 1154 1690 qui
1174 1646 1253 1677 tam
1273 1645 1402 1691 aperte
1429 1640 1586 1691 injurias

124 1698 231 1746 facit,
250 1705 290 1737 et
307 1700 420 1738 urbes
440 1706 620 1751 occupat,
635 1712 749 1738 nemo
767 1713 936 1751 unquam
952 1701 1112 1738 istorum
1127 1701 1267 1751 injuste
1282 1701 1408 1738 facere
1423 1707 1489 1738 aut
1503 1714 1586 1740 mo-

122 1772 212 1798 vere
231 1759 377 1798 bellum
403 1761 563 1799 dixerit:
592 1761 657 1811 qui
687 1774 778 1799 vero
808 1775 884 1799 non
910 1761 1174 1805 concedenda,
1196 1773 1324 1810 neque
1351 1761 1587 1813 negligenda

121 1821 211 1859 haec
228 1833 311 1859 esse
345 1822 520 1869 suadent,
539 1835 606 1860 eos
627 1821 766 1859 bellum
787 1823 912 1860 facere
931 1822 1092 1860 dicant?
1135 1821 1252 1865 Quod
1278 1821 1432 1873 eulpam
1452 1835 1585 1862 earum

118 1895 211 1933 quae
229 1895 277 1920 ex
294 1882 397 1921 bello
417 1883 571 1922 oriturae
599 1889 690 1921 sunt
709 1882 1196 1921 difficultatum-necesse
1215 1883 1330 1930 enim,
1350 1897 1508 1923 necesse
1524 1892 1585 1924 est

121 1943 265 1982 multas
287 1944 374 1982 oriri
399 1958 420 1984 e
438 1944 542 1983 bello
569 1944 855 1983 molestias--in
883 1958 950 1984 eos
980 1946 1044 1996 qui
1063 1952 1192 1983 vestra
1211 1957 1332 1983 causa
1351 1947 1496 1997 optima
1527 1947 1586 1985 di-

119 2019 209 2045 cere
228 2007 365 2053 solent,
380 2007 550 2046 universi
568 2007 739 2045 conferre
754 2007 937 2057 cupiunt:
968 2014 1129 2046 censent
1147 2006 1264 2054 enim,
1285 2007 1317 2045 si
1336 2020 1403 2046 vos
1423 2022 1584 2048 concor-

121 2067 223 2106 diter
247 2081 404 2120 unoque
425 2068 552 2107 animo
573 2068 792 2120 Philippum
820 2068 1073 2115 ulciscamini,
1098 2075 1138 2107 et
1162 2068 1270 2106 illum
1295 2077 1516 2121 superatum
1543 2071 1588 2110 iri

123 2141 150 2167 a
179 2129 304 2175 vobis,
324 2136 362 2167 et
390 2129 483 2180 ipsis
507 2129 674 2168 faciendi
703 2136 876 2180 quaestus
905 2129 1055 2168 nullum
1082 2130 1210 2168 locum
1230 2129 1335 2169 fore:
1367 2132 1425 2169 s-in
1454 2131 1588 2171 oblato

124 2189 255 2241 aliquo
278 2190 461 2236 tumultu,
484 2191 730 2229 criminantes
756 2191 960 2241 quosdam,
981 2191 1030 2229 ad
1051 2191 1258 2229 tribunalia
1276 2191 1477 2239 devoletis‚
1503 2200 1585 2231 tum

123 2263 166 2290 se
181 2251 227 2290 iis
243 2251 473 2290 accusandis
495 2258 700 2303 utrumque
719 2259 1012 2300 consecuturos,
1031 2259 1071 2291 et
1084 2253 1346 2291 laudationem
1367 2267 1389 2291 a
1404 2255 1527 2301 vobis,
1548 2262 1587 2293 et

122 2312 367 2364 largitionem
397 2314 445 2352 ab
474 2313 565 2352 illo:
598 2320 677 2351 tum
706 2318 789 2360 vos,
817 2315 867 2351 ob
896 2327 943 2352 ea
969 2321 1125 2365 propter
1157 2327 1244 2365 quae
1274 2315 1348 2366 ipsi
1374 2314 1586 2354 mulctandi

121 2381 269 2422 essent,
293 2388 428 2426 poenas
461 2375 511 2414 de
539 2375 598 2421 iis,
632 2376 697 2425 qui
722 2388 791 2426 pro
810 2375 948 2413 vestris
970 2375 1182 2416 commodis
1204 2376 1324 2414 locuti
1345 2383 1450 2422 sunt,
1479 2390 1586 2416 sum-

123 2440 272 2487 pturos.
305 2436 364 2475 Ac
383 2449 472 2488 spes
495 2436 652 2488 quidem
680 2437 839 2475 istorum
869 2436 930 2474 hae
962 2443 1076 2480 sunt;
1108 2444 1448 2491 commentumque
1468 2451 1586 2491 super

125 2498 232 2548 quod
249 2505 496 2538 exstruuntur
524 2499 824 2546 criminationes,
847 2500 937 2537 illud
953 2505 1020 2545 est,
1049 2499 1150 2538 velle
1177 2499 1383 2538 nonnullos
1410 2500 1584 2539 homines

125 2558 271 2597 bellum
282 2559 421 2599 facere.
452 2560 540 2612 Ego
556 2574 644 2600 vero
655 2561 894 2612 exploratum
909 2561 1047 2609 habeo,
1063 2574 1151 2600 cum
1164 2561 1455 2600 Atheniensium
1472 2576 1585 2601 nemo

124 2620 270 2658 bellum
294 2620 541 2670 decrevisset,
566 2630 648 2661 tum
673 2622 747 2661 alia
773 2623 896 2661 multa
925 2636 1013 2673 quae
1041 2630 1182 2662 nostrae
1204 2623 1309 2662 urbis
1337 2631 1428 2662 sunt
1454 2631 1583 2662 tenere

125 2679 363 2733 Philippum,
381 2688 463 2721 tum
483 2696 586 2723 nunc
612 2684 755 2723 auxilia
772 2684 922 2723 misisse
943 2684 1138 2723 Cardiam.
1182 2685 1300 2729 Quod
1320 2686 1352 2723 si
1380 2698 1451 2724 nos
1472 2684 1584 2722 dissi-

125 2743 272 2781 mulare
298 2743 475 2782 volumus
494 2758 582 2783 eum
601 2745 743 2784 bellum
772 2758 903 2797 gerere
923 2746 1139 2791 nobiscum,
1169 2746 1386 2785 mortalium
1413 2746 1582 2784 omnium

124 2806 397 2844 stolidissimus
418 2814 534 2852 esset,
565 2808 596 2846 si
619 2807 658 2845 id
686 2815 937 2859 coargueret:
967 2821 1055 2847 nam
1085 2809 1116 2846 si
1141 2809 1273 2846 violati
1302 2815 1457 2858 negant,
1488 2808 1582 2858 quid

125 2874 188 2905 est
212 2867 371 2906 violanti
390 2868 634 2906 faciendum?
664 2870 741 2908 Sed
761 2870 827 2908 ubi
849 2884 920 2909 nos
940 2871 1045 2922 ipsos
1077 2870 1272 2917 invaserit,
1294 2869 1387 2919 quid
1413 2876 1494 2906 tum
1524 2869 1582 2907 di-

128 2929 284 2968 cemus?
316 2930 385 2968 Ille
405 2930 561 2982 quidem
591 2943 630 2968 sc
649 2931 791 2969 bellum
814 2945 947 2982 gerere
967 2933 1136 2984 negabit,
1158 2930 1484 2983 quemadmodum
1509 2943 1580 2969 nec
