1923 3149
761 369 1196 424 AUGERI

818 509 1139 558 ANALYSIS

594 639 990 684 PHILIPPICAE
1029 640 1359 684 SECUNDAE.

858 762 1096 810 Propositum.

299 847 416 891 QUUM
434 862 454 885 e
470 853 591 888 multis
602 853 678 898 jam
695 855 807 889 victor
823 856 991 890 evasisset
1009 856 1194 899 Philippus
1208 858 1244 889 et
1257 856 1370 889 multa
1386 858 1512 889 anctus
1529 858 1622 889 esset
1639 867 1701 901 po-

250 902 375 947 tentia,
395 907 551 941 animum
576 910 751 944 convertit
768 910 813 943 ad
839 910 1141 951 Peloponnesum.
1190 909 1309 952 Argos
1336 912 1372 942 ct
1394 910 1574 949 Messena,
1592 910 1698 954 hujus

247 956 403 999 regionis
425 960 665 994 celeberrimae
683 963 857 1001 civitates,
888 971 908 993 a
937 961 1069 1004 Sparta
1101 961 1360 1005 opprimendae,
1386 963 1625 1005 confugerunt
1653 964 1698 997 ad

247 1009 467 1056 Philippum.
517 1013 601 1054 Hic,
619 1014 717 1047 facta
731 1023 820 1057 paee
837 1023 921 1047 cum
938 1014 1233 1056 Atheniensibus,
1249 1017 1312 1060 qui
1335 1021 1565 1060 speraverant
1579 1018 1699 1062 ipsum

248 1064 467 1100 aThebanis
485 1065 737 1108 discessurum,
767 1068 812 1101 ab
837 1067 906 1101 illis
932 1068 1023 1102 adeo
1049 1079 1120 1103 non
1152 1070 1326 1112 discessit,
1356 1075 1395 1105 ut
1421 1072 1528 1105 etiam
1555 1083 1638 1106 cum
1656 1074 1699 1108 iis

246 1118 481 1154 victoriarum
497 1131 639 1155 suarum
658 1121 794 1156 fructus
816 1123 1020 1166 partiretur.
1068 1124 1206 1168 Spartae
1218 1124 1433 1169 jampridem
1451 1126 1587 1161 inimici
1603 1128 1700 1162 The-

247 1171 332 1207 bani
349 1185 371 1208 a
387 1175 554 1220 Philippo
569 1177 678 1210 etiam
696 1180 805 1222 atque
829 1178 937 1212 etiam
963 1178 1134 1223 petebant
1149 1183 1190 1213 ut
1206 1190 1327 1214 secum
1342 1183 1378 1214 et
1394 1191 1477 1214 cum
1495 1182 1639 1224 Argivis
1655 1194 1698 1217 ac

245 1225 428 1263 Messenis
439 1229 662 1274 jungeretur,
679 1242 751 1276 quo
768 1231 1129 1266 Lacedaemoniorum
1155 1234 1243 1268 vires
1265 1237 1304 1268 et
1326 1235 1464 1268 animos
1482 1235 1699 1272 debilitaret.

245 1280 396 1317 Illorum
424 1285 614 1328 postulatis
643 1297 755 1331 quum
781 1287 1028 1321 lubentissime
1051 1289 1237 1323 annuisset
1267 1300 1332 1323 rex
1362 1290 1604 1332 Macedoniae,
1633 1303 1699 1336 per

247 1334 536 1382 Amphictyonas
543 1340 653 1384 jussit
670 1344 709 1374 ut
723 1341 849 1385 Sparta
863 1342 1016 1385 Argivos
1031 1344 1068 1376 et
1081 1342 1283 1378 Messenios
1294 1345 1346 1378 sui
1359 1344 1450 1387 juris
1464 1355 1540 1379 esse
1553 1346 1698 1390 sineret,

248 1392 286 1423 et
302 1401 374 1435 quo
396 1393 581 1428 decretum
598 1396 826 1429 confirmaret
842 1397 1195 1441 Amphictyonicum‚
1211 1399 1409 1433 exercitum
1427 1400 1524 1434 misit
1539 1400 1576 1434 in
1593 1401 1699 1436 Pelo-

246 1452 459 1488 ponnesum.
506 1450 639 1484 Territi
657 1450 937 1493 Lacedaemonii,
952 1449 996 1485 ab
1012 1451 1294 1487 Atheniensibus
1310 1455 1514 1497 petiverunt
1529 1458 1570 1488 ut
1588 1456 1632 1489 ad
1660 1468 1698 1492 se

241 1501 427 1537 accedere
435 1506 475 1538 nt
504 1505 644 1550 sibique
663 1505 925 1540 auxiliarentur
953 1507 1109 1551 publicae
1142 1507 1309 1541 utilitatis
1339 1518 1459 1542 eausa.
1508 1507 1542 1543 E
1573 1514 1698 1545 contra

245 1554 446 1602 Philippus,
461 1559 638 1603 Thebani,
657 1560 782 1604 Argivi
806 1563 844 1594 et
870 1560 1060 1603 Messenii,
1077 1562 1124 1595 ab
1141 1562 1268 1596 iisdem
1283 1563 1457 1607 petebant
1473 1573 1518 1597 ne
1534 1564 1698 1600 faverent

246 1609 536 1647 Lacedaemoniis
562 1625 712 1659 regnum
743 1616 993 1650 affectantibus
1021 1617 1058 1650 in
1096 1617 1355 1662 Peloponneso.
1417 1619 1696 1664 Demosthenes,

247 1669 374 1701 ceteris
388 1669 573 1712 neglectis,
592 1673 629 1703 et
642 1669 680 1703 in
697 1670 733 1703 id
752 1671 849 1714 quod
878 1681 898 1704 e
926 1682 964 1704 re
995 1682 1069 1704 suae
1103 1671 1257 1706 civitatis
1286 1675 1363 1706 erat
1390 1673 1496 1706 unice
1521 1674 1694 1718 intentus,

245 1721 607 1757 Lacedaemoniorum
630 1725 810 1768 postulata
826 1725 917 1758 tueri
932 1735 1002 1758 non
1017 1725 1170 1766 dubitat,
1189 1726 1449 1771 contenditque
1468 1728 1696 1764 vehementer

245 1777 451 1823 Philippum
469 1778 675 1822 reipublicae
693 1778 922 1812 Atheniensis
938 1779 1122 1813 inimicum
1140 1790 1229 1821 esse,
1246 1783 1282 1813 et
1299 1791 1376 1814 esse
1395 1781 1538 1816 debere.

871 1889 1077 1925 Exordium.

294 1969 426 2002 Orator
441 1969 632 2013 exprobrat
649 1968 935 2003 Atheniensibus
957 1969 1054 2014 quod
1079 1969 1122 2002 iis
1147 1969 1294 2014 quidem
1312 1974 1473 2003 annuant
1487 1971 1550 2015 qui
1568 1972 1694 2014 planas

248 2023 383 2057 faciunt
400 2021 555 2066 Philippi
572 2022 729 2066 injurias,
748 2033 872 2056 verum
888 2023 1011 2056 audire
1029 2026 1065 2056 ct
1090 2023 1220 2057 auditis
1245 2034 1402 2057 annuere
1420 2026 1592 2066 contenti,
1607 2026 1693 2060 nihil

249 2080 357 2122 agant
371 2087 442 2120 quo
458 2076 515 2110 ille
542 2080 756 2111 coerceatur.
807 2078 907 2110 Dicit
924 2077 1134 2111 mutandam
1153 2088 1251 2111 nunc
1266 2089 1343 2111 esse
1361 2080 1571 2113 consulendi
1590 2082 1694 2114 ratio-

246 2142 342 2174 nem,
359 2135 395 2164 et
411 2134 571 2174 oportere
589 2133 628 2164 ut
638 2133 798 2164 oratores
816 2141 940 2164 omnes
957 2133 993 2164 et
1009 2132 1190 2164 auditores
1207 2132 1342 2175 optima
1358 2135 1394 2165 et
1409 2133 1578 2166 salutaria
1594 2134 1694 2167 facil-

247 2186 343 2221 limis
359 2185 680 2228 etjucundissimis
696 2186 917 2226 anteferant3
943 2196 980 2219 se
998 2186 1155 2230 quidem,
1173 2186 1260 2220 dum
1285 2187 1387 2220 multi
1415 2187 1527 2220 securi
1546 2191 1629 2221 sunt
1646 2188 1691 2222 de

247 2241 425 2286 Philippo,
443 2239 603 2274 arbitrari
619 2240 722 2274 illum
735 2250 812 2275 esse
831 2251 906 2274 suae
921 2240 1077 2273 civitatis
1094 2240 1245 2274 hostem.

858 2353 1093 2398 Confirmatio.

296 2443 344 2474 1⁰.
370 2439 556 2484 Philippus
577 2450 624 2473 ex
639 2440 680 2473 iis
697 2450 778 2483 quae
803 2438 885 2472 fecit
907 2439 1027 2472 statim
1051 2440 1131 2482 post
1156 2449 1282 2483 pacem
1311 2441 1412 2473 etex
1432 2440 1474 2473 iis
1491 2451 1571 2484 quae
1593 2452 1692 2476 nunc

247 2495 344 2534 facit,
358 2494 533 2538 praedicat
548 2505 585 2527 se
602 2493 736 2527 civitati
750 2493 961 2527 Atheniensi
979 2504 1055 2526 esse
1078 2493 1333 2533 adversarium,
1351 2504 1480 2536 nempe
1495 2495 1580 2528 dum
1604 2495 1693 2530 savit

244 2549 438 2587 Thebanis,
455 2552 599 2581 etimne
611 2548 705 2581 favet
719 2548 910 2581 Messeniis
927 2550 963 2580 et
981 2548 1008 2580 A
1017 2548 1140 2590 rgivis3
1165 2548 1259 2591 qnod
1274 2551 1465 2592 utrumque
1485 2549 1557 2591 egit
1569 2553 1604 2582 et
1618 2551 1692 2592 agit

246 2615 295 2638 ex
313 2614 387 2636 suae
403 2603 609 2646 cupiditatis
623 2603 823 2635 commodo.
875 2602 1061 2635 Praeterita
1077 2602 1172 2634 enim
1200 2603 1316 2646 ipsum
1343 2603 1473 2636 docent
1499 2603 1691 2636 Thebanos

245 2662 282 2692 et
308 2657 461 2700 Argivos
488 2658 553 2700 ipsi
571 2657 806 2700 opitulaturos
836 2667 983 2699 regnum
1011 2656 1046 2688 in
1075 2657 1217 2689 Graecia
1245 2658 1436 2698 affectanti,
1452 2657 1691 2692 Athenienses

244 2716 365 2746 autern
383 2712 499 2745 eidem
519 2722 629 2754 prava
645 2711 804 2744 molienti
819 2711 938 2743 valida
955 2711 1183 2744 contentione
1201 2711 1461 2745 adversaturos

290 2769 340 2800 2⁰.
367 2767 417 2801 At
430 2767 537 2807 enim,
555 2767 651 2800 dicet
667 2767 806 2810 aliquiS‚
826 2766 906 2799 idco
919 2766 1100 2800 Thebanis
1119 2765 1205 2799 savit
1219 2766 1406 2811 Philippus
1420 2767 1515 2811 quod
1534 2767 1690 2810 aequiora

244 2831 351 2866 quam
382 2820 620 2855 Athenienses
647 2821 882 2865 postularent.
932 2819 1036 2855 Alius
1064 2819 1161 2854 dicet
1190 2820 1350 2865 forsitan,
1384 2824 1549 2857 coactum
1582 2821 1689 2856 fuisse
