1923 3149
553 178 775 219 CONTRA
804 178 1194 218 TIMOCRATEM.
1535 183 1611 221 4129

167 290 253 331 quae
269 280 453 319 solvenda
473 281 649 328 fuissent,
670 295 747 320 non
774 283 1032 320 solventibus:
1062 295 1108 319 eo
1127 282 1291 333 denique
1311 295 1378 320 vos
1398 283 1549 334 redigit,
1570 293 1613 322 ut

166 343 463 393 frustrajurare‚
483 344 685 389 aestimare,
700 343 888 394 judicare,
914 342 1038 388 irasci,
1070 344 1195 380 omnia
1218 344 1357 389 facere,
1388 357 1457 382 vos
1486 353 1613 384 osten—

166 405 263 443 dat?
305 406 494 456 Equidem
516 406 692 443 existimo
714 406 888 450 Critiam,
909 406 976 456 qui
995 405 1069 442 fuit
1088 417 1190 442 unus
1211 419 1230 442 e
1251 406 1404 455 triginta
1426 409 1613 458 tyrannis,
1660 397 1665 404 .

166 465 197 503 si
217 480 331 516 quam
348 468 445 503 ferre
466 467 591 516 legem
610 466 738 512 vellet,
752 480 829 504 non
845 467 958 504 aliam
979 466 1098 503 fuisse
1114 465 1295 503 laturum.

220 531 284 571 25.
314 529 404 566 ,Iam
424 534 544 565 totam
570 528 756 565 confundi
776 527 1064 578 rempublicam,
1084 533 1122 564 et
1148 526 1276 573 omnia
1294 528 1450 577 negotia
1470 529 1614 568 destrui

164 589 250 639 lege
271 590 355 635 ista,
384 596 424 626 et
442 589 564 626 multa
587 595 813 626 ornamenta
842 595 982 626 nostrae
1012 587 1176 625 civitatis
1205 587 1363 633 aboleri,
1392 589 1429 625 id
1464 604 1616 641 quoque

163 650 276 688 facile
295 663 363 688 vos
392 656 484 700 puto
504 650 742 699 cognituros.
774 650 910 699 Neque
929 649 1030 687 enim
1059 649 1259 700 ignoratis,
1283 655 1453 686 nostram
1483 652 1616 690 urbem

165 711 474 761 expeditionibus
504 724 607 761 saepe
627 711 781 757 servari,
810 717 892 748 turn
923 710 1140 756 navalibus,
1169 717 1250 748 tum
1282 711 1547 760 pedestribus:
1579 720 1618 751 et

164 785 232 809 vos
262 773 385 810 multa
419 772 683 810 memorabilia
711 772 880 822 gessisse
902 775 983 820 jam
1013 772 1094 809 aliis
1126 771 1417 817 conservandis,
1440 772 1523 810 aliis
1545 788 1616 824 pu-

163 833 328 879 niendis,
342 833 424 871 aliis
438 833 742 871 reconciliandis.
764 834 862 871 Haeo
874 846 962 871 vero
971 846 1046 883 quo
1059 839 1174 884 pacto
1187 832 1493 871 administranda
1503 835 1616 873 sunt?

164 894 237 932 Per
253 894 593 933 senatusconsulta
605 900 643 932 et
656 894 784 945 leges:
806 902 847 932 ut
864 895 924 932 alii
942 895 1084 932 tributa
1098 894 1282 945 pendere,
1299 893 1360 931 alii
1374 894 1544 933 triremes
1559 896 1616 933 in-

163 963 322 1002 struere,
338 957 400 994 alii
421 956 615 1006 navigare,
631 956 693 993 alii
709 957 862 1007 singula
872 969 959 1006 quae
971 969 1067 1006 opus
1085 963 1185 1001 sunt,
1201 962 1384 1006 praestare
1396 956 1616 1007 jubeantur.

163 1018 262 1067 Quae
282 1016 336 1054 uti
351 1017 459 1062 fiant,
472 1023 510 1054 et
524 1016 725 1068 injudieiis
740 1018 958 1067 frequentes
972 1017 1127 1062 adestis,
1141 1024 1179 1055 et
1194 1017 1244 1055 ad
1255 1017 1410 1054 vincula
1425 1017 1617 1056 damnatis

162 1078 306 1115 ordinis
327 1078 624 1128 perturbatores.
654 1078 907 1116 Considerate
922 1091 1011 1116 vero
1029 1079 1247 1129 praestantis
1260 1079 1371 1115 istius
1390 1078 1457 1115 viri
1478 1078 1618 1129 legem,

162 1144 400 1189 quantopere
422 1138 605 1188 impediat
622 1138 720 1184 haec,
741 1145 780 1176 et
798 1145 1031 1189 corrumpat.
1062 1139 1254 1190 Scriptum
1275 1146 1334 1177 est
1352 1139 1493 1190 inejus
1508 1139 1618 1190 lege:

162 1199 379 1236 tametsi
423 1199 639 1236 aerarius
690 1199 872 1249 aliquis
922 1200 1154 1238 vinculis
1205 1201 1272 1238 sit
1321 1200 1617 1249 damnatus,

164 1266 249 1298 aut
277 1259 435 1297 etiam
470 1259 516 1296 in
551 1266 813 1309 posterum
852 1261 1125 1307 damnetur,
1158 1262 1198 1298 ei
1232 1262 1389 1299 licere
1423 1264 1619 1300 consti-⁷

163 1321 291 1358 tutis
321 1321 564 1365 vadibus,
609 1321 964 1370 promittenti,
1008 1335 1062 1360 se
1093 1323 1227 1360 bona
1257 1322 1351 1359 fide
1388 1335 1520 1360 nono
1548 1337 1616 1361 se-

162 1388 306 1420 natus
336 1388 579 1419 conventu
609 1371 863 1431 argentum
897 1378 1192 1428 soluturum,
1226 1383 1358 1419 exire
1390 1381 1617 1421 vinculis.

163 1443 277 1481 Unde
297 1443 412 1492 igitur
429 1449 667 1480 commeatus
694 1441 903 1493 suppetet?
948 1443 1037 1484 Quo
1065 1444 1181 1482 modo
1207 1443 1377 1480 mittetur
1406 1444 1618 1482 exercitus?

162 1506 249 1547 Quo
282 1511 397 1554 pacto
442 1500 646 1553 pecuniam
691 1505 903 1553 exigemus,
942 1504 974 1542 si
1006 1506 1269 1554 unusquisque
1310 1505 1460 1542 debitor
1503 1507 1618 1545 vades

159 1579 209 1604 ex
240 1565 349 1603 istius
380 1565 464 1615 lege
496 1565 656 1608 dederit,
692 1565 860 1603 officium
889 1566 1025 1603 fecerit
1053 1565 1193 1603 nemo?
1224 1566 1412 1616 Nunquid
1443 1567 1615 1606 dicemus

161 1625 325 1671 Graecis,
345 1625 573 1663 Timocratis
599 1626 660 1663 lex
680 1633 740 1664 est
760 1627 863 1677 apud
882 1640 966 1673 nos,
987 1626 1146 1677 proinde
1167 1640 1307 1664 novum
1340 1635 1499 1667 senatus
1523 1643 1615 1667 con-

158 1694 315 1725 ventum
331 1693 612 1738 exspectatote,
631 1694 713 1725 tum
733 1688 887 1725 demum
908 1687 1175 1739 egrediemur?
1206 1689 1296 1726 Hoc
1311 1689 1412 1727 enim
1426 1691 1615 1741 reliquum

160 1755 230 1786 est.
262 1748 378 1790 Quod
399 1749 429 1786 si
449 1754 578 1786 nostra
598 1749 731 1786 civitas
751 1749 821 1802 erit
839 1749 1097 1795 defendenda,
1118 1762 1208 1787 num
1229 1751 1374 1800 putatis
1393 1752 1525 1790 hostes
1547 1753 1615 1789 im-

159 1810 366 1859 proborum
396 1809 534 1847 civium
563 1810 900 1860 tergiversationes
926 1816 966 1847 et
987 1810 1182 1848 elusiones
1203 1811 1395 1861 improbas
1416 1820 1616 1863 exspecta-

159 1870 294 1907 turos?
325 1870 365 1906 Si
385 1870 514 1921 leges,
537 1867 622 1920 quae
643 1870 766 1921 ipsam
797 1872 930 1908 urbem
957 1864 1184 1921 impediunt,
1212 1872 1390 1918 tuleritis,
1412 1881 1448 1911 et
1476 1874 1614 1912 rationi

158 1932 332 1969 utilitatis
352 1939 626 1982 repugnantes,
646 1932 815 1982 nunquid
837 1932 964 1969 officio
984 1932 1064 1969 ulla
1082 1945 1128 1969 ex
1149 1939 1257 1983 parte
1274 1933 1514 1983 fungemini?
1543 1935 1615 1971 At-

159 1993 222 2043 qui
252 1993 434 2044 praeclare
474 1994 675 2031 nobiscum
705 1994 766 2045 agi
801 1993 1031 2045 putandum,
1061 1994 1105 2038 si,
1134 2007 1223 2031 cum
1251 1995 1380 2032 omnia
1408 1995 1550 2033 fuerint
1575 1996 1613 2034 in

158 2054 299 2099 officio,
314 2067 385 2091 nec
406 2054 488 2090 ulla
506 2054 592 2091 talis
612 2054 673 2091 lex
693 2054 937 2099 interturbet,
956 2054 1089 2092 hostes
1111 2068 1349 2105 superemus,
1370 2056 1400 2093 si
1420 2069 1491 2094 nec
1513 2057 1613 2095 cele-

157 2115 269 2151 ritate
302 2114 567 2160 destituamur,
597 2128 670 2152 nec
698 2115 790 2152 belli
823 2114 1048 2152 occasiones
1079 2109 1300 2153 deseramus
1332 2129 1516 2166 unquam,
1545 2118 1614 2156 sed

156 2175 272 2226 pleno
292 2175 413 2225 gradu
434 2188 730 2226 consequamur.
788 2175 903 2218 Quod
924 2175 955 2212 si
981 2188 1065 2212 eam
1086 2181 1124 2212 te
1152 2175 1279 2225 legem
1299 2176 1429 2214 tulisse
1450 2185 1613 2224 constat,

157 2249 239 2285 qua.
252 2236 348 2274 tales
368 2249 428 2274 res
459 2236 673 2282 abolentur,
692 2249 778 2286 quae
806 2242 949 2273 nostrae
978 2235 1141 2273 civitatis
1172 2237 1416 2287 splendorem
1437 2245 1476 2276 et
1495 2243 1613 2288 maje-

155 2302 296 2335 statem
316 2297 459 2348 ubique
479 2304 683 2342 auxerunt,
706 2310 835 2334 annon
855 2297 989 2347 quovis
1009 2297 1199 2348 supplicio
1212 2298 1298 2349 jure
1320 2299 1526 2337 afficereris
1545 2300 1561 2336 ἲ

210 2359 271 2395 26.
306 2359 480 2409 Insuper,
500 2358 775 2403 Athenienses,
794 2357 997 2408 vectigalia
1008 2358 1122 2404 tollit,
1138 2365 1218 2395 tum
1232 2371 1342 2396 sacra
1356 2366 1436 2396 tum
1446 2361 1612 2409 publica.

158 2421 275 2464 Quod
294 2420 489 2470 quomodo
508 2420 589 2464 fiat,
609 2433 681 2470 ego
702 2419 840 2457 dicam.
879 2419 951 2457 Est
970 2419 1075 2457 vobis
1093 2426 1178 2457 rata
1196 2419 1274 2464 lex,
1297 2427 1335 2457 et
1352 2421 1552 2471 praeclara,
1571 2430 1615 2461 ut

157 2483 188 2520 si
208 2495 286 2532 qua
304 2481 391 2526 alia,
418 2481 482 2531 qui
502 2488 581 2518 tam
609 2493 758 2518 sacram
787 2493 901 2531 quam
928 2481 1122 2531 publicam
1140 2481 1341 2531 pecuniam
1362 2488 1507 2528 tenent,
1529 2496 1612 2520 eam

156 2551 199 2582 ut
218 2544 254 2580 in
276 2543 382 2580 curia
401 2547 622 2579 numerent:
655 2541 713 2578 sin
734 2541 872 2588 minus,
893 2548 937 2578 ut
957 2547 1115 2579 senatus
1135 2541 1263 2591 exigat
1281 2541 1325 2579 iis
1353 2542 1502 2592 legibus
1525 2557 1612 2592 quae

156 2606 193 2642 in
214 2603 441 2655 publicanos
469 2602 557 2639 latae
586 2608 688 2640 sunt.
726 2602 801 2640 Per
818 2615 902 2640 eam
922 2609 1050 2640 autem
1064 2602 1189 2653 legem
1210 2603 1429 2640 communia
1450 2603 1612 2639 admini-

157 2671 339 2704 strantur.
372 2663 473 2700 Nam
483 2676 569 2713 quae
583 2663 621 2700 in
634 2664 855 2710 conciones,
871 2663 907 2700 in
924 2663 1122 2710 sacrificia,
1137 2664 1174 2701 in
1192 2671 1381 2708 senatum,
1399 2664 1436 2700 in
1448 2664 1609 2713 equites,

156 2729 326 2777 aliasque
345 2739 405 2763 res
424 2727 680 2772 insumuntur,
700 2725 814 2777 hujus
834 2726 932 2777 legis
953 2727 1080 2763 omnia
1104 2727 1292 2764 beneficio
1323 2733 1609 2775 comparantur,

157 2796 196 2827 et
224 2787 486 2839 suppeditant.
548 2786 646 2823 Cum
663 2787 777 2836 'enim
802 2787 1050 2841 vectigalium
1083 2787 1228 2824 reditus
1261 2786 1473 2835 sumptibus
1507 2787 1610 2824 urbis

154 2850 261 2888 haud
285 2849 490 2895 sufficiant,
511 2848 747 2898 adjectiones
768 2862 865 2900 quas
884 2862 1080 2895 vocamus,
1101 2849 1212 2899 hujus
1233 2848 1330 2898 legis
1350 2854 1454 2885 metu
1473 2862 1608 2887 nume-

156 2918 300 2950 rantur.
331 2911 408 2954 Qui
430 2911 566 2962 poterit
587 2910 701 2962 igitur
728 2911 825 2962 fieri,
851 2913 942 2963 quin
969 2911 1085 2950 totius
1111 2910 1277 2948 civitatis
1307 2915 1431 2948 status
1462 2910 1607 2949 labefa-
