1923 3149
711 163 784 200 DE
814 163 1054 202 CORONA.
1537 158 1608 194 187

171 267 279 310 pater
297 266 385 298 tuus
407 260 566 300 Tromes
586 263 689 313 apud
705 263 854 314 Elpiam
873 263 937 313 qui
962 262 1011 300 ad
1033 261 1174 300 Thesei
1193 262 1323 299 fanum
1343 263 1507 300 docebat
1525 262 1610 301 lite-

169 334 230 359 ras
264 322 462 370 serviebat,
489 325 628 362 crassis
656 324 905 374 compedibus
938 331 977 361 et
1006 323 1112 373 ligno
1142 323 1399 360 constrictus?
1429 335 1476 359 an
1503 323 1609 372 quod

168 389 289 420 mater
308 391 374 421 tua
401 385 629 434 quotidianis
657 385 795 436 nuptiis
825 385 863 421 in
888 384 1031 421 fornice
1059 386 1169 431 juxta
1202 383 1425 420 Calamitem
1454 383 1608 421 heroem

169 455 321 493 operam
342 458 427 482 curn
449 445 566 488 daret,
587 445 801 496 elegantem
821 458 905 483 eam
936 451 1102 483 statuam
1131 452 1170 482 et
1197 456 1383 480 summum
1414 443 1608 480 tertiarum

170 505 336 555 partium
361 505 578 543 histrionem
606 507 797 544 nutriebat
830 505 893 544 te?
949 506 1065 556 Atqui
1100 505 1182 542 haec
1213 517 1346 542 ornnes
1379 511 1532 548 norunt,
1553 512 1610 541 et-

170 564 278 603 iamsi
295 579 367 616 ego
385 566 681 617 praetermittam.
736 567 797 603 An
818 566 923 616 quod
949 579 1032 604 eam
1052 566 1228 604 nauticus
1246 565 1309 603 ille
1327 564 1471 602 tibicen
1492 564 1613 601 Phor-

170 626 245 663 mio
283 626 419 663 Dionis
451 626 663 664 Phrearrhii
696 640 826 665 servus
859 629 906 665 ab
936 627 1205 666 honestissimo
1237 627 1310 664 hoc
1340 631 1491 678 quaestu
1523 637 1613 662 avo-

171 688 287 725 cabat
300 687 315 724 2

221 750 286 785 41.
316 749 457 786 Verum
477 763 542 800 per
567 751 705 789 Jovem
727 751 896 801 deosque
917 755 1073 789 omnes!
1102 763 1234 789 vereor
1252 762 1315 795 ne,
1337 749 1430 787 dum
1444 748 1493 786 de
1514 754 1551 786 te
1568 760 1615 786 ea

170 808 257 846 dico
276 822 362 859 quae
382 809 419 847 in
439 817 476 848 te
494 813 738 858 conveniant,
758 812 838 863 ipse
858 812 950 850 mihi
970 808 1123 863 quidein
1143 824 1278 862 parum
1297 823 1509 861 congruum
1530 822 1612 847 sus-

170 869 319 920 cepisse
340 870 469 908 videar
499 885 724 910 sermonem.
781 873 878 910 Haec
905 873 1020 923 igitur
1039 873 1159 910 missa
1176 872 1331 915 faciam,
1354 872 1401 909 ab
1422 871 1465 908 iis
1485 877 1613 908 autem

171 930 297 968 ordiar
322 944 408 980 quae
429 932 511 982 ipse
536 933 574 970 in
597 934 675 971 vita
695 934 826 984 gessit.
883 934 974 972 Non
999 934 1096 972 enim
1118 946 1165 971 ex
1186 933 1317 984 quovis
1334 931 1533 969 hominum
1549 943 1614 981 ge-

169 1004 258 1029 nere
270 991 353 1038 fuit,
373 993 441 1029 sed
461 1006 510 1030 ex
525 994 568 1031 iis
587 1008 682 1044 quos
698 995 861 1044 populus
877 1001 1108 1033 exsecratur.
1165 994 1259 1031 Sero
1273 993 1372 1031 enim
1392 992 1614 1037 tandem—,

169 1064 254 1090 sero
281 1051 442 1102 loquor?
470 1053 583 1091 immo
603 1067 691 1092 vero
710 1055 791 1092 heri
810 1061 849 1091 et
867 1068 987 1105 nuper
1014 1055 1126 1091 simul
1148 1061 1187 1092 et
1201 1054 1449 1092 Atheniensis
1469 1059 1508 1090 et
1530 1065 1614 1090 ora-

171 1119 230 1149 tor
249 1121 308 1150 est
334 1113 470 1160 factus,
487 1127 531 1151 ac
552 1115 701 1152 duabus
723 1115 881 1166 syllabis
900 1115 1058 1162 adjectis
1077 1121 1224 1164 patrem
1244 1128 1312 1164 pro
1330 1115 1507 1152 Tromete
1525 1113 1620 1151 fecit

171 1175 429 1220 Atrometum,
450 1182 609 1213 matrem
623 1182 752 1212 autem
770 1175 978 1212 honorifice
992 1188 1084 1212 sane
1099 1174 1380 1213 Glaucotheam
1396 1174 1618 1221 nominavit,

170 1247 284 1285 quam
305 1234 512 1286 Empusam
543 1248 675 1273 omnes
703 1236 830 1274 sciunt
851 1236 1070 1281 vocitatam,
1090 1242 1213 1274 tracto
1233 1236 1409 1273 videlicet
1422 1236 1510 1273 inde
1525 1248 1618 1285 cog-

170 1295 325 1334 nomine
344 1296 450 1346 quod
469 1297 597 1335 omnia
623 1304 662 1334 et
690 1298 835 1335 faceret
866 1304 905 1335 et
932 1302 1152 1348 pateretur:
1182 1297 1284 1334 unde
1317 1297 1418 1335 enim
1447 1296 1619 1347 alioqui?

173 1357 224 1394 Et
240 1364 369 1396 tamen
387 1358 439 1396 ita
458 1358 630 1409 ingratus
651 1371 692 1397 es
712 1365 826 1409 atque
854 1358 1050 1408 improbus
1081 1364 1230 1403 natura,
1262 1365 1304 1395 ut
1330 1359 1425 1396 liber
1444 1372 1490 1396 ex
1509 1370 1618 1396 servo

173 1426 212 1457 et
225 1419 333 1458 dives
349 1433 397 1458 ex
416 1426 552 1471 egente
566 1420 701 1459 horum
719 1420 906 1459 beneficio
925 1421 1066 1466 factus,
1081 1433 1158 1458 non
1173 1419 1291 1458 modo
1305 1432 1382 1456 non
1399 1419 1559 1470 gratiam
1573 1419 1618 1456 iis

171 1481 327 1528 habeas,
347 1482 417 1520 sed
435 1489 474 1520 et
491 1495 605 1533 opera
623 1490 690 1521 tua
707 1483 836 1521 locata
855 1488 990 1521 contra
1007 1482 1079 1520 hos
1100 1495 1219 1533 remp.
1241 1495 1364 1533 geras·

227 1545 293 1581 42.
322 1543 448 1594 Atque
481 1557 527 1582 ea
559 1545 715 1596 quidem
747 1545 794 1582 de
827 1545 963 1595 quibus
999 1543 1256 1582 controversia
1284 1549 1357 1590 est,
1390 1548 1518 1581 utrum
1550 1555 1619 1593 pro

174 1604 371 1655 republica
401 1605 505 1643 dicta
532 1606 608 1644 sint
635 1607 682 1643 ab
709 1606 774 1644 illo
804 1618 939 1653 necne,
977 1606 1290 1656 praetermittam:
1321 1617 1408 1654 quae
1438 1616 1527 1641 vero
1551 1617 1619 1654 pro

174 1663 349 1704 hostibus
383 1667 634 1717 proculdubio
671 1680 782 1718 agere
816 1673 1034 1717 compertus
1070 1673 1142 1711 est,
1177 1666 1263 1703 haec
1300 1665 1618 1703 commemorabo.

176 1726 272 1770 Quis
290 1728 392 1765 enim
419 1736 585 1766 vestrum
610 1729 886 1779 Antiphontem
912 1728 1018 1765 illum
1051 1728 1152 1766 tribu
1182 1734 1327 1765 motum
1360 1727 1524 1777 ignorat,
1556 1726 1620 1776 qui

174 1787 351 1839 Philippo
381 1789 572 1839 pollicitus
595 1803 635 1827 se
664 1789 815 1827 navalia
838 1796 964 1826 vestra
990 1789 1234 1827 incensurum
1259 1788 1297 1825 in
1330 1788 1464 1825 urbem
1489 1785 1623 1824 venit?

176 1861 290 1898 quem
308 1862 396 1886 cum
412 1862 485 1900 ego
511 1850 693 1887 latentem
712 1850 751 1887 in
768 1849 915 1887 Piraeeo
941 1848 1270 1900 deprehenderam
1289 1860 1495 1898 coramque
1514 1847 1621 1884 vobis

173 1909 212 1947 in
233 1911 416 1950 concione
442 1911 711 1962 produxeram,
738 1911 938 1948 clamitans
957 1910 1149 1960 malignus
1169 1910 1240 1947 iste
1259 1916 1297 1946 et
1317 1908 1540 1953 vociferans,
1561 1921 1622 1945 me

176 1970 214 2008 in
232 1971 384 2010 civitate
403 1973 523 2010 libera
545 1972 707 2023 indigna
724 1973 849 2010 facere
876 1972 942 2022 qui
962 1970 1194 2010 calamitosis
1221 1970 1369 2008 civibus
1398 1969 1622 2006 insultarem

175 2038 291 2082 atque
311 2033 417 2071 aedes
436 2033 653 2072 invaderem
675 2035 757 2072 sine
777 2034 949 2079 decreto,
965 2033 1127 2084 perfecit
1143 2038 1186 2069 ut
1205 2031 1466 2069 dimitteretur.
1507 2029 1623 2073 Quod

176 2093 250 2131 nisi
269 2104 424 2133 senatus
446 2095 737 2146 Areopagiticus
757 2108 797 2133 re
816 2094 1028 2140 intellecta,
1056 2106 1145 2132 cum
1168 2091 1426 2143 imprudentia
1449 2090 1529 2128 labi
1551 2103 1622 2128 vos

178 2155 410 2193 alienissimo
442 2162 612 2206 tempore
641 2156 801 2201 videret,
832 2155 1023 2193 hominem
1056 2154 1343 2205 perquisivisset
1373 2152 1624 2202 comprehen—

179 2229 341 2267 sumque
356 2216 404 2254 ad
422 2230 490 2254 vos
509 2217 740 2263 reduxisset,
760 2223 914 2268 ereptus
933 2223 1036 2254 esset
1053 2216 1169 2253 homo
1187 2214 1274 2252 talis
1289 2212 1482 2264 justisque
1500 2213 1623 2263 poenis

179 2277 297 2316 elusis
321 2291 344 2315 a
369 2277 623 2328 grandiloquo
650 2278 723 2316 hoc
756 2284 906 2316 oratore
932 2283 1036 2316 esset
1068 2276 1272 2314 dimissus:
1303 2287 1405 2311 nunc
1424 2286 1514 2311 vero
1535 2287 1622 2311 eum

180 2338 392 2389 quaestione
418 2338 549 2376 habita
577 2346 698 2377 morte
726 2339 920 2383 affecistis,
947 2351 1024 2387 qua
1051 2336 1152 2374 hunc
1179 2335 1293 2373 etiam
1319 2333 1416 2372 affici
1443 2335 1624 2384 oportuit.

183 2400 317 2450 Itaque
335 2413 423 2438 cum
442 2400 526 2437 haec
541 2400 656 2438 sciret
673 2414 757 2451 quae
778 2407 859 2437 tum
879 2400 928 2437 ab
958 2411 1004 2436 eo
1035 2403 1144 2448 gesta
1166 2402 1257 2434 sunt
1275 2401 1430 2434 senatus
1452 2395 1624 2445 Areopa-

183 2460 334 2511 giticus,
350 2474 494 2511 vosque
514 2474 600 2499 eum
624 2474 692 2512 per
711 2461 871 2499 eandem
886 2458 1152 2511 ignorantiam,
1170 2470 1239 2508 per
1266 2469 1381 2506 quam
1402 2456 1521 2493 multa
1541 2457 1624 2506 jam

179 2521 221 2558 in
256 2521 449 2571 republica
479 2522 704 2573 projecistis,
726 2529 893 2560 actorem
910 2527 1078 2559 vestrum
1093 2520 1130 2556 in
1149 2518 1390 2556 controversia
1410 2517 1458 2555 de
1482 2517 1624 2567 templo

184 2583 347 2620 Deliaco
367 2581 555 2633 suffragiis
569 2583 705 2622 vestris
724 2582 976 2629 creavissetis,
990 2580 1218 2629 simulatque
1237 2584 1413 2616 senatum
1433 2577 1537 2614 illum
1557 2577 1625 2614 ad-

183 2644 350 2682 vocastis
365 2643 475 2694 eique
493 2657 572 2681 rem
593 2644 832 2695 permisistis,
853 2645 967 2682 istum
985 2643 1016 2680 is
1035 2641 1190 2692 quidem
1218 2639 1401 2678 continuo
1433 2638 1563 2688 rejecit
1584 2645 1625 2674 ut

183 2705 428 2755 proditorem,
460 2703 645 2755 Hyperidi
674 2712 800 2743 autem
832 2717 986 2742 causam
1011 2703 1112 2740 hanc
1139 2699 1357 2739 mandavit:
1388 2705 1502 2747 atque
1529 2696 1625 2740 haec,

184 2778 272 2803 cum
291 2779 336 2804 ex
357 2778 424 2803 ara
448 2765 635 2802 ferrentur
661 2766 828 2812 tabellae,
864 2765 996 2816 gessit,
1030 2776 1155 2814 neque
1187 2762 1266 2799 ulla
1293 2759 1446 2798 omnino
1484 2757 1626 2795 tabella

185 2826 248 2864 isti
265 2826 414 2879 impuro
433 2825 643 2876 suffragata
661 2833 734 2865 est.
789 2828 886 2869 Quae
908 2833 950 2864 ut
973 2838 1059 2864 vere
1079 2838 1101 2863 a
1123 2837 1183 2862 me
1199 2823 1274 2861 dici
1293 2825 1456 2866 constet,
1478 2818 1627 2856 advoca

188 2888 278 2926 mihi
290 2903 420 2928 earum
438 2902 564 2928 rerum
584 2895 715 2927 testes.
