<?xml version="1.0" encoding="UTF-8"?>
<!DOCTYPE html PUBLIC "-//W3C//DTD XHTML 1.0 Transitional//EN"
    "http://www.w3.org/TR/xhtml1/DTD/xhtml1-transitional.dtd">
<html xmlns="http://www.w3.org/1999/xhtml" xml:lang="en" lang="en">
 <head>
  <title>
</title>
<meta http-equiv="Content-Type" content="text/html;charset=utf-8" />
  <meta name='ocr-system' content='tesseract 3.04.00' />
  <meta name='ocr-capabilities' content='ocr_page ocr_carea ocr_par ocr_line ocrx_word'/>
</head>
<body>
  <div class='ocr_page' id='page_1' title='image "./oratoresatticie15dobs_0078.png"; bbox 0 0 1923 3149; ppageno 0'>
   <div class='ocr_carea' id='block_1_1' title="bbox 272 99 1313 142">
    <p class='ocr_par' dir='ltr' id='par_1_1' title="bbox 272 99 1313 142">
     <span class='ocr_line' id='line_1_1' title="bbox 272 99 1313 142; baseline 0.009 -11"><span class='ocrx_word' id='word_1_1' title='bbox 272 102 320 137; x_wconf 75' lang='grc'>64</span> <span class='ocrx_word' id='word_1_2' title='bbox 668 99 872 138; x_wconf 83' lang='lat' dir='ltr'><strong>ORATIO</strong></span> <span class='ocrx_word' id='word_1_3' title='bbox 905 102 978 139; x_wconf 89' lang='lat' dir='ltr'>DE</span> <span class='ocrx_word' id='word_1_4' title='bbox 1009 103 1313 142; x_wconf 85' lang='lat' dir='ltr'>HALONESO.</span> 
     </span>
    </p>
   </div>
   <div class='ocr_carea' id='block_1_2' title="bbox 259 205 1727 2764">
    <p class='ocr_par' dir='ltr' id='par_1_2' title="bbox 263 205 1709 499">
     <span class='ocr_line' id='line_1_2' title="bbox 268 205 1707 252; baseline 0.003 -15"><span class='ocrx_word' id='word_1_5' title='bbox 268 215 343 238; x_wconf 82' lang='lat' dir='ltr'>non</span> <span class='ocrx_word' id='word_1_6' title='bbox 364 209 674 252; x_wconf 82' lang='lat' dir='ltr'>corrumpentur;</span> <span class='ocrx_word' id='word_1_7' title='bbox 705 215 831 241; x_wconf 86' lang='lat' dir='ltr'>nonne</span> <span class='ocrx_word' id='word_1_8' title='bbox 851 217 932 251; x_wconf 81' lang='lat' dir='ltr'>vos,</span> <span class='ocrx_word' id='word_1_9' title='bbox 951 205 981 242; x_wconf 91' lang='lat' dir='ltr'>si</span> <span class='ocrx_word' id='word_1_10' title='bbox 1001 205 1083 244; x_wconf 82' lang='lat' dir='ltr'>hoec</span> <span class='ocrx_word' id='word_1_11' title='bbox 1100 206 1512 251; x_wconf 83' lang='lat' dir='ltr'>admittatis,omnibus</span> <span class='ocrx_word' id='word_1_12' title='bbox 1529 206 1566 242; x_wconf 88' lang='lat' dir='ltr'>in</span> <span class='ocrx_word' id='word_1_13' title='bbox 1586 205 1707 244; x_wconf 88' lang='lat' dir='ltr'>conti-</span> 
     </span>
     <span class='ocr_line' id='line_1_3' title="bbox 263 262 1707 310; baseline 0.003 -12"><span class='ocrx_word' id='word_1_14' title='bbox 263 269 376 299; x_wconf 87' lang='lat' dir='ltr'>nente</span> <span class='ocrx_word' id='word_1_15' title='bbox 396 262 530 300; x_wconf 89' lang='lat' dir='ltr'>ceditis</span> <span class='ocrx_word' id='word_1_16' title='bbox 551 263 630 300; x_wconf 88' lang='lat' dir='ltr'>sine</span> <span class='ocrx_word' id='word_1_17' title='bbox 653 262 731 301; x_wconf 88' lang='lat' dir='ltr'>ulla</span> <span class='ocrx_word' id='word_1_18' title='bbox 763 267 1033 310; x_wconf 84' lang='lat' dir='ltr'>controversia,</span> <span class='ocrx_word' id='word_1_19' title='bbox 1062 274 1101 303; x_wconf 91' lang='lat' dir='ltr'>et</span> <span class='ocrx_word' id='word_1_20' title='bbox 1120 266 1343 304; x_wconf 85' lang='lat' dir='ltr'>mortalibus</span> <span class='ocrx_word' id='word_1_21' title='bbox 1364 267 1549 304; x_wconf 85' lang='lat' dir='ltr'>universis</span> <span class='ocrx_word' id='word_1_22' title='bbox 1576 273 1707 304; x_wconf 88' lang='lat' dir='ltr'>osten-</span> 
     </span>
     <span class='ocr_line' id='line_1_4' title="bbox 264 315 1707 378; baseline 0.003 -19"><span class='ocrx_word' id='word_1_23' title='bbox 264 323 367 368; x_wconf 87' lang='lat' dir='ltr'>ditis,</span> <span class='ocrx_word' id='word_1_24' title='bbox 387 336 452 361; x_wconf 91' lang='lat' dir='ltr'>vos</span> <span class='ocrx_word' id='word_1_25' title='bbox 475 315 542 374; x_wconf 85' lang='lat' dir='ltr'>pro</span> <span class='ocrx_word' id='word_1_26' title='bbox 570 324 677 362; x_wconf 88' lang='lat' dir='ltr'>nulla</span> <span class='ocrx_word' id='word_1_27' title='bbox 695 337 734 363; x_wconf 90' lang='lat' dir='ltr'>re</span> <span class='ocrx_word' id='word_1_28' title='bbox 754 339 925 376; x_wconf 84' lang='lat' dir='ltr'>pugnam</span> <span class='ocrx_word' id='word_1_29' title='bbox 955 327 1128 364; x_wconf 81' lang='lat' dir='ltr'>cum-illo</span> <span class='ocrx_word' id='word_1_30' title='bbox 1148 333 1412 378; x_wconf 84' lang='lat' dir='ltr'>suscepturos,</span> <span class='ocrx_word' id='word_1_31' title='bbox 1433 328 1618 378; x_wconf 85' lang='lat' dir='ltr'>siquidem</span> <span class='ocrx_word' id='word_1_32' title='bbox 1637 339 1707 378; x_wconf 91' lang='lat' dir='ltr'>pro</span> 
     </span>
     <span class='ocr_line' id='line_1_5' title="bbox 265 383 1709 439; baseline 0.004 -19"><span class='ocrx_word' id='word_1_33' title='bbox 265 383 422 434; x_wconf 88' lang='lat' dir='ltr'>imperio</span> <span class='ocrx_word' id='word_1_34' title='bbox 442 384 570 430; x_wconf 88' lang='lat' dir='ltr'>maris,</span> <span class='ocrx_word' id='word_1_35' title='bbox 586 385 623 422; x_wconf 93' lang='lat' dir='ltr'>in</span> <span class='ocrx_word' id='word_1_36' title='bbox 644 398 720 435; x_wconf 90' lang='lat' dir='ltr'>quo</span> <span class='ocrx_word' id='word_1_37' title='bbox 740 400 809 425; x_wconf 92' lang='lat' dir='ltr'>vos</span> <span class='ocrx_word' id='word_1_38' title='bbox 829 394 1004 437; x_wconf 88' lang='lat' dir='ltr'>potentes</span> <span class='ocrx_word' id='word_1_39' title='bbox 1024 400 1108 425; x_wconf 91' lang='lat' dir='ltr'>essc</span> <span class='ocrx_word' id='word_1_40' title='bbox 1129 387 1356 438; x_wconf 83' lang='lat' dir='ltr'>gloriamini,</span> <span class='ocrx_word' id='word_1_41' title='bbox 1377 401 1452 426; x_wconf 93' lang='lat' dir='ltr'>non</span> <span class='ocrx_word' id='word_1_42' title='bbox 1473 388 1709 439; x_wconf 83' lang='lat' dir='ltr'>pugnabitiS‚</span> 
     </span>
     <span class='ocr_line' id='line_1_6' title="bbox 267 445 1061 499; baseline 0.004 -17"><span class='ocrx_word' id='word_1_43' title='bbox 267 445 333 482; x_wconf 90' lang='lat' dir='ltr'>sed</span> <span class='ocrx_word' id='word_1_44' title='bbox 355 446 582 484; x_wconf 82' lang='lat' dir='ltr'>sententiam</span> <span class='ocrx_word' id='word_1_45' title='bbox 595 446 739 497; x_wconf 86' lang='lat' dir='ltr'>judicis</span> <span class='ocrx_word' id='word_1_46' title='bbox 760 448 1061 499; x_wconf 75' lang='lat' dir='ltr'>exspectabitis?</span> 
     </span>
    </p>

    <p class='ocr_par' dir='ltr' id='par_1_3' title="bbox 259 507 1726 2259">
     <span class='ocr_line' id='line_1_7' title="bbox 320 507 1711 562; baseline 0.004 -19"><span class='ocrx_word' id='word_1_47' title='bbox 320 509 357 544; x_wconf 88' lang='lat'>3.</span> <span class='ocrx_word' id='word_1_48' title='bbox 387 507 475 544; x_wconf 83' lang='lat' dir='ltr'>Jam</span> <span class='ocrx_word' id='word_1_49' title='bbox 495 507 598 557; x_wconf 92' lang='lat' dir='ltr'>quod</span> <span class='ocrx_word' id='word_1_50' title='bbox 620 508 669 545; x_wconf 85' lang='lat' dir='ltr'>ad</span> <span class='ocrx_word' id='word_1_51' title='bbox 689 516 804 559; x_wconf 88' lang='lat' dir='ltr'>pacta</span> <span class='ocrx_word' id='word_1_52' title='bbox 830 516 868 547; x_wconf 90' lang='lat' dir='ltr'>et</span> <span class='ocrx_word' id='word_1_53' title='bbox 892 517 1080 548; x_wconf 81' lang='lat' dir='ltr'>conventa</span> <span class='ocrx_word' id='word_1_54' title='bbox 1104 509 1256 555; x_wconf 85' lang='lat' dir='ltr'>attinet,</span> <span class='ocrx_word' id='word_1_55' title='bbox 1286 524 1326 549; x_wconf 91' lang='lat' dir='ltr'>se</span> <span class='ocrx_word' id='word_1_56' title='bbox 1352 510 1540 562; x_wconf 86' lang='lat' dir='ltr'>quosdam</span> <span class='ocrx_word' id='word_1_57' title='bbox 1566 510 1711 548; x_wconf 83' lang='lat' dir='ltr'>misisse</span> 
     </span>
     <span class='ocr_line' id='line_1_8' title="bbox 264 566 1712 618; baseline 0.003 -14"><span class='ocrx_word' id='word_1_58' title='bbox 264 566 316 604; x_wconf 89' lang='lat' dir='ltr'>ait</span> <span class='ocrx_word' id='word_1_59' title='bbox 335 568 400 618; x_wconf 90' lang='lat' dir='ltr'>qui</span> <span class='ocrx_word' id='word_1_60' title='bbox 420 581 465 605; x_wconf 86' lang='lat' dir='ltr'>ea</span> <span class='ocrx_word' id='word_1_61' title='bbox 482 569 679 606; x_wconf 89' lang='lat' dir='ltr'>vobiscum</span> <span class='ocrx_word' id='word_1_62' title='bbox 699 569 875 608; x_wconf 85' lang='lat' dir='ltr'>facienda</span> <span class='ocrx_word' id='word_1_63' title='bbox 893 571 1060 609; x_wconf 83' lang='lat' dir='ltr'>curaturi</span> <span class='ocrx_word' id='word_1_64' title='bbox 1081 571 1176 615; x_wconf 89' lang='lat' dir='ltr'>sint;</span> <span class='ocrx_word' id='word_1_65' title='bbox 1205 584 1265 609; x_wconf 88' lang='lat' dir='ltr'>res</span> <span class='ocrx_word' id='word_1_66' title='bbox 1280 578 1408 610; x_wconf 89' lang='lat' dir='ltr'>autem</span> <span class='ocrx_word' id='word_1_67' title='bbox 1428 572 1576 610; x_wconf 86' lang='lat' dir='ltr'>futuras</span> <span class='ocrx_word' id='word_1_68' title='bbox 1596 577 1712 617; x_wconf 85' lang='lat' dir='ltr'>rataS‚</span> 
     </span>
     <span class='ocr_line' id='line_1_9' title="bbox 263 628 1712 683; baseline 0.004 -19"><span class='ocrx_word' id='word_1_69' title='bbox 263 640 340 665; x_wconf 91' lang='lat' dir='ltr'>non</span> <span class='ocrx_word' id='word_1_70' title='bbox 355 629 418 665; x_wconf 93' lang='lat' dir='ltr'>ubi</span> <span class='ocrx_word' id='word_1_71' title='bbox 439 628 476 665; x_wconf 91' lang='lat' dir='ltr'>in</span> <span class='ocrx_word' id='word_1_72' title='bbox 491 635 619 666; x_wconf 88' lang='lat' dir='ltr'>vestra</span> <span class='ocrx_word' id='word_1_73' title='bbox 637 629 743 667; x_wconf 91' lang='lat' dir='ltr'>curia</span> <span class='ocrx_word' id='word_1_74' title='bbox 753 630 891 669; x_wconf 82' lang='lat' dir='ltr'>decisae</span> <span class='ocrx_word' id='word_1_75' title='bbox 911 632 1063 679; x_wconf 88' lang='lat' dir='ltr'>fuerint,</span> <span class='ocrx_word' id='word_1_76' title='bbox 1083 631 1411 683; x_wconf 83' lang='lat' dir='ltr'>quemadmodum</span> <span class='ocrx_word' id='word_1_77' title='bbox 1427 633 1487 670; x_wconf 88' lang='lat' dir='ltr'>lex</span> <span class='ocrx_word' id='word_1_78' title='bbox 1501 631 1626 683; x_wconf 87' lang='lat' dir='ltr'>jubet,</span> <span class='ocrx_word' id='word_1_79' title='bbox 1643 631 1712 669; x_wconf 80' lang='lat' dir='ltr'>sed.</span> 
     </span>
     <span class='ocr_line' id='line_1_10' title="bbox 263 689 1713 745; baseline 0.003 -20"><span class='ocrx_word' id='word_1_80' title='bbox 263 702 380 739; x_wconf 92' lang='lat' dir='ltr'>quum</span> <span class='ocrx_word' id='word_1_81' title='bbox 402 689 451 727; x_wconf 92' lang='lat' dir='ltr'>ad</span> <span class='ocrx_word' id='word_1_82' title='bbox 471 702 511 727; x_wconf 88' lang='lat' dir='ltr'>se</span> <span class='ocrx_word' id='word_1_83' title='bbox 531 689 671 727; x_wconf 89' lang='lat' dir='ltr'>fuerint</span> <span class='ocrx_word' id='word_1_84' title='bbox 690 691 835 742; x_wconf 79' lang='lat' dir='ltr'>relatae,</span> <span class='ocrx_word' id='word_1_85' title='bbox 855 699 1021 731; x_wconf 86' lang='lat' dir='ltr'>vestram</span> <span class='ocrx_word' id='word_1_86' title='bbox 1046 694 1215 744; x_wconf 91' lang='lat' dir='ltr'>ipsorum</span> <span class='ocrx_word' id='word_1_87' title='bbox 1242 694 1502 745; x_wconf 85' lang='lat' dir='ltr'>cognitionem</span> <span class='ocrx_word' id='word_1_88' title='bbox 1527 693 1577 731; x_wconf 89' lang='lat' dir='ltr'>ad</span> <span class='ocrx_word' id='word_1_89' title='bbox 1603 706 1713 731; x_wconf 86' lang='lat' dir='ltr'>suam</span> 
     </span>
     <span class='ocr_line' id='line_1_11' title="bbox 263 749 1714 807; baseline 0.004 -20"><span class='ocrx_word' id='word_1_90' title='bbox 263 749 383 800; x_wconf 85' lang='lat' dir='ltr'>ipsius</span> <span class='ocrx_word' id='word_1_91' title='bbox 404 750 671 788; x_wconf 87' lang='lat' dir='ltr'>auctoritatem</span> <span class='ocrx_word' id='word_1_92' title='bbox 692 753 869 792; x_wconf 87' lang='lat' dir='ltr'>referens.</span> <span class='ocrx_word' id='word_1_93' title='bbox 927 755 1027 793; x_wconf 87' lang='lat' dir='ltr'>Nam</span> <span class='ocrx_word' id='word_1_94' title='bbox 1048 755 1121 793; x_wconf 90' lang='lat' dir='ltr'>hoc</span> <span class='ocrx_word' id='word_1_95' title='bbox 1141 756 1249 794; x_wconf 89' lang='lat' dir='ltr'>vobis</span> <span class='ocrx_word' id='word_1_96' title='bbox 1274 756 1482 807; x_wconf 83' lang='lat' dir='ltr'>praecipere</span> <span class='ocrx_word' id='word_1_97' title='bbox 1503 755 1597 801; x_wconf 90' lang='lat' dir='ltr'>vult,</span> <span class='ocrx_word' id='word_1_98' title='bbox 1618 762 1656 793; x_wconf 91' lang='lat' dir='ltr'>et</span> <span class='ocrx_word' id='word_1_99' title='bbox 1674 755 1714 793; x_wconf 92' lang='lat' dir='ltr'>in</span> 
     </span>
     <span class='ocr_line' id='line_1_12' title="bbox 263 810 1714 865; baseline 0.004 -17"><span class='ocrx_word' id='word_1_100' title='bbox 263 810 463 848; x_wconf 86' lang='lat' dir='ltr'>conventis</span> <span class='ocrx_word' id='word_1_101' title='bbox 481 823 549 861; x_wconf 89' lang='lat' dir='ltr'>pro</span> <span class='ocrx_word' id='word_1_102' title='bbox 567 812 743 851; x_wconf 87' lang='lat' dir='ltr'>confesso</span> <span class='ocrx_word' id='word_1_103' title='bbox 763 820 944 860; x_wconf 85' lang='lat' dir='ltr'>statuere,</span> <span class='ocrx_word' id='word_1_104' title='bbox 967 829 1007 853; x_wconf 89' lang='lat' dir='ltr'>sc</span> <span class='ocrx_word' id='word_1_105' title='bbox 1027 815 1075 853; x_wconf 89' lang='lat' dir='ltr'>de</span> <span class='ocrx_word' id='word_1_106' title='bbox 1095 816 1208 854; x_wconf 79' lang='lat' dir='ltr'>factis</span> <span class='ocrx_word' id='word_1_107' title='bbox 1227 817 1265 853; x_wconf 93' lang='lat' dir='ltr'>in</span> <span class='ocrx_word' id='word_1_108' title='bbox 1283 817 1458 854; x_wconf 79' lang='lat' dir='ltr'>Potidaea</span> <span class='ocrx_word' id='word_1_109' title='bbox 1473 817 1617 865; x_wconf 86' lang='lat' dir='ltr'>injuriis</span> <span class='ocrx_word' id='word_1_110' title='bbox 1637 829 1714 854; x_wconf 89' lang='lat' dir='ltr'>non</span> 
     </span>
     <span class='ocr_line' id='line_1_13' title="bbox 263 872 1717 925; baseline 0.004 -17"><span class='ocrx_word' id='word_1_111' title='bbox 263 872 433 909; x_wconf 87' lang='lat' dir='ltr'>accusari</span> <span class='ocrx_word' id='word_1_112' title='bbox 453 885 475 909; x_wconf 89' lang='lat' dir='ltr'>a</span> <span class='ocrx_word' id='word_1_113' title='bbox 492 872 598 909; x_wconf 91' lang='lat' dir='ltr'>vobis</span> <span class='ocrx_word' id='word_1_114' title='bbox 629 873 789 922; x_wconf 76' lang='lat' dir='ltr'>injuriae,</span> <span class='ocrx_word' id='word_1_115' title='bbox 818 875 887 912; x_wconf 89' lang='lat' dir='ltr'>sed</span> <span class='ocrx_word' id='word_1_116' title='bbox 908 876 1003 913; x_wconf 90' lang='lat' dir='ltr'>illud</span> <span class='ocrx_word' id='word_1_117' title='bbox 1029 877 1242 914; x_wconf 81' lang='lat' dir='ltr'>confirmari</span> <span class='ocrx_word' id='word_1_118' title='bbox 1259 880 1346 925; x_wconf 89' lang='lat' dir='ltr'>jure</span> <span class='ocrx_word' id='word_1_119' title='bbox 1366 890 1407 914; x_wconf 93' lang='lat' dir='ltr'>se</span> <span class='ocrx_word' id='word_1_120' title='bbox 1433 890 1516 914; x_wconf 90' lang='lat' dir='ltr'>eam</span> <span class='ocrx_word' id='word_1_121' title='bbox 1537 883 1576 914; x_wconf 91' lang='lat' dir='ltr'>et</span> <span class='ocrx_word' id='word_1_122' title='bbox 1600 890 1717 915; x_wconf 86' lang='lat' dir='ltr'>occu·</span> 
     </span>
     <span class='ocr_line' id='line_1_14' title="bbox 262 935 1715 986; baseline 0.005 -17"><span class='ocrx_word' id='word_1_123' title='bbox 262 945 377 983; x_wconf 88' lang='lat' dir='ltr'>passe</span> <span class='ocrx_word' id='word_1_124' title='bbox 395 938 434 970; x_wconf 91' lang='lat' dir='ltr'>et</span> <span class='ocrx_word' id='word_1_125' title='bbox 451 938 596 971; x_wconf 88' lang='lat' dir='ltr'>tenere.</span> <span class='ocrx_word' id='word_1_126' title='bbox 650 935 768 983; x_wconf 85' lang='lat' dir='ltr'>Atqui</span> <span class='ocrx_word' id='word_1_127' title='bbox 787 942 978 984; x_wconf 90' lang='lat' dir='ltr'>quotquot</span> <span class='ocrx_word' id='word_1_128' title='bbox 996 935 1251 974; x_wconf 86' lang='lat' dir='ltr'>Athenienses</span> <span class='ocrx_word' id='word_1_129' title='bbox 1272 936 1457 974; x_wconf 80' lang='lat' dir='ltr'>Potidaeae</span> <span class='ocrx_word' id='word_1_130' title='bbox 1477 937 1715 986; x_wconf 87' lang='lat' dir='ltr'>habitarunt,</span> 
     </span>
     <span class='ocr_line' id='line_1_15' title="bbox 264 993 1718 1045; baseline 0.006 -16"><span class='ocrx_word' id='word_1_131' title='bbox 264 1005 486 1043; x_wconf 84' lang='lat' dir='ltr'>quanquam</span> <span class='ocrx_word' id='word_1_132' title='bbox 510 993 563 1030; x_wconf 92' lang='lat' dir='ltr'>eis</span> <span class='ocrx_word' id='word_1_133' title='bbox 582 1007 670 1032; x_wconf 92' lang='lat' dir='ltr'>cum</span> <span class='ocrx_word' id='word_1_134' title='bbox 689 993 865 1045; x_wconf 86' lang='lat' dir='ltr'>Philippo</span> <span class='ocrx_word' id='word_1_135' title='bbox 883 1007 961 1032; x_wconf 91' lang='lat' dir='ltr'>non</span> <span class='ocrx_word' id='word_1_136' title='bbox 980 1001 1062 1033; x_wconf 86' lang='lat' dir='ltr'>erat</span> <span class='ocrx_word' id='word_1_137' title='bbox 1076 995 1236 1042; x_wconf 89' lang='lat' dir='ltr'>bellum,</span> <span class='ocrx_word' id='word_1_138' title='bbox 1257 996 1325 1034; x_wconf 90' lang='lat' dir='ltr'>sed</span> <span class='ocrx_word' id='word_1_139' title='bbox 1347 997 1523 1044; x_wconf 89' lang='lat' dir='ltr'>societas,</span> <span class='ocrx_word' id='word_1_140' title='bbox 1544 1004 1583 1036; x_wconf 90' lang='lat' dir='ltr'>et</span> <span class='ocrx_word' id='word_1_141' title='bbox 1601 999 1718 1037; x_wconf 90' lang='lat' dir='ltr'>inter-</span> 
     </span>
     <span class='ocr_line' id='line_1_16' title="bbox 259 1054 1714 1108; baseline 0.006 -18"><span class='ocrx_word' id='word_1_142' title='bbox 259 1060 429 1091; x_wconf 84' lang='lat' dir='ltr'>cesserat</span> <span class='ocrx_word' id='word_1_143' title='bbox 450 1054 733 1105; x_wconf 81' lang='lat' dir='ltr'>jusjurandum,</span> <span class='ocrx_word' id='word_1_144' title='bbox 768 1055 961 1107; x_wconf 89' lang='lat' dir='ltr'>fidemque</span> <span class='ocrx_word' id='word_1_145' title='bbox 994 1056 1196 1108; x_wconf 88' lang='lat' dir='ltr'>Philippus</span> <span class='ocrx_word' id='word_1_146' title='bbox 1231 1057 1417 1096; x_wconf 85' lang='lat' dir='ltr'>Potidaeae</span> <span class='ocrx_word' id='word_1_147' title='bbox 1449 1059 1714 1099; x_wconf 84' lang='lat' dir='ltr'>habitantibus</span> 
     </span>
     <span class='ocr_line' id='line_1_17' title="bbox 264 1114 1718 1173; baseline 0.006 -22"><span class='ocrx_word' id='word_1_148' title='bbox 264 1114 436 1161; x_wconf 86' lang='lat' dir='ltr'>dederat,</span> <span class='ocrx_word' id='word_1_149' title='bbox 455 1122 584 1154; x_wconf 89' lang='lat' dir='ltr'>tamen</span> <span class='ocrx_word' id='word_1_150' title='bbox 603 1116 852 1155; x_wconf 84' lang='lat' dir='ltr'>facultatibus</span> <span class='ocrx_word' id='word_1_151' title='bbox 873 1118 950 1156; x_wconf 92' lang='lat' dir='ltr'>suis</span> <span class='ocrx_word' id='word_1_152' title='bbox 975 1117 1023 1155; x_wconf 90' lang='lat' dir='ltr'>ab</span> <span class='ocrx_word' id='word_1_153' title='bbox 1043 1131 1088 1156; x_wconf 93' lang='lat' dir='ltr'>eo</span> <span class='ocrx_word' id='word_1_154' title='bbox 1109 1118 1261 1170; x_wconf 89' lang='lat' dir='ltr'>spoliati</span> <span class='ocrx_word' id='word_1_155' title='bbox 1290 1127 1393 1158; x_wconf 90' lang='lat' dir='ltr'>sunt.</span> <span class='ocrx_word' id='word_1_156' title='bbox 1451 1120 1628 1160; x_wconf 88' lang='lat' dir='ltr'>Postulat</span> <span class='ocrx_word' id='word_1_157' title='bbox 1646 1122 1718 1173; x_wconf 84' lang='lat' dir='ltr'>igi-</span> 
     </span>
     <span class='ocr_line' id='line_1_18' title="bbox 265 1177 1718 1230; baseline 0.006 -17"><span class='ocrx_word' id='word_1_158' title='bbox 265 1182 326 1214; x_wconf 90' lang='lat' dir='ltr'>tur</span> <span class='ocrx_word' id='word_1_159' title='bbox 343 1177 416 1215; x_wconf 91' lang='lat' dir='ltr'>hoc</span> <span class='ocrx_word' id='word_1_160' title='bbox 437 1184 480 1215; x_wconf 91' lang='lat' dir='ltr'>ut</span> <span class='ocrx_word' id='word_1_161' title='bbox 499 1178 546 1216; x_wconf 95' lang='lat' dir='ltr'>ab</span> <span class='ocrx_word' id='word_1_162' title='bbox 573 1178 677 1216; x_wconf 90' lang='lat' dir='ltr'>omni</span> <span class='ocrx_word' id='word_1_163' title='bbox 706 1185 814 1230; x_wconf 89' lang='lat' dir='ltr'>parte</span> <span class='ocrx_word' id='word_1_164' title='bbox 841 1179 1089 1227; x_wconf 86' lang='lat' dir='ltr'>confirmetis,</span> <span class='ocrx_word' id='word_1_165' title='bbox 1116 1194 1157 1218; x_wconf 90' lang='lat' dir='ltr'>se</span> <span class='ocrx_word' id='word_1_166' title='bbox 1182 1180 1229 1219; x_wconf 93' lang='lat' dir='ltr'>de</span> <span class='ocrx_word' id='word_1_167' title='bbox 1257 1180 1363 1219; x_wconf 92' lang='lat' dir='ltr'>hisce</span> <span class='ocrx_word' id='word_1_168' title='bbox 1390 1182 1611 1221; x_wconf 85' lang='lat' dir='ltr'>criminibus</span> <span class='ocrx_word' id='word_1_169' title='bbox 1639 1196 1718 1222; x_wconf 89' lang='lat' dir='ltr'>non</span> 
     </span>
     <span class='ocr_line' id='line_1_19' title="bbox 266 1238 1719 1294; baseline 0.004 -19"><span class='ocrx_word' id='word_1_170' title='bbox 266 1238 441 1276; x_wconf 85' lang='lat' dir='ltr'>accusari</span> <span class='ocrx_word' id='word_1_171' title='bbox 465 1252 488 1277; x_wconf 91' lang='lat' dir='ltr'>a</span> <span class='ocrx_word' id='word_1_172' title='bbox 513 1240 636 1288; x_wconf 86' lang='lat' dir='ltr'>vobis,</span> <span class='ocrx_word' id='word_1_173' title='bbox 663 1247 702 1278; x_wconf 91' lang='lat' dir='ltr'>et</span> <span class='ocrx_word' id='word_1_174' title='bbox 732 1239 846 1278; x_wconf 89' lang='lat' dir='ltr'>nullis</span> <span class='ocrx_word' id='word_1_175' title='bbox 879 1240 1038 1280; x_wconf 83' lang='lat' dir='ltr'>affectos</span> <span class='ocrx_word' id='word_1_176' title='bbox 1069 1255 1151 1281; x_wconf 86' lang='lat' dir='ltr'>esse</span> <span class='ocrx_word' id='word_1_177' title='bbox 1179 1256 1247 1281; x_wconf 91' lang='lat' dir='ltr'>vos</span> <span class='ocrx_word' id='word_1_178' title='bbox 1282 1243 1424 1291; x_wconf 89' lang='lat' dir='ltr'>injuriis</span> <span class='ocrx_word' id='word_1_179' title='bbox 1449 1243 1719 1294; x_wconf 89' lang='lat' dir='ltr'>profiteamini.</span> 
     </span>
     <span class='ocr_line' id='line_1_20' title="bbox 267 1299 1718 1355; baseline 0.004 -19"><span class='ocrx_word' id='word_1_180' title='bbox 267 1299 369 1337; x_wconf 87' lang='lat' dir='ltr'>Nam</span> <span class='ocrx_word' id='word_1_181' title='bbox 397 1299 676 1340; x_wconf 89' lang='lat' dir='ltr'>Macedonibus</span> <span class='ocrx_word' id='word_1_182' title='bbox 701 1301 794 1339; x_wconf 91' lang='lat' dir='ltr'>nihil</span> <span class='ocrx_word' id='word_1_183' title='bbox 823 1303 979 1340; x_wconf 90' lang='lat' dir='ltr'>omnino</span> <span class='ocrx_word' id='word_1_184' title='bbox 999 1315 1094 1354; x_wconf 89' lang='lat' dir='ltr'>opus</span> <span class='ocrx_word' id='word_1_185' title='bbox 1118 1316 1203 1342; x_wconf 90' lang='lat' dir='ltr'>esse</span> <span class='ocrx_word' id='word_1_186' title='bbox 1226 1304 1426 1343; x_wconf 87' lang='lat' dir='ltr'>conventis</span> <span class='ocrx_word' id='word_1_187' title='bbox 1443 1317 1536 1355; x_wconf 87' lang='lat' dir='ltr'>erga</span> <span class='ocrx_word' id='word_1_188' title='bbox 1556 1304 1718 1342; x_wconf 90' lang='lat' dir='ltr'>Atheni-</span> 
     </span>
     <span class='ocr_line' id='line_1_21' title="bbox 264 1361 1720 1416; baseline 0.003 -18"><span class='ocrx_word' id='word_1_189' title='bbox 264 1373 389 1406; x_wconf 80' lang='lat' dir='ltr'>enseS,</span> <span class='ocrx_word' id='word_1_190' title='bbox 410 1361 639 1412; x_wconf 70' lang='lat' dir='ltr'>praeteritum</span> <span class='ocrx_word' id='word_1_191' title='bbox 660 1369 811 1414; x_wconf 89' lang='lat' dir='ltr'>tempus</span> <span class='ocrx_word' id='word_1_192' title='bbox 832 1363 1001 1401; x_wconf 86' lang='lat' dir='ltr'>evidenti</span> <span class='ocrx_word' id='word_1_193' title='bbox 1019 1364 1126 1403; x_wconf 93' lang='lat' dir='ltr'>vobis</span> <span class='ocrx_word' id='word_1_194' title='bbox 1146 1372 1372 1416; x_wconf 84' lang='lat' dir='ltr'>argumento</span> <span class='ocrx_word' id='word_1_195' title='bbox 1393 1364 1454 1403; x_wconf 91' lang='lat' dir='ltr'>sit.</span> <span class='ocrx_word' id='word_1_196' title='bbox 1512 1365 1595 1403; x_wconf 85' lang='lat' dir='ltr'>Nec</span> <span class='ocrx_word' id='word_1_197' title='bbox 1616 1366 1720 1404; x_wconf 90' lang='lat' dir='ltr'>enim</span> 
     </span>
     <span class='ocr_line' id='line_1_22' title="bbox 265 1422 1721 1477; baseline 0.004 -18"><span class='ocrx_word' id='word_1_198' title='bbox 265 1422 326 1459; x_wconf 89' lang='lat' dir='ltr'>vcl</span> <span class='ocrx_word' id='word_1_199' title='bbox 348 1423 538 1474; x_wconf 84' lang='lat' dir='ltr'>Amyntas</span> <span class='ocrx_word' id='word_1_200' title='bbox 556 1423 723 1475; x_wconf 90' lang='lat' dir='ltr'>Philippi</span> <span class='ocrx_word' id='word_1_201' title='bbox 743 1430 862 1475; x_wconf 87' lang='lat' dir='ltr'>pater,</span> <span class='ocrx_word' id='word_1_202' title='bbox 882 1425 942 1462; x_wconf 86' lang='lat' dir='ltr'>vel</span> <span class='ocrx_word' id='word_1_203' title='bbox 972 1425 1108 1475; x_wconf 86' lang='lat' dir='ltr'>reliqui</span> <span class='ocrx_word' id='word_1_204' title='bbox 1141 1426 1389 1464; x_wconf 80' lang='lat' dir='ltr'>Macedoniae</span> <span class='ocrx_word' id='word_1_205' title='bbox 1409 1439 1520 1477; x_wconf 86' lang='lat' dir='ltr'>reges</span> <span class='ocrx_word' id='word_1_206' title='bbox 1542 1440 1630 1464; x_wconf 88' lang='lat' dir='ltr'>cum</span> <span class='ocrx_word' id='word_1_207' title='bbox 1651 1439 1721 1465; x_wconf 92' lang='lat' dir='ltr'>no-</span> 
     </span>
     <span class='ocr_line' id='line_1_23' title="bbox 268 1485 1720 1539; baseline 0.003 -18"><span class='ocrx_word' id='word_1_208' title='bbox 268 1490 346 1521; x_wconf 89' lang='lat' dir='ltr'>stra</span> <span class='ocrx_word' id='word_1_209' title='bbox 373 1485 526 1523; x_wconf 89' lang='lat' dir='ltr'>civitate</span> <span class='ocrx_word' id='word_1_210' title='bbox 554 1493 743 1524; x_wconf 88' lang='lat' dir='ltr'>conventa</span> <span class='ocrx_word' id='word_1_211' title='bbox 764 1499 935 1537; x_wconf 91' lang='lat' dir='ltr'>unquam</span> <span class='ocrx_word' id='word_1_212' title='bbox 956 1486 1146 1534; x_wconf 86' lang='lat' dir='ltr'>fecerunt,</span> <span class='ocrx_word' id='word_1_213' title='bbox 1165 1488 1339 1538; x_wconf 90' lang='lat' dir='ltr'>quamvis</span> <span class='ocrx_word' id='word_1_214' title='bbox 1363 1488 1473 1539; x_wconf 91' lang='lat' dir='ltr'>plura</span> <span class='ocrx_word' id='word_1_215' title='bbox 1495 1495 1588 1526; x_wconf 88' lang='lat' dir='ltr'>tunc</span> <span class='ocrx_word' id='word_1_216' title='bbox 1616 1501 1720 1527; x_wconf 90' lang='lat' dir='ltr'>com-</span> 
     </span>
     <span class='ocr_line' id='line_1_24' title="bbox 266 1546 1723 1602; baseline 0.004 -20"><span class='ocrx_word' id='word_1_217' title='bbox 266 1546 407 1583; x_wconf 85' lang='lat' dir='ltr'>mercia</span> <span class='ocrx_word' id='word_1_218' title='bbox 427 1560 541 1597; x_wconf 89' lang='lat' dir='ltr'>quam</span> <span class='ocrx_word' id='word_1_219' title='bbox 561 1560 664 1585; x_wconf 90' lang='lat' dir='ltr'>nunc</span> <span class='ocrx_word' id='word_1_220' title='bbox 682 1548 779 1586; x_wconf 89' lang='lat' dir='ltr'>inter</span> <span class='ocrx_word' id='word_1_221' title='bbox 798 1561 868 1586; x_wconf 90' lang='lat' dir='ltr'>nos</span> <span class='ocrx_word' id='word_1_222' title='bbox 884 1555 1018 1586; x_wconf 91' lang='lat' dir='ltr'>mutuo</span> <span class='ocrx_word' id='word_1_223' title='bbox 1038 1549 1277 1587; x_wconf 88' lang='lat' dir='ltr'>exsisterent.</span> <span class='ocrx_word' id='word_1_224' title='bbox 1327 1548 1431 1586; x_wconf 89' lang='lat' dir='ltr'>Nam</span> <span class='ocrx_word' id='word_1_225' title='bbox 1449 1556 1595 1588; x_wconf 82' lang='lat' dir='ltr'>nostrae</span> <span class='ocrx_word' id='word_1_226' title='bbox 1613 1557 1723 1602; x_wconf 90' lang='lat' dir='ltr'>pote-</span> 
     </span>
     <span class='ocr_line' id='line_1_25' title="bbox 264 1608 1721 1662; baseline 0.003 -17"><span class='ocrx_word' id='word_1_227' title='bbox 264 1608 352 1645; x_wconf 88' lang='lat' dir='ltr'>stati</span> <span class='ocrx_word' id='word_1_228' title='bbox 373 1609 528 1646; x_wconf 89' lang='lat' dir='ltr'>subdita</span> <span class='ocrx_word' id='word_1_229' title='bbox 542 1615 622 1647; x_wconf 90' lang='lat' dir='ltr'>erat</span> <span class='ocrx_word' id='word_1_230' title='bbox 636 1609 882 1656; x_wconf 88' lang='lat' dir='ltr'>Macedonia,</span> <span class='ocrx_word' id='word_1_231' title='bbox 902 1616 941 1648; x_wconf 93' lang='lat' dir='ltr'>et</span> <span class='ocrx_word' id='word_1_232' title='bbox 959 1610 1102 1648; x_wconf 84' lang='lat' dir='ltr'>tributa</span> <span class='ocrx_word' id='word_1_233' title='bbox 1119 1610 1231 1649; x_wconf 89' lang='lat' dir='ltr'>nobis</span> <span class='ocrx_word' id='word_1_234' title='bbox 1247 1610 1455 1662; x_wconf 86' lang='lat' dir='ltr'>pendebat,</span> <span class='ocrx_word' id='word_1_235' title='bbox 1477 1618 1516 1650; x_wconf 92' lang='lat' dir='ltr'>et</span> <span class='ocrx_word' id='word_1_236' title='bbox 1532 1612 1721 1662; x_wconf 88' lang='lat' dir='ltr'>portubus</span> 
     </span>
     <span class='ocr_line' id='line_1_26' title="bbox 267 1669 1725 1722; baseline 0.004 -17"><span class='ocrx_word' id='word_1_237' title='bbox 267 1674 359 1705; x_wconf 90' lang='lat' dir='ltr'>tunc</span> <span class='ocrx_word' id='word_1_238' title='bbox 378 1669 501 1719; x_wconf 84' lang='lat' dir='ltr'>magis</span> <span class='ocrx_word' id='word_1_239' title='bbox 523 1683 637 1720; x_wconf 90' lang='lat' dir='ltr'>quam</span> <span class='ocrx_word' id='word_1_240' title='bbox 651 1683 756 1708; x_wconf 90' lang='lat' dir='ltr'>nunc</span> <span class='ocrx_word' id='word_1_241' title='bbox 776 1677 853 1708; x_wconf 89' lang='lat' dir='ltr'>tarn</span> <span class='ocrx_word' id='word_1_242' title='bbox 867 1683 937 1708; x_wconf 89' lang='lat' dir='ltr'>nos</span> <span class='ocrx_word' id='word_1_243' title='bbox 956 1671 1106 1709; x_wconf 89' lang='lat' dir='ltr'>illorum</span> <span class='ocrx_word' id='word_1_244' title='bbox 1121 1685 1236 1722; x_wconf 89' lang='lat' dir='ltr'>quam</span> <span class='ocrx_word' id='word_1_245' title='bbox 1255 1671 1329 1722; x_wconf 91' lang='lat' dir='ltr'>ipsi</span> <span class='ocrx_word' id='word_1_246' title='bbox 1345 1671 1485 1710; x_wconf 87' lang='lat' dir='ltr'>nostris</span> <span class='ocrx_word' id='word_1_247' title='bbox 1500 1674 1725 1720; x_wconf 89' lang='lat' dir='ltr'>utebantur,</span> 
     </span>
     <span class='ocr_line' id='line_1_27' title="bbox 266 1729 1724 1784; baseline 0.004 -18"><span class='ocrx_word' id='word_1_248' title='bbox 266 1735 305 1766; x_wconf 90' lang='lat' dir='ltr'>et</span> <span class='ocrx_word' id='word_1_249' title='bbox 316 1729 465 1780; x_wconf 87' lang='lat' dir='ltr'>judicia</span> <span class='ocrx_word' id='word_1_250' title='bbox 483 1738 781 1768; x_wconf 84' lang='lat' dir='ltr'>mercaturarum</span> <span class='ocrx_word' id='word_1_251' title='bbox 798 1745 877 1769; x_wconf 89' lang='lat' dir='ltr'>non</span> <span class='ocrx_word' id='word_1_252' title='bbox 892 1739 1002 1769; x_wconf 87' lang='lat' dir='ltr'>erant</span> <span class='ocrx_word' id='word_1_253' title='bbox 1021 1733 1076 1770; x_wconf 86' lang='lat' dir='ltr'>sic</span> <span class='ocrx_word' id='word_1_254' title='bbox 1096 1739 1279 1771; x_wconf 88' lang='lat' dir='ltr'>accurata</span> <span class='ocrx_word' id='word_1_255' title='bbox 1296 1739 1340 1769; x_wconf 88' lang='lat' dir='ltr'>ut</span> <span class='ocrx_word' id='word_1_256' title='bbox 1358 1732 1496 1777; x_wconf 89' lang='lat' dir='ltr'>hodie;</span> <span class='ocrx_word' id='word_1_257' title='bbox 1527 1747 1614 1784; x_wconf 86' lang='lat' dir='ltr'>quae</span> <span class='ocrx_word' id='word_1_258' title='bbox 1632 1734 1724 1784; x_wconf 90' lang='lat' dir='ltr'>quia</span> 
     </span>
     <span class='ocr_line' id='line_1_28' title="bbox 269 1789 1722 1840; baseline 0.006 -14"><span class='ocrx_word' id='word_1_259' title='bbox 269 1789 429 1840; x_wconf 87' lang='lat' dir='ltr'>singulis</span> <span class='ocrx_word' id='word_1_260' title='bbox 449 1791 646 1830; x_wconf 87' lang='lat' dir='ltr'>mensibus</span> <span class='ocrx_word' id='word_1_261' title='bbox 666 1799 908 1839; x_wconf 86' lang='lat' dir='ltr'>exercentur,</span> <span class='ocrx_word' id='word_1_262' title='bbox 928 1793 1101 1831; x_wconf 86' lang='lat' dir='ltr'>efficiunt</span> <span class='ocrx_word' id='word_1_263' title='bbox 1127 1800 1183 1840; x_wconf 89' lang='lat' dir='ltr'>ut,</span> <span class='ocrx_word' id='word_1_264' title='bbox 1203 1800 1311 1831; x_wconf 90' lang='lat' dir='ltr'>tanto</span> <span class='ocrx_word' id='word_1_265' title='bbox 1332 1794 1503 1832; x_wconf 85' lang='lat' dir='ltr'>locorum</span> <span class='ocrx_word' id='word_1_266' title='bbox 1522 1795 1722 1835; x_wconf 85' lang='lat' dir='ltr'>intervallo</span> 
     </span>
     <span class='ocr_line' id='line_1_29' title="bbox 269 1852 1722 1905; baseline 0.003 -16"><span class='ocrx_word' id='word_1_267' title='bbox 269 1852 444 1902; x_wconf 86' lang='lat' dir='ltr'>sejuncti,</span> <span class='ocrx_word' id='word_1_268' title='bbox 465 1853 661 1891; x_wconf 90' lang='lat' dir='ltr'>conventis</span> <span class='ocrx_word' id='word_1_269' title='bbox 691 1853 783 1891; x_wconf 91' lang='lat' dir='ltr'>nihil</span> <span class='ocrx_word' id='word_1_270' title='bbox 805 1853 1072 1905; x_wconf 82' lang='lat' dir='ltr'>¹indigeamus.</span> <span class='ocrx_word' id='word_1_271' title='bbox 1130 1854 1210 1892; x_wconf 91' lang='lat' dir='ltr'>Sed</span> <span class='ocrx_word' id='word_1_272' title='bbox 1231 1862 1372 1901; x_wconf 85' lang='lat' dir='ltr'>tamen,</span> <span class='ocrx_word' id='word_1_273' title='bbox 1392 1869 1511 1905; x_wconf 88' lang='lat' dir='ltr'>quum</span> <span class='ocrx_word' id='word_1_274' title='bbox 1530 1856 1606 1894; x_wconf 91' lang='lat' dir='ltr'>illis</span> <span class='ocrx_word' id='word_1_275' title='bbox 1626 1863 1722 1895; x_wconf 91' lang='lat' dir='ltr'>tem-</span> 
     </span>
     <span class='ocr_line' id='line_1_30' title="bbox 268 1913 1723 1966; baseline 0.003 -16"><span class='ocrx_word' id='word_1_276' title='bbox 268 1913 423 1963; x_wconf 89' lang='lat' dir='ltr'>poribus</span> <span class='ocrx_word' id='word_1_277' title='bbox 443 1914 522 1951; x_wconf 86' lang='lat' dir='ltr'>tale</span> <span class='ocrx_word' id='word_1_278' title='bbox 543 1914 634 1951; x_wconf 90' lang='lat' dir='ltr'>nihil</span> <span class='ocrx_word' id='word_1_279' title='bbox 655 1915 692 1952; x_wconf 92' lang='lat' dir='ltr'>in</span> <span class='ocrx_word' id='word_1_280' title='bbox 711 1928 784 1952; x_wconf 88' lang='lat' dir='ltr'>usu</span> <span class='ocrx_word' id='word_1_281' title='bbox 804 1922 918 1961; x_wconf 87' lang='lat' dir='ltr'>esset,</span> <span class='ocrx_word' id='word_1_282' title='bbox 938 1928 1015 1952; x_wconf 91' lang='lat' dir='ltr'>non</span> <span class='ocrx_word' id='word_1_283' title='bbox 1035 1915 1279 1966; x_wconf 86' lang='lat' dir='ltr'>expediebat,</span> <span class='ocrx_word' id='word_1_284' title='bbox 1300 1915 1409 1953; x_wconf 87' lang='lat' dir='ltr'>factis</span> <span class='ocrx_word' id='word_1_285' title='bbox 1431 1917 1647 1962; x_wconf 88' lang='lat' dir='ltr'>conventis,</span> <span class='ocrx_word' id='word_1_286' title='bbox 1672 1917 1723 1956; x_wconf 90' lang='lat' dir='ltr'>ad</span> 
     </span>
     <span class='ocr_line' id='line_1_31' title="bbox 260 1973 1724 2026; baseline 0.004 -15"><span class='ocrx_word' id='word_1_287' title='bbox 260 1973 351 2024; x_wconf 91' lang='lat' dir='ltr'>jura</span> <span class='ocrx_word' id='word_1_288' title='bbox 366 1975 532 2026; x_wconf 89' lang='lat' dir='ltr'>petenda</span> <span class='ocrx_word' id='word_1_289' title='bbox 544 1974 603 2012; x_wconf 91' lang='lat' dir='ltr'>vel</span> <span class='ocrx_word' id='word_1_290' title='bbox 619 1988 665 2012; x_wconf 86' lang='lat' dir='ltr'>ex</span> <span class='ocrx_word' id='word_1_291' title='bbox 682 1975 913 2013; x_wconf 89' lang='lat' dir='ltr'>Macedonia</span> <span class='ocrx_word' id='word_1_292' title='bbox 927 1976 1114 2022; x_wconf 89' lang='lat' dir='ltr'>Athenas,</span> <span class='ocrx_word' id='word_1_293' title='bbox 1136 1976 1198 2014; x_wconf 91' lang='lat' dir='ltr'>vel</span> <span class='ocrx_word' id='word_1_294' title='bbox 1212 1976 1373 2014; x_wconf 89' lang='lat' dir='ltr'>Athenis</span> <span class='ocrx_word' id='word_1_295' title='bbox 1393 1977 1430 2014; x_wconf 93' lang='lat' dir='ltr'>in</span> <span class='ocrx_word' id='word_1_296' title='bbox 1446 1978 1724 2017; x_wconf 87' lang='lat' dir='ltr'>Macedoniam</span> 
     </span>
     <span class='ocr_line' id='line_1_32' title="bbox 268 2036 1722 2091; baseline 0.005 -19"><span class='ocrx_word' id='word_1_297' title='bbox 268 2036 460 2087; x_wconf 78' lang='lat' dir='ltr'>navigari3</span> <span class='ocrx_word' id='word_1_298' title='bbox 488 2037 558 2074; x_wconf 88' lang='lat' dir='ltr'>sed</span> <span class='ocrx_word' id='word_1_299' title='bbox 572 2042 616 2074; x_wconf 86' lang='lat' dir='ltr'>ut</span> <span class='ocrx_word' id='word_1_300' title='bbox 630 2050 699 2074; x_wconf 91' lang='lat' dir='ltr'>nos</span> <span class='ocrx_word' id='word_1_301' title='bbox 712 2037 875 2082; x_wconf 87' lang='lat' dir='ltr'>illorum,</span> <span class='ocrx_word' id='word_1_302' title='bbox 894 2037 948 2076; x_wconf 91' lang='lat' dir='ltr'>sic</span> <span class='ocrx_word' id='word_1_303' title='bbox 961 2037 1013 2075; x_wconf 91' lang='lat' dir='ltr'>illi</span> <span class='ocrx_word' id='word_1_304' title='bbox 1030 2037 1172 2076; x_wconf 88' lang='lat' dir='ltr'>nostris</span> <span class='ocrx_word' id='word_1_305' title='bbox 1191 2037 1375 2076; x_wconf 89' lang='lat' dir='ltr'>institutis</span> <span class='ocrx_word' id='word_1_306' title='bbox 1388 2045 1427 2076; x_wconf 91' lang='lat' dir='ltr'>et</span> <span class='ocrx_word' id='word_1_307' title='bbox 1448 2039 1598 2090; x_wconf 85' lang='lat' dir='ltr'>legibus</span> <span class='ocrx_word' id='word_1_308' title='bbox 1616 2040 1722 2091; x_wconf 88' lang='lat' dir='ltr'>judi-</span> 
     </span>
     <span class='ocr_line' id='line_1_33' title="bbox 269 2097 1726 2149; baseline 0.003 -14"><span class='ocrx_word' id='word_1_309' title='bbox 269 2097 347 2135; x_wconf 89' lang='lat' dir='ltr'>cari</span> <span class='ocrx_word' id='word_1_310' title='bbox 366 2098 645 2136; x_wconf 88' lang='lat' dir='ltr'>controversias</span> <span class='ocrx_word' id='word_1_311' title='bbox 667 2099 924 2149; x_wconf 89' lang='lat' dir='ltr'>patiebantur.</span> <span class='ocrx_word' id='word_1_312' title='bbox 974 2099 1120 2137; x_wconf 88' lang='lat' dir='ltr'>Scitote</span> <span class='ocrx_word' id='word_1_313' title='bbox 1139 2100 1269 2149; x_wconf 89' lang='lat' dir='ltr'>itaque</span> <span class='ocrx_word' id='word_1_314' title='bbox 1282 2099 1356 2137; x_wconf 90' lang='lat' dir='ltr'>ista</span> <span class='ocrx_word' id='word_1_315' title='bbox 1370 2106 1563 2138; x_wconf 87' lang='lat' dir='ltr'>conventa</span> <span class='ocrx_word' id='word_1_316' title='bbox 1581 2101 1662 2139; x_wconf 88' lang='lat' dir='ltr'>fieri</span> <span class='ocrx_word' id='word_1_317' title='bbox 1681 2109 1726 2141; x_wconf 90' lang='lat' dir='ltr'>ut</span> 
     </span>
     <span class='ocr_line' id='line_1_34' title="bbox 268 2159 1722 2211; baseline 0.003 -15"><span class='ocrx_word' id='word_1_318' title='bbox 268 2159 376 2197; x_wconf 91' lang='lat' dir='ltr'>vobis</span> <span class='ocrx_word' id='word_1_319' title='bbox 391 2159 572 2210; x_wconf 90' lang='lat' dir='ltr'>deinceps</span> <span class='ocrx_word' id='word_1_320' title='bbox 589 2159 734 2197; x_wconf 89' lang='lat' dir='ltr'>nullam</span> <span class='ocrx_word' id='word_1_321' title='bbox 751 2173 836 2198; x_wconf 88' lang='lat' dir='ltr'>esse</span> <span class='ocrx_word' id='word_1_322' title='bbox 856 2172 1014 2199; x_wconf 88' lang='lat' dir='ltr'>causam</span> <span class='ocrx_word' id='word_1_323' title='bbox 1028 2159 1456 2211; x_wconf 87' lang='lat' dir='ltr'>probabilemPotidaeae</span> <span class='ocrx_word' id='word_1_324' title='bbox 1475 2161 1722 2201; x_wconf 72' lang='lat' dir='ltr'>vindicandae</span> 
     </span>
     <span class='ocr_line' id='line_1_35' title="bbox 270 2221 506 2259; baseline 0.004 -1"><span class='ocrx_word' id='word_1_325' title='bbox 270 2221 506 2259; x_wconf 86' lang='lat' dir='ltr'>concedatis.</span> 
     </span>
    </p>

    <p class='ocr_par' dir='ltr' id='par_1_4' title="bbox 270 2281 1727 2764">
     <span class='ocr_line' id='line_1_36' title="bbox 323 2281 1727 2333; baseline 0.004 -15"><span class='ocrx_word' id='word_1_326' title='bbox 323 2284 361 2319; x_wconf 80' lang='lat'>4.</span> <span class='ocrx_word' id='word_1_327' title='bbox 392 2282 445 2319; x_wconf 92' lang='lat' dir='ltr'>At</span> <span class='ocrx_word' id='word_1_328' title='bbox 471 2282 520 2319; x_wconf 91' lang='lat' dir='ltr'>de</span> <span class='ocrx_word' id='word_1_329' title='bbox 538 2281 787 2333; x_wconf 79' lang='lat' dir='ltr'>praedonibus</span> <span class='ocrx_word' id='word_1_330' title='bbox 813 2295 967 2332; x_wconf 90' lang='lat' dir='ltr'>aequum</span> <span class='ocrx_word' id='word_1_331' title='bbox 996 2295 1081 2321; x_wconf 89' lang='lat' dir='ltr'>esse</span> <span class='ocrx_word' id='word_1_332' title='bbox 1103 2282 1156 2320; x_wconf 87' lang='lat' dir='ltr'>ait</span> <span class='ocrx_word' id='word_1_333' title='bbox 1180 2289 1225 2320; x_wconf 94' lang='lat' dir='ltr'>ut</span> <span class='ocrx_word' id='word_1_334' title='bbox 1251 2281 1317 2332; x_wconf 91' lang='lat' dir='ltr'>qui</span> <span class='ocrx_word' id='word_1_335' title='bbox 1336 2282 1534 2333; x_wconf 88' lang='lat' dir='ltr'>piraticam</span> <span class='ocrx_word' id='word_1_336' title='bbox 1563 2282 1603 2321; x_wconf 92' lang='lat' dir='ltr'>in</span> <span class='ocrx_word' id='word_1_337' title='bbox 1631 2284 1727 2323; x_wconf 84' lang='lat' dir='ltr'>mari</span> 
     </span>
     <span class='ocr_line' id='line_1_37' title="bbox 270 2343 1726 2398; baseline 0.003 -18"><span class='ocrx_word' id='word_1_338' title='bbox 270 2349 463 2387; x_wconf 85' lang='lat' dir='ltr'>exercent,</span> <span class='ocrx_word' id='word_1_339' title='bbox 484 2356 507 2380; x_wconf 90' lang='lat' dir='ltr'>a</span> <span class='ocrx_word' id='word_1_340' title='bbox 529 2343 636 2381; x_wconf 90' lang='lat' dir='ltr'>vobis</span> <span class='ocrx_word' id='word_1_341' title='bbox 667 2350 705 2381; x_wconf 91' lang='lat' dir='ltr'>et</span> <span class='ocrx_word' id='word_1_342' title='bbox 731 2356 754 2381; x_wconf 87' lang='lat' dir='ltr'>a</span> <span class='ocrx_word' id='word_1_343' title='bbox 783 2357 823 2381; x_wconf 90' lang='lat' dir='ltr'>se</span> <span class='ocrx_word' id='word_1_344' title='bbox 854 2344 1106 2382; x_wconf 89' lang='lat' dir='ltr'>communiter</span> <span class='ocrx_word' id='word_1_345' title='bbox 1124 2343 1331 2395; x_wconf 88' lang='lat' dir='ltr'>pellantur,</span> <span class='ocrx_word' id='word_1_346' title='bbox 1351 2356 1428 2382; x_wconf 91' lang='lat' dir='ltr'>non</span> <span class='ocrx_word' id='word_1_347' title='bbox 1456 2344 1560 2382; x_wconf 90' lang='lat' dir='ltr'>aliud</span> <span class='ocrx_word' id='word_1_348' title='bbox 1589 2357 1726 2398; x_wconf 84' lang='lat' dir='ltr'>nempe</span> 
     </span>
     <span class='ocr_line' id='line_1_38' title="bbox 270 2403 1727 2458; baseline 0.003 -18"><span class='ocrx_word' id='word_1_349' title='bbox 270 2416 385 2454; x_wconf 86' lang='lat' dir='ltr'>quam</span> <span class='ocrx_word' id='word_1_350' title='bbox 404 2403 478 2441; x_wconf 88' lang='lat' dir='ltr'>hoc</span> <span class='ocrx_word' id='word_1_351' title='bbox 503 2404 701 2454; x_wconf 87' lang='lat' dir='ltr'>postulans</span> <span class='ocrx_word' id='word_1_352' title='bbox 722 2410 763 2441; x_wconf 90' lang='lat' dir='ltr'>ut</span> <span class='ocrx_word' id='word_1_353' title='bbox 784 2404 854 2441; x_wconf 89' lang='lat' dir='ltr'>sibi</span> <span class='ocrx_word' id='word_1_354' title='bbox 875 2418 898 2442; x_wconf 89' lang='lat' dir='ltr'>a</span> <span class='ocrx_word' id='word_1_355' title='bbox 915 2404 1020 2442; x_wconf 86' lang='lat' dir='ltr'>vobis</span> <span class='ocrx_word' id='word_1_356' title='bbox 1047 2404 1222 2442; x_wconf 88' lang='lat' dir='ltr'>tradatur</span> <span class='ocrx_word' id='word_1_357' title='bbox 1241 2404 1354 2442; x_wconf 87' lang='lat' dir='ltr'>maris</span> <span class='ocrx_word' id='word_1_358' title='bbox 1375 2403 1588 2456; x_wconf 88' lang='lat' dir='ltr'>imperium,</span> <span class='ocrx_word' id='word_1_359' title='bbox 1606 2412 1727 2458; x_wconf 88' lang='lat' dir='ltr'>utque</span> 
     </span>
     <span class='ocr_line' id='line_1_39' title="bbox 273 2464 1726 2518; baseline 0.003 -16"><span class='ocrx_word' id='word_1_360' title='bbox 273 2464 531 2503; x_wconf 84' lang='lat' dir='ltr'>confiteamini</span> <span class='ocrx_word' id='word_1_361' title='bbox 550 2478 616 2503; x_wconf 91' lang='lat' dir='ltr'>vos</span> <span class='ocrx_word' id='word_1_362' title='bbox 637 2465 716 2503; x_wconf 88' lang='lat' dir='ltr'>sine</span> <span class='ocrx_word' id='word_1_363' title='bbox 743 2465 922 2516; x_wconf 90' lang='lat' dir='ltr'>Philippo</span> <span class='ocrx_word' id='word_1_364' title='bbox 942 2478 1069 2516; x_wconf 89' lang='lat' dir='ltr'>neque</span> <span class='ocrx_word' id='word_1_365' title='bbox 1089 2478 1193 2504; x_wconf 88' lang='lat' dir='ltr'>mare</span> <span class='ocrx_word' id='word_1_366' title='bbox 1212 2465 1310 2503; x_wconf 89' lang='lat' dir='ltr'>tueri</span> <span class='ocrx_word' id='word_1_367' title='bbox 1330 2472 1369 2504; x_wconf 91' lang='lat' dir='ltr'>et</span> <span class='ocrx_word' id='word_1_368' title='bbox 1383 2466 1580 2505; x_wconf 88' lang='lat' dir='ltr'>custodire</span> <span class='ocrx_word' id='word_1_369' title='bbox 1598 2480 1726 2518; x_wconf 90' lang='lat' dir='ltr'>posse.</span> 
     </span>
     <span class='ocr_line' id='line_1_40' title="bbox 272 2526 1725 2580; baseline 0.003 -17"><span class='ocrx_word' id='word_1_370' title='bbox 272 2526 384 2564; x_wconf 93' lang='lat' dir='ltr'>Hanc</span> <span class='ocrx_word' id='word_1_371' title='bbox 407 2527 522 2564; x_wconf 89' lang='lat' dir='ltr'>etiam</span> <span class='ocrx_word' id='word_1_372' title='bbox 541 2526 613 2564; x_wconf 88' lang='lat' dir='ltr'>sibi</span> <span class='ocrx_word' id='word_1_373' title='bbox 633 2526 714 2564; x_wconf 89' lang='lat' dir='ltr'>dari</span> <span class='ocrx_word' id='word_1_374' title='bbox 734 2527 816 2564; x_wconf 92' lang='lat' dir='ltr'>vult</span> <span class='ocrx_word' id='word_1_375' title='bbox 836 2527 1044 2573; x_wconf 85' lang='lat' dir='ltr'>licentiam,</span> <span class='ocrx_word' id='word_1_376' title='bbox 1064 2532 1107 2564; x_wconf 88' lang='lat' dir='ltr'>ut</span> <span class='ocrx_word' id='word_1_377' title='bbox 1137 2540 1380 2578; x_wconf 85' lang='lat' dir='ltr'>quocumque</span> <span class='ocrx_word' id='word_1_378' title='bbox 1409 2528 1594 2580; x_wconf 86' lang='lat' dir='ltr'>navigans</span> <span class='ocrx_word' id='word_1_379' title='bbox 1610 2535 1649 2567; x_wconf 86' lang='lat' dir='ltr'>et</span> <span class='ocrx_word' id='word_1_380' title='bbox 1669 2529 1725 2567; x_wconf 87' lang='lat' dir='ltr'>in-</span> 
     </span>
     <span class='ocr_line' id='line_1_41' title="bbox 271 2587 1724 2643; baseline 0.004 -19"><span class='ocrx_word' id='word_1_381' title='bbox 271 2587 374 2626; x_wconf 83' lang='lat' dir='ltr'>sulas</span> <span class='ocrx_word' id='word_1_382' title='bbox 394 2588 565 2627; x_wconf 87' lang='lat' dir='ltr'>invectus</span> <span class='ocrx_word' id='word_1_383' title='bbox 585 2602 652 2639; x_wconf 92' lang='lat' dir='ltr'>per</span> <span class='ocrx_word' id='word_1_384' title='bbox 667 2589 833 2639; x_wconf 84' lang='lat' dir='ltr'>speciem</span> <span class='ocrx_word' id='word_1_385' title='bbox 851 2590 1006 2628; x_wconf 84' lang='lat' dir='ltr'>arcendi</span> <span class='ocrx_word' id='word_1_386' title='bbox 1033 2590 1251 2640; x_wconf 74' lang='lat' dir='ltr'>praedones,</span> <span class='ocrx_word' id='word_1_387' title='bbox 1279 2590 1465 2629; x_wconf 87' lang='lat' dir='ltr'>insulares</span> <span class='ocrx_word' id='word_1_388' title='bbox 1493 2599 1724 2643; x_wconf 87' lang='lat' dir='ltr'>corrumpat,</span> 
     </span>
     <span class='ocr_line' id='line_1_42' title="bbox 271 2650 1724 2704; baseline 0.003 -18"><span class='ocrx_word' id='word_1_389' title='bbox 271 2655 310 2686; x_wconf 88' lang='lat' dir='ltr'>et</span> <span class='ocrx_word' id='word_1_390' title='bbox 328 2662 351 2686; x_wconf 90' lang='lat' dir='ltr'>a</span> <span class='ocrx_word' id='word_1_391' title='bbox 369 2650 476 2687; x_wconf 92' lang='lat' dir='ltr'>vobis</span> <span class='ocrx_word' id='word_1_392' title='bbox 506 2650 658 2695; x_wconf 90' lang='lat' dir='ltr'>alienet,</span> <span class='ocrx_word' id='word_1_393' title='bbox 677 2663 748 2688; x_wconf 89' lang='lat' dir='ltr'>nec</span> <span class='ocrx_word' id='word_1_394' title='bbox 768 2650 893 2687; x_wconf 85' lang='lat' dir='ltr'>solum</span> <span class='ocrx_word' id='word_1_395' title='bbox 915 2650 1194 2689; x_wconf 89' lang='lat' dir='ltr'>Macedonicos</span> <span class='ocrx_word' id='word_1_396' title='bbox 1211 2651 1362 2690; x_wconf 87' lang='lat' dir='ltr'>exsules</span> <span class='ocrx_word' id='word_1_397' title='bbox 1382 2666 1450 2704; x_wconf 89' lang='lat' dir='ltr'>per</span> <span class='ocrx_word' id='word_1_398' title='bbox 1474 2653 1724 2704; x_wconf 90' lang='lat' dir='ltr'>imperatores</span> 
     </span>
     <span class='ocr_line' id='line_1_43' title="bbox 272 2711 1722 2764; baseline 0.004 -17"><span class='ocrx_word' id='word_1_399' title='bbox 272 2716 421 2749; x_wconf 86' lang='lat' dir='ltr'>vestros</span> <span class='ocrx_word' id='word_1_400' title='bbox 447 2718 680 2764; x_wconf 88' lang='lat' dir='ltr'>transportet</span> <span class='ocrx_word' id='word_1_401' title='bbox 707 2711 889 2757; x_wconf 85' lang='lat' dir='ltr'>Thasum,</span> <span class='ocrx_word' id='word_1_402' title='bbox 913 2712 980 2750; x_wconf 89' lang='lat' dir='ltr'>sed</span> <span class='ocrx_word' id='word_1_403' title='bbox 1009 2720 1047 2750; x_wconf 90' lang='lat' dir='ltr'>et</span> <span class='ocrx_word' id='word_1_404' title='bbox 1078 2712 1241 2763; x_wconf 88' lang='lat' dir='ltr'>reliquas</span> <span class='ocrx_word' id='word_1_405' title='bbox 1269 2713 1340 2752; x_wconf 89' lang='lat' dir='ltr'>sibi</span> <span class='ocrx_word' id='word_1_406' title='bbox 1367 2713 1534 2753; x_wconf 90' lang='lat' dir='ltr'>vindicet</span> <span class='ocrx_word' id='word_1_407' title='bbox 1562 2714 1722 2761; x_wconf 89' lang='lat' dir='ltr'>insulas,</span> 
     </span>
    </p>
   </div>
   <div class='ocr_carea' id='block_1_3' title="bbox 809 2829 1176 2868">
    <p class='ocr_par' dir='ltr' id='par_1_5' title="bbox 809 2829 1176 2868">
     <span class='ocr_line' id='line_1_44' title="bbox 809 2829 1176 2868; baseline 0.005 -10"><span class='ocrx_word' id='word_1_408' title='bbox 809 2832 814 2848; x_wconf 87' lang='lat'><strong>¹</strong></span> <span class='ocrx_word' id='word_1_409' title='bbox 843 2829 1011 2868; x_wconf 65' lang='lat' dir='ltr'>indigeant.</span> <span class='ocrx_word' id='word_1_410' title='bbox 1057 2830 1176 2861; x_wconf 44' lang='lat' dir='ltr'>&amp;Yotn</span> 
     </span>
    </p>
   </div>
  </div>
 </body>
</html>
