1923 3149
337 106 413 143 102
869 104 1185 143 PHILIPPICA
1207 104 1276 143 IV.

332 206 643 257 Thracia,—-quo
663 204 765 245 enim
784 205 858 245 alio
883 208 1038 245 nomine
1059 207 1229 258 appelles
1259 206 1502 257 Drongilum,
1528 213 1568 245 et
1593 206 1779 258 Cabylen,

329 274 372 305 et
392 267 609 313 Mastiram,
637 273 677 305 et
707 281 754 305 ea
776 281 863 318 quae
883 281 988 306 nunc
1008 275 1137 305 tenere
1158 267 1364 313 dicitur—,
1385 267 1469 305 haec
1494 268 1637 317 inquam
1662 281 1780 318 appe-

329 335 424 373 tere,
445 334 484 366 et
502 334 544 366 ut
558 342 604 366 ea
620 328 803 374 obtineat,
824 336 862 367 et
880 329 1030 366 labores
1050 335 1091 366 et
1106 328 1261 379 hyemes
1282 334 1321 366 et
1340 335 1512 366 extrema
1535 328 1704 379 pericula
1721 336 1780 367 to-

329 389 475 433 lerare;
505 389 796 428 Atheniensium
823 397 949 428 autem
971 396 1116 440 portus,
1139 396 1178 426 ct
1204 389 1367 434 navalia,
1387 395 1426 426 et
1445 389 1632 435 triremes,
1655 396 1693 427 et
1721 403 1780 427 ar-

326 450 602 501 gentifodinas,
619 458 658 489 et
677 458 804 489 tantos
819 452 977 496 reditus,
998 458 1036 489 et
1051 451 1192 495 locum,
1212 457 1251 488 et
1270 450 1444 501 gloriam,
1463 450 1600 500 quibus
1622 451 1720 489 absit
1737 458 1781 489 ut

328 512 388 550 vel
408 512 470 550 ille
488 513 548 550 vel
570 513 771 563 quisquam
790 513 901 562 alius,
922 514 1014 550 urbe
1034 518 1166 549 nostra
1186 513 1358 558 subacta,
1374 511 1556 562 potiatur,
1574 525 1651 549 non
1678 512 1779 550 desi-

326 573 477 619 derare,
495 574 563 611 sed
582 573 666 611 haec
685 586 752 611 vos
772 572 913 611 habere
928 573 1212 624 permissurum,
1231 580 1386 624 propter
1401 573 1580 624 panicum
1597 580 1725 611 autern
1739 582 1778 612 et

325 634 516 684 siliginem
547 635 584 672 in
603 634 773 672 Thraciis
802 635 990 672 cuniculis
1022 634 1175 685 defossa,
1200 634 1237 671 in
1259 634 1446 671 Barathro
1465 634 1778 685 hybernaturum.

329 695 418 734 Non
450 696 533 734 haec
555 696 609 733 ita
632 703 735 742 sunt,
763 695 832 733 sed
860 702 898 734 et
916 696 994 742 illa,
1019 709 1096 746 quo
1123 695 1182 733 his
1208 696 1388 747 potiatur,
1413 703 1452 734 et
1477 695 1624 746 reliqua
1652 697 1780 735 omnia

328 757 496 795 molitur.

381 820 419 855 5.
450 817 546 854 Haec
575 816 691 868 igitur
719 819 984 869 unusquisque
1014 819 1111 856 scire
1138 825 1177 856 et
1201 826 1331 856 tenere
1351 818 1479 864 debet,
1499 831 1625 869 neque
1641 819 1777 868 jubere

325 877 592 916 mediusfidius
614 886 656 916 ut
673 879 818 917 bellum
838 881 1021 918 decernat
1034 880 1080 924 is,
1097 879 1162 930 qui
1178 880 1322 930 optimo
1336 880 1462 917 animo
1478 881 1678 918 utilissima
1690 894 1778 919 sua-

323 940 412 984 det3
443 941 483 978 id
503 941 603 978 enim
623 953 754 978 eorum
776 948 836 979 est
860 941 926 992 qui
946 940 1185 979 detrectandi
1210 941 1298 978 belli
1318 953 1472 978 causam
1492 948 1682 990 quaerunt,
1701 956 1779 980 non

324 1003 386 1052 quz'
411 1015 457 1039 ea
478 1015 564 1053 quae
583 1002 658 1039 sint
676 1015 722 1039 ex
742 1016 815 1040 usu
835 1002 1053 1053 reipublicae
1072 1015 1187 1053 agere
1216 1003 1471 1040 decreverunt:
1499 1003 1637 1042 videtis
1663 1004 1777 1052 enim,

324 1064 357 1102 si
377 1064 463 1115 quis
484 1070 638 1114 propter
657 1077 703 1101 ea
723 1064 760 1101 in
786 1064 922 1115 quibus
942 1063 1143 1114 Philippus
1170 1063 1346 1113 primum,
1367 1063 1592 1108 secundum,
1620 1071 1686 1103 ant
1702 1071 1779 1103 ter-

325 1127 432 1173 tium,
453 1126 580 1164 foedus
601 1125 953 1171 violarat,—-multa
965 1126 1064 1163 enim
1078 1125 1208 1164 ordine
1222 1132 1377 1172 sunt—‚
1390 1125 1626 1163 decrevisset
1641 1126 1675 1164 ei
1694 1126 1777 1164 bel-

323 1189 402 1226 lum
419 1201 503 1226 esse
524 1187 788 1230 inferendum
818 1187 850 1225 is
870 1200 972 1232 vero,
992 1200 1102 1236 aeque
1121 1193 1164 1224 ut
1182 1199 1297 1232 nunc,
1312 1186 1462 1224 nemine
1479 1186 1778 1225 Atheniensium

322 1249 465 1287 bellum
481 1249 727 1293 decernente,
750 1248 950 1286 Cardianis
969 1262 1079 1299 opem
1097 1247 1261 1294 tulisset,
1281 1261 1408 1285 annon
1430 1248 1610 1297 abreptus
1631 1255 1735 1293 esset
1755 1260 1778 1286 e

323 1310 451 1348 medio
470 1310 614 1348 decreti
633 1316 781 1355 auctor,
804 1317 842 1347 et
855 1322 989 1348 omnes
1002 1310 1127 1360 questi
1143 1318 1287 1354 essent,
1303 1309 1520 1359 Philippum
1537 1315 1692 1360 propter
1705 1309 1779 1347 hoc

324 1372 521 1409 decretum
540 1371 744 1409 Cardianis
763 1384 876 1422 opem
890 1371 1054 1409 tulisse?
1107 1371 1167 1408 Ne
1197 1371 1312 1421 igitur
1336 1371 1550 1421 quaeritote‚
1570 1383 1680 1421 quem
1708 1382 1778 1421 pro

323 1433 492 1485 Philippi
506 1433 656 1471 delictis
673 1433 843 1478 oderitis,
859 1439 897 1470 et
916 1433 1018 1470 illius
1035 1433 1276 1471 mercenariis
1290 1432 1552 1470 dilaniandum
1564 1432 1752 1483 objiciatis
1767 1445 1777 1470 ε

320 1508 458 1545 neque,
480 1495 512 1532 si
527 1494 670 1532 bellum
689 1494 760 1546 ipsi
780 1494 1038 1540 decreveritis,
1059 1494 1183 1532 velitis
1203 1494 1300 1531 inter
1317 1506 1384 1531 vos
1404 1493 1775 1543 disceptare,utrum

321 1556 361 1593 id
376 1569 446 1594 vos
462 1556 597 1594 secisse
617 1556 802 1602 decuerit,
821 1555 883 1593 vel
902 1568 980 1593 non
995 1555 1179 1594 decuerit.
1238 1554 1315 1593 Sed
1331 1555 1467 1605 quibus
1487 1554 1549 1592 ille
1568 1555 1777 1593 rationibus

322 1617 467 1655 bellum
484 1617 610 1664 infert,
637 1617 782 1655 eisdem
801 1630 867 1655 vos
886 1617 1127 1668 propulsate:
1157 1617 1213 1662 iis,
1236 1617 1301 1667 qui
1327 1630 1429 1654 nunc
1448 1616 1686 1667 propulsant,
1705 1629 1774 1667 pe—

320 1678 475 1716 cuniam
500 1678 637 1716 dantes
658 1685 697 1716 et
723 1685 863 1716 caetera
881 1678 1017 1728 quibus
1037 1685 1174 1728 egent3
1205 1678 1277 1729 ipsi
1297 1685 1424 1715 autem
1444 1677 1622 1714 tributum
1643 1679 1775 1716 confe-

320 1748 465 1786 rentes,
497 1740 765 1784 Athenienses,
791 1746 830 1777 et
859 1745 1126 1790 comparantes
1159 1738 1381 1782 exercitum,
1413 1738 1585 1775 triremes
1617 1738 1773 1783 celeres,

320 1814 457 1851 equos,
475 1799 714 1851 hippagines,
735 1806 773 1837 et
785 1807 927 1838 caetera
946 1812 1186 1850 quaecunque
1203 1801 1251 1837 ad
1270 1799 1412 1836 bellum
1433 1799 1676 1848 requiruntur.
1722 1799 1776 1837 Ut

320 1863 423 1900 enim
443 1875 548 1900 nunc
582 1875 641 1900 res
673 1861 998 1908 administramus,
1018 1862 1220 1900 ridiculum
1251 1869 1320 1899 est.
1377 1861 1479 1905 Quin
1505 1861 1628 1912 ipsum
1657 1860 1774 1899 etiam

320 1924 555 1975 Philippum,
575 1925 627 1961 ita
646 1937 706 1961 me
725 1924 776 1960 dii
795 1930 936 1970 ament,
956 1930 1088 1974 optare
1105 1930 1214 1975 puto,
1239 1930 1282 1960 ut
1301 1936 1378 1961 non
1407 1922 1510 1960 aliud
1531 1930 1622 1972 agat
1639 1935 1773 1974 respu-

320 1985 421 2023 blica
439 1992 584 2031 nostra,
611 1998 724 2035 quam
745 1998 832 2035 quae
853 1998 955 2022 nunc
975 1986 1110 2035 agitis:
1140 1985 1313 2030 cessatis,
1335 1990 1509 2034 sumptus
1532 1984 1679 2026 facitis;
1711 1984 1773 2022 cui

319 2060 377 2085 res
393 2047 596 2093 mandetis,
613 2047 802 2098 quaeritis;
825 2047 1075 2092 succensetis,
1092 2047 1187 2084 alius
1208 2046 1322 2084 alium
1339 2045 1543 2084 accusatis.
1577 2045 1688 2083 Unde
1704 2058 1772 2083 au-

318 2116 395 2147 tem
415 2109 488 2147 ista
504 2109 612 2155 fiant,
632 2122 705 2159 ego
724 2109 886 2153 docebo,
906 2115 944 2145 et
964 2108 1156 2158 quomodo
1177 2108 1461 2159 compescenda
1476 2108 1563 2150 sint,
1584 2106 1724 2145 dicam.

373 2171 412 2207 6.
443 2170 547 2209 Nihil
562 2183 744 2220 unquam,
767 2170 1036 2216 Athenienses,
1058 2170 1105 2208 ab
1125 2169 1232 2207 initio
1252 2176 1355 2209 recte
1376 2168 1605 2212 instituistis,
1626 2176 1693 2205 aut
1712 2168 1769 2205 in-

320 2231 536 2275 struxistis3
569 2232 637 2269 sed
656 2237 835 2269 eventum
861 2244 1007 2282 semper
1027 2231 1292 2269 assectamini:
1323 2229 1474 2273 deinde,
1502 2230 1532 2266 si
1561 2229 1680 2266 serius
1707 2242 1769 2266 ve-

320 2291 445 2336 nistis,
474 2292 650 2337 cessatis,
672 2305 814 2336 rursus,
837 2292 867 2328 si
888 2292 980 2342 quid
1011 2292 1115 2329 aliud
1136 2291 1316 2336 evenerit,
1336 2290 1521 2327 instruitis
1541 2303 1623 2334 vos,
1652 2297 1690 2327 et
1710 2297 1770 2328 tu—

321 2352 574 2389 multuamini.
633 2353 732 2390 Cum
752 2367 829 2390 non
848 2353 901 2390 ita
919 2353 968 2390 sit
979 2353 1194 2403 agendum:
1216 2365 1341 2402 neque
1361 2352 1459 2389 enim
1476 2352 1553 2389 ficri
1572 2358 1712 2401 potest,
1727 2358 1771 2389 ut

320 2415 384 2465 qui
411 2415 607 2452 subitaneis
626 2422 785 2452 utuntur
818 2416 978 2460 auxiliis,
998 2415 1201 2465 quicquam
1223 2422 1326 2452 recte
1348 2427 1514 2464 unquam
1535 2414 1766 2457 conficiant:

319 2476 390 2514 sed
409 2477 647 2514 conscribere
663 2479 962 2527 0p01·tetju.stnm
983 2477 1205 2520 exercitum,
1226 2483 1265 2514 et
1282 2484 1517 2514 commeatus
1537 2476 1610 2514 illis
1629 2489 1770 2527 suppe-

319 2539 456 2584 ditare,
476 2545 514 2575 et
533 2546 742 2588 quaestores
761 2539 945 2589 publicos,
973 2546 1011 2577 ct
1039 2545 1081 2576 ut
1105 2552 1220 2588 quam
1248 2539 1540 2589 diligentissima
1560 2540 1625 2576 fiat
1648 2539 1770 2577 aerarii

318 2600 518 2644 custodia;
549 2601 587 2637 id
607 2613 697 2637 vero
729 2607 924 2645 curantes,
943 2601 1115 2651 pecunioe
1146 2601 1313 2637 rationes
1335 2613 1356 2637 a
1375 2600 1627 2650 quaestoribus
1655 2612 1767 2649 repo-

318 2675 440 2707 sccre,
456 2674 580 2699 rerum
601 2674 689 2698 vero
708 2667 918 2711 gestarum,
940 2663 986 2698 ab
1002 2661 1253 2710 imperatore3
1277 2669 1314 2698 et
1327 2661 1470 2698 nullam
1484 2660 1541 2698 vel
1561 2659 1768 2709 navigandi

319 2724 408 2768 alio,
426 2723 485 2760 vcl
507 2722 610 2760 aliud
631 2722 776 2773 aliquid
795 2722 933 2772 agendi
952 2735 1106 2759 causam
1127 2723 1217 2760 (luci
1243 2722 1468 2772 relinquere.
1525 2721 1641 2764 Quod
1663 2723 1691 2757 si
1713 2722 1767 2760 sic

319 2787 499 2832 feceritis,
525 2793 563 2823 et
583 2786 655 2823 hoc
675 2785 885 2829 volueritis,
905 2797 1036 2822 revera
1052 2784 1191 2835 justam
1213 2798 1362 2822 servare
1385 2795 1531 2834 pacem,
1550 2790 1589 2819 ct
1612 2795 1766 2821 manere

320 2847 437 2893 (lomi,
457 2861 519 2883 vwo
539 2852 752 2892 cementum,
769 2845 984 2897 Philippum
1006 2846 1153 2895 cogetis
1171 2860 1180 2882 2
1211 2855 1276 2882 aut
1296 2845 1438 2883 bellum
1460 2857 1506 2882 ex
1527 2856 1638 2893 oequo
1657 2856 1766 2893 gere-
