1923 3149
266 219 342 259 290
675 215 966 256 ADVERSUS
1010 208 1300 253 LEPTINEM.

263 328 342 359 tate
370 319 636 372 spoliaveritis,
661 320 752 370 quid
786 332 853 370 per
879 319 972 356 deos
1014 318 1247 355 immortales
1278 315 1618 368 respondebimus?
1647 321 1714 354 aut

262 381 354 431 quid
375 382 420 427 is,
439 380 502 431 qui
518 381 897 418 senatusconsultum
918 393 984 429 pro
1004 379 1110 416 vobis
1130 377 1257 423 faciet,
1276 376 1483 427 praetexet?
1513 377 1614 414 Illud
1641 378 1714 415 sci-

262 443 366 487 licet,
389 442 575 492 quosdam
595 441 772 492 indignos
793 441 865 478 frui
886 438 1215 477 immunitatibus?
1247 440 1303 475 At
1331 438 1362 475 si
1388 438 1437 475 ad
1465 438 1539 475 hoc
1564 437 1628 475 ille
1655 451 1715 476 re-

263 502 485 552 sponderit:
526 503 698 540 fortassis
736 502 847 539 etiam
886 500 1177 539 Atheniensium
1215 498 1423 536 nonnullos
1462 511 1546 536 esse
1584 511 1718 549 parum

262 563 378 613 frugi,
407 575 447 600 se
467 570 595 600 tamen
616 569 819 613 propterea
837 575 914 598 non
935 561 1027 612 pati,
1047 567 1091 597 ut
1117 560 1229 597 bonis
1251 560 1338 596 viris
1359 559 1397 596 id
1417 558 1540 596 fraudi
1566 558 1627 604 sit,
1649 558 1718 596 sed

263 624 352 674 quia
368 623 557 674 Populum
574 625 717 661 bonurn
732 629 852 673 putet,
865 622 1005 660 nemini
1020 622 1223 672 quicquam
1239 621 1381 671 eripere
1397 633 1407 663 ;
1439 633 1488 657 an
1503 632 1578 656 non
1600 618 1719 668 aequi-

263 697 330 722 ora
357 683 458 722 dicet
475 698 589 734 quam
609 683 707 721 vos?
746 683 913 730 omnino,
940 696 1023 720 mea
1043 682 1196 733 quidem
1216 682 1420 719 sententia.
1451 680 1567 731 Apud
1586 692 1718 717 omnes

265 747 365 784 enim
384 746 558 782 homines
578 746 764 782 usitatum
783 751 855 789 est,
876 751 1032 795 propter
1053 743 1328 787 benemeritos,
1352 742 1466 779 etiam
1489 741 1583 779 alios
1603 753 1720 790 quos-

265 808 354 845 dam
375 807 516 857 potius,
537 819 699 856 quorum
714 805 842 842 nullus
857 818 952 842 usus
974 811 1045 849 est,
1067 804 1220 842 afficere
1251 803 1462 849 beneficiis,
1492 815 1606 853 quarn
1633 814 1722 853 pro-

264 874 348 918 pter
371 867 563 918 improbos
584 867 729 917 eripere
748 879 836 916 quae
852 878 1040 904 concessa
1054 865 1211 902 fuerunt
1230 865 1290 903 his
1310 866 1374 915 qui
1393 865 1490 902 citra
1502 870 1722 901 controver-

265 930 361 967 siam
381 930 489 980 digni
509 935 597 967 sunt
611 928 812 967 beneficio.
842 928 1048 974 Praeterea,
1066 927 1097 965 si
1112 928 1196 977 quis
1212 927 1310 964 forte
1325 926 1488 964 voluerit
1503 926 1721 963 Leuconem

263 990 312 1027 ad
332 990 650 1040 permutationem
672 990 898 1027 facultatum
927 988 1095 1038 adigere,
1122 1000 1199 1038 quo
1221 987 1259 1024 id
1278 986 1402 1024 caveri
1422 986 1546 1036 possit
1564 998 1642 1023 non
1661 998 1720 1022 re-

265 1052 383 1103 perio.
428 1052 586 1102 Semper
605 1052 706 1089 enim
726 1064 819 1101 opes
847 1050 949 1088 illius
970 1050 1109 1099 aliquae
1136 1047 1239 1099 apud
1266 1061 1335 1085 vos
1363 1054 1475 1085 sunt:
1507 1047 1581 1084 hac
1607 1046 1723 1096 igitur

264 1113 365 1163 lege,
380 1113 410 1150 si
426 1113 509 1163 quis
522 1126 586 1150 eas
603 1112 796 1155 invaserit,
810 1118 876 1149 aut
889 1111 961 1148 illis
976 1110 1212 1161 spoliabitur,
1223 1116 1289 1147 aut
1303 1110 1409 1146 obire
1421 1109 1577 1160 publica
1590 1121 1723 1146 mune-

264 1187 306 1212 ra
328 1181 501 1224 cogetur.
533 1174 670 1224 Neque
690 1186 780 1211 vero
801 1173 849 1210 de
877 1171 1093 1222 sumptibus
1115 1171 1241 1208 Leuco
1261 1183 1498 1221 magnopere
1522 1169 1723 1215 laborabit,

268 1235 337 1272 sed
358 1234 397 1272 id
419 1235 575 1272 demum
594 1234 759 1272 moleste
779 1234 889 1278 feret,
909 1232 979 1270 sibi
995 1245 1220 1270 concessum
1238 1245 1260 1269 a
1274 1232 1380 1269 vobis
1401 1232 1543 1269 donum
1565 1230 1672 1281 eripi.

324 1296 337 1331 1
352 1297 384 1334 1.
408 1295 559 1345 Neque,
577 1295 847 1341 Athenienses,
867 1295 940 1332 hoc
957 1293 1371 1345 solumprovidendum
1385 1300 1458 1341 est,
1471 1301 1514 1331 ut
1528 1306 1574 1331 ne
1590 1292 1725 1343 injuria

270 1357 397 1394 Leuco
417 1356 614 1403 afficiatur,
635 1359 699 1407 qui
726 1370 803 1395 non
833 1364 912 1394 tam
946 1356 1076 1406 aliqua
1100 1356 1330 1393 necessitate
1350 1369 1464 1406 quarn
1495 1356 1552 1393 sui
1569 1354 1726 1392 honoris

268 1431 399 1464 causa,
417 1418 698 1456 immunitatem
713 1431 736 1455 a
753 1418 861 1456 vobis
881 1417 1086 1468 impetrare
1108 1417 1278 1454 studuit:
1309 1417 1378 1454 sed
1398 1417 1437 1454 id
1458 1429 1611 1467 quoque
1631 1428 1725 1454 con-

270 1479 428 1517 siderari
456 1479 585 1524 debet,
604 1493 652 1517 ne
672 1479 718 1525 is.
746 1480 810 1529 qui
839 1479 1020 1516 secundis
1041 1478 1119 1515 suis
1147 1478 1261 1515 rebus
1287 1478 1325 1514 in
1344 1490 1411 1515 vos
1437 1477 1633 1515 beneficus
1659 1490 1727 1514 ex-

269 1540 380 1586 stitit,
400 1553 502 1578 nunc
522 1540 693 1585 demum,
717 1553 805 1577 cum
836 1539 1141 1577 remuneratione
1169 1538 1409 1576 liberalitatis
1434 1551 1529 1589 opus
1558 1544 1629 1584 est,
1656 1538 1727 1575 im-

268 1601 456 1639 munitate
478 1601 675 1651 spolietur.
707 1602 785 1639 Iste
804 1600 918 1651 igitur
938 1600 1021 1651 quis
1050 1599 1139 1638 est?
1171 1599 1382 1650 Epicerdes
1412 1600 1639 1652 Cyrenaeus,
1661 1599 1728 1650 qui

268 1669 386 1708 certe,
408 1662 438 1700 si
458 1663 661 1713 quisquam
682 1662 792 1709 alius,
806 1662 893 1713 jure
921 1674 969 1699 ac
996 1661 1130 1698 merito
1158 1660 1273 1698 istum
1296 1661 1482 1699 honorem
1502 1668 1562 1698 est
1590 1673 1726 1698 conse-

269 1731 408 1762 cutus:
439 1736 517 1762 non
551 1723 656 1774 quod
681 1736 823 1774 magna
845 1723 1023 1774 quaedam
1052 1729 1118 1760 aut
1137 1722 1365 1760 admiranda
1389 1722 1622 1772 praestiterit,
1658 1720 1727 1759 sed

270 1787 375 1837 quod
412 1787 480 1824 tali
513 1793 683 1837 tempore
715 1792 844 1823 vestro
874 1785 1100 1823 benefacere
1132 1784 1241 1822 vobis
1276 1784 1436 1829 studuit,
1465 1797 1542 1833 quo
1572 1783 1729 1821 difficile

270 1852 354 1884 erat
371 1847 503 1884 eorum
530 1847 700 1896 aliquem
719 1845 901 1892 invenire,
920 1845 985 1895 qui
1004 1845 1153 1895 maguis
1172 1843 1371 1881 beneficiis
1396 1842 1574 1890 affectus,
1595 1856 1730 1882 nemor

270 1915 310 1945 et
329 1915 461 1958 gratus
494 1920 580 1944 esse
611 1907 739 1944 vellet.
784 1906 886 1943 Nam
918 1906 991 1943 iste
1019 1906 1088 1949 vir,
1117 1911 1161 1942 ut
1196 1904 1587 1948 senatusconsultum,
1619 1904 1725 1954 quod

272 1975 355 2006 tum
375 1969 458 2019 ejus
488 1980 609 2005 causa
627 1967 772 2004 factum
801 1973 874 2012 est,
895 1966 1052 2010 indicat,
1077 1965 1223 2003 civibus
1253 1977 1298 2002 eo
1327 1971 1499 2014 tempore
1529 1964 1566 2002 in
1598 1964 1728 2003 Sicilia

271 2030 448 2080 captivis,
468 2035 575 2066 tanta
607 2028 827 2066 calamitate
854 2026 1122 2064 circumventis
1152 2032 1305 2063 centum
1338 2025 1462 2062 minas
1491 2025 1623 2062 dedit:
1653 2038 1730 2076 qua

273 2104 314 2130 re
334 2104 435 2129 unus
455 2090 615 2128 maxime
636 2089 751 2133 cavit,
774 2101 822 2125 ne
842 2088 942 2125 fame
962 2087 1128 2138 perirent
1145 2086 1326 2124 universi.
1374 2085 1540 2131 Deinde,
1560 2085 1651 2124 data
1673 2085 1730 2124 illi

272 2158 478 2204 propterea
501 2151 741 2189 immunitate
760 2162 784 2187 a
801 2149 924 2194 vobis,
944 2161 1035 2186 curn
1053 2148 1200 2186 videret
1217 2147 1255 2184 in
1280 2146 1383 2184 bello
1402 2141 1520 2198 paulo
1538 2154 1627 2185 ante
1645 2146 1730 2186 Tri-

275 2214 379 2264 ginta
398 2219 570 2264 tyrannos
596 2217 718 2263 gesto,
739 2210 889 2262 Populo
909 2209 1045 2248 deesse
1075 2208 1291 2260 pecuniam,
1320 2207 1422 2245 ultro
1443 2208 1631 2246 talentum
1660 2209 1730 2246 ob-

273 2273 373 2311 tulit.
404 2272 660 2312 Considerate
679 2271 796 2324 igitur
814 2271 990 2318 obsecro,
1010 2268 1282 2313 Athenienses,
1302 2268 1495 2319 quodnam
1514 2268 1729 2307 evidentius

273 2333 556 2372 benevolentiae
576 2346 668 2385 erga
687 2345 754 2372 vos
775 2332 972 2384 specimen
993 2331 1196 2383 quisquam
1214 2330 1388 2381 praebere
1406 2329 1542 2379 possit,
1564 2342 1730 2379 quemve

275 2395 402 2433 minus
424 2395 523 2433 affici
542 2394 680 2433 deceat
694 2393 844 2444 injuria,
864 2405 979 2444 quam
997 2405 1099 2440 eum,
1119 2391 1184 2442 qui
1203 2391 1381 2442 primum,
1400 2402 1489 2427 cum
1503 2390 1606 2428 cladi
1626 2392 1731 2430 urbis

275 2455 527 2502 interfuisset,
539 2454 783 2493 calamitosos
802 2460 841 2492 et
856 2466 1001 2500 eorum,
1017 2464 1260 2503 quaecunque
1278 2451 1407 2488 futura
1423 2458 1538 2497 esset,
1555 2452 1730 2502 gratiam,

275 2516 350 2554 illis
371 2515 434 2566 qui
454 2529 500 2553 eo
521 2522 693 2566 ternpore
708 2515 894 2561 vicerant,
917 2521 956 2552 et
969 2513 1072 2566 apud
1087 2525 1184 2564 quos
1204 2519 1300 2556 erat,
1315 2512 1547 2562 praetulerit:
1578 2513 1728 2562 deinde,

276 2577 342 2629 qui
357 2577 432 2615 alia
450 2577 681 2614 necessitate
702 2576 981 2620 animadversa,
997 2574 1200 2626 pecuniam
1219 2573 1380 2623 largitus
1403 2573 1464 2618 sit,
1484 2586 1560 2611 non
1582 2574 1631 2611 de
1651 2574 1730 2612 suis

276 2638 432 2691 privatis
453 2638 589 2688 opibus
609 2637 881 2676 conservandis
902 2636 1105 2681 sollicitus,
1126 2635 1194 2673 sed
1214 2635 1261 2671 (le
1282 2647 1341 2679 e0‚
1362 2641 1405 2671 ut
1424 2642 1609 2685 quantum
1629 2635 1667 2672 in
1688 2648 1729 2673 se

278 2705 394 2742 esset,
415 2712 483 2737 vos
503 2698 611 2736 nulla
630 2698 790 2749 penuria
807 2695 1052 2736 laboraretis?
1083 2696 1181 2733 Eum
1202 2694 1318 2745 igitur
1336 2695 1399 2745 qui
1418 2695 1544 2746 reipsa
1563 2695 1729 2733 miserri-

280 2761 349 2799 mis
365 2760 598 2811 temporibus
618 2772 708 2810 opes
724 2772 814 2797 suas
832 2757 983 2809 Populo
1001 2758 1055 2795 ita
1070 2770 1292 2795 communes
1309 2769 1395 2794 esse
1410 2756 1540 2801 voluit,
1561 2763 1600 2794 et
1612 2757 1730 2794 verbo

281 2831 394 2861 tenus
415 2835 460 2861 ac
478 2821 633 2861 honoris
650 2828 798 2859 tantum
813 2833 930 2858 causa
949 2819 1228 2857 immunitatem
1250 2831 1271 2855 a
1291 2818 1399 2856 vobis
1418 2818 1548 2862 habet,
1564 2829 1641 2854 non
1660 2816 1730 2854 im—

281 2884 468 2921 munitate
484 2882 844 2935 spoliabitis‚—qua
862 2893 948 2918 eum
965 2894 1012 2918 ne
1033 2893 1143 2918 usum
1160 2879 1315 2930 quidem
1329 2892 1414 2917 esse
1431 2878 1648 2924 constat—'‚
1663 2877 1731 2916 sed

280 2944 319 2983 id
341 2944 528 2991 efficietis,
548 2951 591 2983 ut
617 2957 727 2982 nemo
752 2943 859 2981 vobis
886 2942 1003 2980 fidere
1024 2942 1147 2980 ausit:
1178 2954 1254 2991 quo
1274 2941 1364 2991 quid
1394 2946 1511 2991 queat
1537 2952 1622 2977 esse
1651 2938 1739 2977 tur-5
