1923 3149
554 142 769 182 ORATIO
801 143 873 182 DE
911 142 1294 183 CHERSONESO.
1577 142 1625 177 77

163 245 342 297 graviter,
361 256 439 283 non
459 251 586 285 tamen
602 247 767 298 graviter
779 252 838 284 est
855 245 1056 284 ferendum
1073 259 1082 283 z
1105 245 1174 283 sed
1190 246 1252 283 hoc
1265 247 1399 295 potius,
1412 257 1481 283 vos
1496 245 1534 282 in
1550 244 1626 283 hoc

167 320 356 346 consessu
375 307 428 346 ita
441 309 522 359 jam
542 322 627 347 esse
649 309 850 353 animatos,
872 314 915 345 ut
928 308 958 346 si
979 307 1062 358 quis
1082 320 1150 358 pro
1170 308 1354 346 concione
1375 308 1510 345 dixerit
1531 307 1627 345 Dio·

165 369 295 420 pithen
318 384 417 416 esse,
439 378 505 408 aut
527 371 745 416 Charetem,
765 379 833 408 aut
850 370 1177 420 Aristophontem,
1197 376 1264 406 aut
1283 368 1453 418 quemvis
1474 368 1538 418 qui
1558 381 1628 406 no-

166 431 298 469 minari
321 433 438 482 possit
462 432 615 477 civium,
643 433 704 470 cui
725 432 827 469 mala
847 431 976 468 omnia
995 436 1155 481 accepta
1173 429 1374 467 reserenda
1394 429 1483 473 sint,
1501 430 1628 466 statim

169 495 443 541 assentiamini,
463 502 502 533 <t
521 495 603 545 ejus
632 494 791 531 orationi
817 493 1084 545 applaudatis:
1117 499 1154 529 at
1176 492 1207 529 si
1236 492 1320 542 quis
1341 504 1568 542 progressus
1589 491 1629 527 in

168 557 352 604 medium,
372 570 462 595 vera
481 556 595 601 dicat,
616 560 639 576 “
655 569 778 606 nugas
795 556 923 606 agitis,
936 553 1233 599 Athenienses,''
1261 553 1446 590 malorum
1461 552 1630 589 omnium

166 623 207 654 et
226 630 353 655 rerum
372 618 506 654 harum
522 616 722 667 Philippus
742 624 800 653 est
821 622 961 666 caput3
993 616 1059 666 qui
1079 616 1111 654 si
1131 614 1354 666 quievisset,
1375 613 1467 650 nihil
1488 612 1632 663 negotii

166 686 271 717 esset
290 679 534 729 reipublicae:
564 691 642 716 non
662 679 818 729 quidem
837 691 928 716 vera
945 690 1032 715 eum
1052 677 1181 715 dicere
1200 689 1343 727 negare
1363 675 1542 726 possetis,
1563 675 1634 712 scd

169 740 336 791 graviter
349 740 458 777 laturi
474 747 601 777 tamen
622 739 814 785 videmini,
833 746 871 777 et
889 738 1048 790 periisse
1068 738 1176 775 vobiS
1196 736 1353 787 aliquod
1373 735 1634 773 existimaturi.

174 801 220 839 In
240 814 360 840 causa
377 801 449 839 hoc
465 808 571 839 est—
584 801 653 839 sed
671 814 737 839 oro
756 814 823 852 per
843 801 951 847 deos,
970 807 1014 837 ut
1025 813 1112 850 quae
1128 799 1178 837 ad
1193 805 1359 837 vestram
1372 797 1534 836 salutem
1547 810 1634 847 per-

169 862 306 909 tinent,
326 862 442 900 libere
463 863 588 900 dicere
610 862 699 899 mihi
723 862 906 900 liceat—t
926 861 1008 912 jam
1034 860 1123 898 olim
1144 859 1301 910 quidam
1321 858 1541 909 reipublicae
1563 871 1635 908 gu-

170 925 395 962 bernatores
422 925 474 962 ita
493 938 568 962 vos
592 931 837 976 paraverunt,
856 931 898 961 ut
928 924 967 960 in
995 922 1247 961 concionibus
1276 921 1474 959 metuendi
1492 921 1578 958 ‘sitis
1598 927 1636 958 et

169 998 290 1032 acreS,
310 986 348 1023 in
377 986 524 1024 bellicis
544 999 635 1024 vero
668 986 914 1037 apparatibus
947 985 1094 1022 remissi
1121 991 1160 1022 et
1186 983 1431 1035 aspernandi.
1489 983 1531 1019 Si
1548 981 1635 1032 quis

171 1047 286 1097 igitur
306 1054 501 1085 auctorem
516 1047 704 1085 malorum
724 1060 810 1085 eum
825 1060 911 1085 esse
928 1047 1046 1093 dicat,
1065 1060 1177 1098 quem
1198 1046 1303 1084 scitis
1322 1046 1421 1083 inter
1435 1058 1503 1082 vos
1518 1058 1636 1095 posse

172 1109 462 1159 comprehendi,
489 1108 725 1153 assentimini
754 1116 793 1146 et
815 1109 938 1158 puniri
967 1109 1075 1145 istum
1094 1108 1233 1146 vultis:
1265 1109 1295 1144 si
1324 1107 1407 1157 quis
1436 1119 1528 1144 vero
1548 1119 1637 1144 eum

169 1169 361 1219 designet,
381 1170 445 1219 qui
465 1169 537 1206 nisi
556 1170 680 1207 victus
701 1170 825 1218 tarmis
853 1170 955 1207 affici
984 1169 1171 1221 supplicio
1197 1182 1274 1206 non
1295 1175 1436 1219 potest,
1465 1168 1636 1214 nescitis,

170 1232 318 1283 opinor,
335 1232 429 1283 quid
443 1232 497 1270 sit
517 1233 728 1283 agendum,
751 1232 820 1269 sed
833 1245 901 1270 vos
921 1232 1080 1282 coargui
1096 1232 1255 1269 moleste
1271 1230 1388 1268 fertis.
1437 1229 1553 1280 Atqui
1569 1230 1637 1267 de-

169 1296 296 1342 cebat,
313 1294 584 1342 AthenienseS,
606 1295 799 1333 diversum
820 1294 917 1339 fieri,
935 1302 976 1332 ut
989 1307 1138 1341 omneS,
1155 1293 1220 1344 qui
1235 1293 1284 1331 ad
1297 1306 1418 1343 remp.
1433 1292 1639 1339 accedunt,

169 1369 238 1395 vos
259 1357 562 1401 assuefacerent,
585 1357 623 1394 in
642 1357 908 1402 concionibus,
929 1356 979 1394 ad
1005 1355 1249 1394 clementiam
1270 1362 1308 1392 et
1333 1354 1636 1397 humanitatem:

170 1432 262 1457 nam
282 1419 320 1456 in
344 1419 404 1457 his
430 1419 480 1457 de
499 1419 586 1470 juro
611 1419 751 1456 civium
770 1425 810 1456 et
840 1417 1031 1456 sociorum
1052 1417 1204 1468 agitur:
1236 1417 1274 1454 in
1295 1415 1528 1467 apparandis
1547 1429 1639 1453 vero

171 1481 297 1527 bellis,
317 1481 546 1519 metuendos
561 1494 629 1520 vos
651 1487 690 1518 et
713 1494 819 1519 acres
839 1480 1061 1523 efficerent:
1093 1480 1143 1517 ibi
1164 1479 1265 1516 enim
1293 1491 1380 1516 cum
1408 1477 1580 1515 hostibus
1600 1483 1640 1514 et

172 1542 399 1580 adversariis
419 1555 477 1580 res
497 1550 569 1581 est.
625 1543 758 1590 Nunc,
773 1543 864 1580 dum
882 1542 991 1580 vobis
1012 1547 1260 1580 assentantur
1281 1547 1319 1578 et
1342 1539 1536 1590 obsequiis
1556 1552 1639 1577 orn-

173 1603 286 1641 nibus
305 1610 470 1642 vestram
491 1604 652 1655 gratiam
675 1611 930 1653 aucupantur,
958 1603 998 1641 id
1017 1603 1125 1641 vobis
1147 1602 1407 1647 contulerunt,
1427 1608 1470 1638 ut
1488 1601 1527 1638 in
1547 1614 1640 1639 con-

173 1665 349 1704 cionibus
368 1665 511 1703 fastum
535 1679 614 1716 prae
630 1665 739 1703 vobis
765 1664 895 1702 feratis
926 1671 964 1702 et
992 1665 1039 1702 ab
1066 1663 1328 1702 adulatoribus
1349 1662 1443 1700 nihil
1462 1661 1641 1709 audiatis,

172 1726 245 1765 nisi
266 1726 370 1778 quod
391 1728 547 1765 auribus
567 1726 802 1773 blandiatur,
823 1739 881 1764 res
901 1739 990 1764 vero
1003 1739 1050 1764 eo
1069 1725 1263 1771 redierint,
1285 1731 1326 1762 ut
1345 1724 1393 1762 de
1414 1724 1497 1776 ipsa
1516 1724 1640 1761 salute

173 1788 451 1840 periclitemini.

227 1851 266 1888 9.
296 1851 415 1902 Agite
427 1864 530 1897 vero,
548 1863 616 1902 per
637 1851 729 1889 deos
745 1851 995 1898 immortales,
1016 1850 1048 1889 si
1069 1850 1196 1889 Graeci
1217 1863 1240 1887 a
1258 1848 1366 1887 vobis
1381 1861 1511 1887 earum
1527 1860 1641 1886 occa-

173 1912 338 1955 sionum,
352 1925 449 1964 quas
465 1926 535 1964 per
549 1913 742 1964 ignaviam
758 1914 873 1950 modo
887 1912 1082 1957 amisistis,
1096 1911 1264 1950 rationes
1281 1916 1543 1962 reposcerent,
1554 1922 1641 1947 vos-

173 1982 248 2025 que
268 1975 323 2011 ita
349 1975 648 2025 interrogarent:
680 1974 950 2021 Athenienses,
969 1974 1119 2012 mittitis
1145 1973 1195 2011 ad
1216 1986 1285 2011 nos
1313 1972 1455 2024 passim
1475 1972 1644 2022 legatos,

174 2036 409 2082 dictitantes,
422 2036 644 2087 Philippum
657 2036 767 2073 nobis
782 2042 822 2074 et
835 2036 984 2074 Graecis
1003 2036 1183 2073 omnibus
1198 2034 1382 2079 insidiari,
1396 2040 1435 2071 et
1446 2033 1642 2072 hominem

174 2110 262 2135 esse
280 2097 592 2135 cavendum—et
606 2098 733 2136 omnia
751 2098 941 2149 ejusmodi
960 2109 1121 2136 necesse
1140 2103 1201 2135 est
1219 2096 1328 2134 fateri
1347 2109 1437 2134 vera
1456 2109 1563 2139 esse3
1587 2095 1643 2133 fa-

173 2159 296 2197 cimus
312 2160 412 2197 enim
427 2159 578 2198 haecss.
603 2159 656 2197 At
675 2172 697 2197 o
716 2160 933 2197 mortalium
953 2159 1125 2197 onmium
1144 2157 1394 2209 ignavissimi,
1407 2158 1538 2203 dicent,
1554 2170 1643 2195 cum

173 2221 290 2259 homo
310 2221 382 2259 iste
398 2222 532 2259 decem
552 2234 708 2260 menses
728 2223 912 2259 continuos
931 2222 1099 2267 abesset,
1120 2222 1174 2258 ita
1192 2226 1232 2258 et
1245 2221 1378 2258 morbo
1399 2228 1437 2258 et
1450 2220 1589 2271 hyeme
1605 2224 1645 2257 et

173 2283 284 2321 bellis
302 2283 549 2329 interclusus,
569 2290 614 2320 ut
630 2283 788 2321 domum
804 2282 953 2333 regredi
973 2282 1081 2320 nullo
1099 2282 1216 2319 modo
1232 2287 1376 2332 posset,
1392 2294 1462 2318 vos
1476 2294 1547 2318 nec
1565 2281 1642 2318 Eu-

174 2345 300 2382 boeam
316 2344 355 2382 in
371 2344 588 2383 libertatem
605 2344 820 2383 asseruistis
834 2357 905 2382 nec
920 2350 1132 2382 vestrorum
1148 2344 1354 2395 quicquam
1369 2342 1643 2394 recuperastis,

178 2407 262 2458 ipse
279 2420 383 2453 vero,
405 2406 497 2444 dum
518 2420 587 2445 vos
613 2406 717 2444 domi
745 2406 902 2451 sedetis,
924 2406 1016 2443 dum
1047 2405 1166 2444 otium
1187 2404 1313 2455 agitis,
1333 2404 1426 2442 dum
1448 2404 1531 2442 sani
1551 2404 1645 2441 estis

177 2468 224 2520 (si
245 2469 311 2519 qui
332 2475 472 2516 tamen,
491 2469 551 2506 his
575 2469 700 2514 factis,
718 2469 802 2506 sani
821 2468 975 2506 dicendi
996 2468 1102 2515 sunt)
1122 2467 1221 2505 duos
1241 2466 1280 2504 in
1297 2466 1445 2504 Euboea
1461 2472 1644 2517 tyrannos

175 2529 389 2576 constituit,
400 2543 563 2580 quorum
578 2530 739 2568 alterum
753 2542 774 2567 e
787 2530 942 2581 regione
957 2529 1096 2567 Atticae
1112 2535 1295 2579 tanquam
1308 2527 1644 2579 propugnaculum

176 2592 372 2644 opposuit,
392 2591 553 2629 alterum
575 2592 626 2630 ad
646 2592 849 2630 Sciathum
861 2592 1046 2629 collocavit
1058 2606 1070 2628 .·
1090 2604 1159 2629 vos
1174 2596 1303 2628 autem
1317 2604 1365 2628 ne
1376 2589 1459 2627 haec
1475 2589 1644 2639 quidem,

174 2653 368 2704 siquidem
384 2652 477 2689 nihil
491 2652 594 2690 aliud
608 2653 771 2699 velletis,
793 2652 1057 2704 impedivistis,
1071 2652 1142 2690 sed
1154 2651 1406 2690 conniventes
1419 2651 1557 2697 dejure
1569 2649 1645 2686 uti-

175 2727 252 2765 que
270 2720 400 2752 vestro
419 2713 473 2750 illi
487 2714 748 2759 concessistiS,
765 2721 808 2752 ut
821 2715 902 2765 jam
918 2714 1062 2752 nemini
1077 2713 1235 2751 dubium
1250 2726 1335 2751 esse
1348 2711 1483 2763 possit,
1496 2709 1644 2748 etiarnsi

177 2775 381 2827 Philippus
402 2775 533 2813 decies
553 2782 776 2822 moreretur,
794 2788 863 2813 vos
881 2775 999 2813 nihilo
1018 2775 1144 2826 magis
1159 2780 1392 2812 commotum
1414 2772 1471 2810 iri.
1518 2771 1644 2815 Quor-

177 2849 264 2875 sum
279 2837 393 2888 igitur
411 2836 564 2888 legatos
584 2836 744 2883 mittitis,
763 2844 803 2875 et
818 2837 1015 2887 incusatis,
1031 2843 1070 2875 et
1083 2835 1281 2887 negotium
1297 2834 1406 2873 nobis
1421 2833 1644 2876 facessitis?
