1923 3149
325 312 534 351 LlBANll
570 302 964 353 ARGUMENTUM
1004 315 1063 352 IN
1104 315 1431 353 ORATIONEM
1478 315 1699 355 CONTRA

755 378 963 415 MIDIAM
999 377 1073 414 DE
1109 376 1299 414 ALAPA.

336 461 474 492 chrum
491 463 600 494 Bacchi
614 463 811 493 celebrabant
823 464 1038 498 Athenienses,
1053 464 1135 503 quod
1150 473 1168 493 a
1183 464 1243 493 deo
1259 464 1312 492 illo
1328 463 1524 493 Bacchanalia
1536 463 1746 493 nominabant:

290 512 321 545 in
338 523 375 542 eo
391 513 471 542 festo
487 514 605 552 tragici,
623 520 651 542 ct
679 514 800 548 comici,
825 519 856 543 ct
877 515 1033 544 tibicinum
1059 520 1157 545 coetus
1180 514 1258 544 inter
1284 525 1350 544 sese
1374 515 1540 544 certabant.
1580 514 1623 543 Hi
1651 518 1749 544 cretus

290 564 553 593 constituebantur
568 577 585 594 a
603 565 755 600 tribubus,
772 575 838 603 qua·
856 576 979 594 numero
995 566 1100 595 decem
1112 571 1198 596 eraut
1214 577 1219 595 :
1245 571 1273 595 ct
1287 565 1455 604 eligebatur
1467 565 1611 604 praebitor
1625 575 1663 594 ex
1678 574 1749 594 una·

289 623 409 653 quaqua
427 614 585 657 tribusqui
602 614 694 643 coetui
710 620 849 653 sumptus
866 616 1087 656 suppeditaret.
1122 617 1346 646 Demosthenes
1361 615 1457 654 igitur
1475 626 1537 645 suae
1555 615 1651 646 tribus
1668 614 1749 644 Pan-

288 664 398 694 dioniae
420 665 499 694 ultro
515 665 662 703 praebitor
677 676 747 695 esse
765 665 872 695 voluit.
898 668 974 696 Cum
992 673 1091 697 autem
1107 667 1231 697 haberet
1257 668 1412 697 inimicum
1430 667 1572 702 Midiam,
1595 666 1746 696 homiuem

286 715 483 755 locupletem,
499 716 535 745 ab
548 726 584 746 eo
601 716 630 745 in
643 716 790 746 aedilitate
802 727 870 746 cum
886 717 956 746 aliis
970 718 1057 747 matis
1070 729 1103 748 se
1116 719 1257 748 affectum
1271 730 1340 749 esse
1352 718 1500 758 queritur.
1513 724 1576 748 tum
1593 723 1748 757 postremo

288 766 317 795 in
335 766 503 802 orchestra,
519 767 548 797 in
563 773 731 807 conspectu
744 767 876 797 omnium
890 773 1111 807 spectatorum,
1125 769 1235 810 pugnis
1251 781 1375 800 caesum.
1399 770 1604 808 Quamobrem
1620 769 1747 799 Midiam

287 818 365 856 apud
383 818 533 857 populum
550 824 675 849 accusat
691 818 870 858 impietatis,
884 819 934 859 qui
948 821 1059 850 testum
1077 826 1106 850 et
1125 822 1278 850 Bacchum
1296 821 1428 850 violarit.
1455 822 1630 850 Vocabatur
1646 824 1747 850 autem

285 878 321 898 ea
338 869 431 904 actio,
446 867 582 908 ωξοῑέολῆ.
622 870 762 909 Populus
785 870 912 900 Midian]
931 870 1097 910 impietatis
1114 872 1304 901 condemnat.
1325 872 1415 901 Nunc
1433 871 1460 899 in
1480 870 1600 910 judicio
1625 875 1748 899 conten-

285 919 360 949 dunt
375 920 414 949 de
431 920 538 960 populi
553 920 660 950 Midia:
685 921 946 951 condemnatione.
975 923 1052 951 Nam
1074 933 1141 951 cum
1158 922 1291 962 populus
1306 922 1438 962 aliquem
1455 922 1683 956 condemnarat,
1699 931 1751 951 ne·

285 982 374 1002 cesse
390 977 453 1002 erat
469 981 592 1002 causam
609 972 770 1010 injudicio
792 973 959 1003 retractari.
991 975 1152 1003 Certamen
1169 973 1263 1012 igitur
1279 979 1327 1003 est
1342 974 1380 1003 de
1397 973 1518 1003 mulcta.
1541 972 1653 1011 Neque
1669 971 1748 1002 enim

285 1022 400 1052 Midias
417 1033 449 1052 se
465 1022 576 1062 injuste
592 1023 703 1052 fecisse
721 1028 822 1062 negat,
839 1024 892 1053 sed
906 1024 945 1053 de
961 1023 1025 1053 litis
1041 1024 1243 1054 aestimatione
1257 1023 1466 1054 controversia
1481 1027 1540 1058 est,
1558 1028 1657 1053 utrum
1675 1012 1747 1053 con-

285 1073 431 1110 tumeliae,
450 1083 485 1102 an
503 1084 575 1103 vero
593 1074 760 1113 impietatis
778 1075 818 1104 sit
834 1080 915 1104 reus.
954 1074 1212 1105 Proinde’finitivi
1229 1076 1328 1105 status
1345 1080 1391 1105 est
1408 1075 1516 1110 oratio.
1538 1085 1607 1104 cnm
1634 1074 1748 1104 Midias

284 1123 382 1159 dicat,
396 1125 433 1156 id.
443 1124 561 1156 facinus
573 1135 647 1165 ,esse
668 1125 896 1165 contumeliam,
922 1126 1002 1165 quod
1025 1126 1325 1161 hominemwliberum
1342 1125 1534 1157 verberarit:
1557 1129 1671 1156 comta.
1683 1125 1748 1157 Dee-

284 1175 470 1218 mpsthenes,
489 1175 687 1216 impietatem,
705 1181 766 1206 turn
783 1177 865 1216 quod
889 1177 1023 1214 aedilem,
1045 1182 1109 1207 ‘turn
1136 1178 1216 1216 quod
1241 1177 1497 1212 Bacchanalibus,
1522 1182 1585 1206 tum
1611 1176 1690 1215 quod
1716 1175 1746 1205 in

282 1228 401 1257 theatro
420 1226 608 1266 verberarit;
630 1227 677 1258 his
695 1227 775 1258 enim
791 1228 882 1258 etiam
897 1228 991 1267 impie
1007 1228 1117 1258 fecisse
1136 1228 1261 1258 Midiam
1278 1229 1338 1258 ait:
1372 1234 1405 1258 ut
1419 1228 1462 1258 ita
1476 1226 1612 1257 definitio
1627 1226 1747 1266 duplex

283 1280 323 1309 sit
339 1289 396 1318 per
411 1280 725 1318 comprehensionem,
749 1290 785 1309 ea
800 1279 929 1315 ratione,
944 1280 1016 1309 dum
1032 1284 1063 1309 et
1077 1290 1186 1310 nornen
1208 1282 1247 1310 ab
1268 1279 1445 1309 adversario
1469 1278 1676 1309 introductum
1692 1277 1746 1307 ad-

283 1330 444 1367 mittimus,
458 1335 489 1360 et
505 1330 587 1360 aliud
603 1331 702 1360 eidem
719 1331 915 1370 copulamus,·
925 1336 957 1360 ut
967 1341 1059 1370 quum
1074 1331 1211 1360 hocloco
1225 1331 1459 1366 Demosthenes,
1474 1332 1587 1360 fatente
1599 1329 1699 1359 Midia
1711 1337 1746 1359 se

281 1382 504 1413 contumeliose
521 1381 645 1416 secisse,
669 1392 706 1412 ne
729 1382 945 1412 contumeliam
969 1382 1091 1421 quidem
1117 1382 1230 1422 rejicit,
1255 1382 1309 1411 sed
1325 1382 1426 1412 eidem
1449 1381 1540 1411 etiam
1558 1379 1745 1419 impietatem

282 1432 432 1473 adjungit.

701 1524 873 1563 ALIUD
904 1523 1324 1564 ARGUMENTUM.

326 1614 445 1644 Vama
457 1613 538 1652 apud
554 1612 758 1643 Athenienses
774 1614 851 1643 festa
866 1613 1053 1653 agebantur:
1074 1613 1104 1643 in
1121 1614 1232 1653 quibus
1248 1620 1332 1644 erant
1348 1613 1551 1644 Panathenaea
1565 1618 1627 1643 tum
1641 1621 1746 1652 parva.

282 1671 345 1697 tum
363 1675 481 1705 magna.
513 1664 650 1701 Quorum
667 1664 733 1694 baec
755 1664 873 1704 quinto,
890 1664 942 1694 illa
958 1665 1048 1695 tertio
1065 1676 1186 1705 quoque
1203 1675 1280 1695 anno
1296 1665 1537 1695 celebrabantur.
1576 1664 1620 1694 Ac
1636 1663 1665 1693 iu
1682 1673 1743 1693 ma-

282 1715 349 1757 gnis
363 1716 487 1756 quidem
502 1715 737 1746 exercitationes
749 1715 888 1755 quaedam
899 1715 1021 1751 fiebant,
1037 1720 1068 1746 et
1080 1727 1097 1746 e
1107 1715 1236 1756 singulis
1247 1717 1389 1747 tribubus
1402 1726 1478 1746 unus
1495 1710 1743 1756 gymnasiarchus

279 1769 515 1804 decernebatur,
531 1768 620 1808 eique
643 1768 773 1798 dabatur
790 1767 920 1807 pecunia
936 1768 973 1797 ad
994 1770 1186 1798 exercendos
1200 1779 1265 1803 cos,
1281 1769 1332 1808 qui
1350 1769 1460 1799 festum
1476 1767 1629 1808 peracturi
1647 1771 1743 1801 eraut,

282 1824 320 1850 et'
338 1820 377 1850 ad
400 1830 504 1850 earum
524 1830 626 1850 rerum
652 1824 792 1859 sumptus
812 1819 877 1849 suis
903 1819 1071 1850 tribulibus
1099 1820 1350 1860 suppeditandos.
1384 1820 1562 1859 Agebantur
1580 1818 1660 1857 apud
1689 1827 1742 1847 eos

281 1872 374 1903 etiam
393 1871 606 1907 Bacchanalia,
630 1881 728 1910 eaque
754 1870 900 1909 duplicia,
925 1876 956 1900 et
972 1881 1066 1909 parva
1087 1876 1118 1900 et
1138 1881 1264 1911 magna:
1289 1881 1324 1900 ac
1345 1881 1441 1911 parva
1466 1870 1589 1910 quidem
1611 1869 1639 1898 in
1667 1868 1742 1898 urbe

281 1922 455 1964 quotannis,
477 1932 587 1962 magna
603 1932 675 1952 vero
697 1921 787 1952 tertio
808 1932 929 1961 quoque
952 1931 1030 1952 anno
1047 1922 1085 1952 ad
1108 1922 1291 1953 toreularia:
1324 1922 1353 1952 in
1379 1921 1491 1961 quibus
1518 1920 1742 1950 decernebatur

280 1975 381 2006 aedilis
398 1985 415 2004 a
431 1973 563 2014 singulis
580 1973 732 2008 tribubus,
749 1973 798 2012 qui
817 1978 915 2003 coetus
938 1978 969 2003 et
984 1968 1148 2013 puerorum
1165 1978 1196 2003 et
1215 1974 1350 2003 virorum
1368 1972 1463 2003 aleret
1478 1983 1484 2001 :
1519 1971 1556 2001 ad
1573 1981 1660 2011 quam
1679 1979 1741 2006 rem

280 2026 409 2066 pecunia
431 2025 459 2056 ei
486 2026 626 2054 dabatur.
659 2025 752 2054 Festo
776 2030 875 2054 autem
894 2026 957 2063 jam
980 2025 1124 2060 instante,
1142 2026 1300 2054 certabant
1317 2028 1347 2054 et
1370 2023 1595 2067 contendebant
1610 2022 1688 2052 inter
1710 2031 1742 2050 se

277 2076 399 2113 millies,
426 2072 612 2107 carminibus
638 2075 669 2106 in
701 2075 813 2106 Bacchi
843 2074 965 2105 laudem
997 2075 1154 2105 cantandis
1169 2087 1175 2105 :
1202 2075 1313 2106 victori
1342 2074 1440 2114 tripos
1468 2073 1627 2115 praemium
1653 2077 1741 2110 erat3

280 2136 347 2160 nam
370 2129 501 2160 eundem
529 2133 560 2158 et
582 2129 683 2158 Solem
701 2132 733 2158 et
749 2128 923 2167 Apollinem
944 2132 976 2158 et
1000 2128 1156 2158 Bacchum
1172 2129 1331 2167 putabant.
1369 2128 1498 2158 Peracto
1524 2126 1614 2161 festo,
1641 2123 1741 2164 primo

279 2192 385 2212 mense
400 2181 639 2210 decernebantur
664 2179 845 2220 praebitores
862 2179 956 2217 futuri
972 2180 1054 2209 sesti.
1092 2180 1194 2218 Quum
1216 2184 1319 2209 autem
1336 2189 1373 2209 eo
1393 2184 1529 2217 tempore
1551 2176 1739 2216 singularum

279 2232 413 2263 tribuum
439 2232 545 2261 aediles
570 2230 757 2271 promulgati
782 2235 897 2265 essent,
921 2230 1100 2265 Pandionia,
1123 2230 1339 2260 Demosthenis
1361 2230 1470 2263 trihus,
1498 2227 1662 2268 praebitore
1689 2237 1739 2257 ca-

278 2284 382 2314 rebat:
411 2292 539 2322 eamque
558 2292 621 2312 rem
642 2282 754 2322 prim0,
776 2282 909 2311 secundo
932 2287 962 2312 et
979 2281 1071 2312 tertio
1087 2291 1166 2311 anno
1183 2281 1372 2320 neglexerat.
1414 2278 1511 2309 Moris
1538 2283 1639 2308 autem
1665 2282 1741 2312 erat,

280 2340 312 2366 ut
327 2340 441 2374 praetor
460 2345 516 2364 uno
542 2345 645 2364 mense
662 2339 729 2364 ante
753 2334 876 2369 festum,
901 2333 1038 2364 omnium
1065 2333 1196 2363 tribuum
1221 2332 1440 2372 praebitoribus
1461 2331 1650 2365 convocatis,
1666 2329 1739 2360 tibi-

279 2386 364 2417 cines
379 2386 483 2416 sortiri
502 2386 644 2424 juberet:
668 2389 699 2415 et
715 2396 807 2425 quum
825 2385 1011 2425 singularum
1037 2384 1169 2414 tribuum
1187 2384 1369 2424 praebitores
1384 2384 1539 2418 adessent,
1555 2387 1685 2422 excepto
1700 2388 1739 2412 eo

279 2438 334 2477 qui
354 2447 376 2467 e·
386 2436 561 2467 Pandionia
582 2436 827 2471 desiderabatur,
844 2436 953 2466 videns
972 2436 1194 2466 Demosthenes
1217 2445 1280 2465 suae
1297 2436 1391 2466 tribui
1411 2434 1557 2465 dedecori
1573 2443 1642 2464 esse
1657 2432 1737 2473 apud

279 2498 398 2526 omnes,
412 2488 494 2527 quod
511 2487 703 2526 praebitorem
720 2497 778 2517 uon
795 2487 932 2523 baberet,
953 2487 1043 2523 ultro,
1063 2487 1193 2526 jubente
1213 2486 1345 2522 nemine,
1367 2497 1424 2517 suo
1448 2486 1515 2526 ipse
1532 2485 1689 2523 suffragio,
1704 2493 1737 2514 se

278 2540 475 2581 praebitorem
487 2538 610 2574 obtulit,
622 2540 763 2577 atqueob
778 2538 807 2568 id
822 2540 932 2570 sactum
950 2539 987 2570 ab
999 2538 1141 2571 omnibus
1158 2538 1299 2569 laudatus
1315 2543 1373 2569 est.
1391 2538 1584 2575 Quumvero
1595 2535 1739 2566 tibicines

279 2592 452 2628 sortiretur,
470 2590 656 2620 alacritatem
672 2595 701 2619 et
717 2590 850 2619 studium
869 2592 936 2629 ejus
951 2590 1073 2619 fortuna
1089 2589 1263 2627 adjuvante,
1277 2588 1469 2629 Telephanes
1485 2586 1646 2618 tibicinum
1661 2596 1737 2626 prte-

279 2643 482 2674 stantissimus
497 2641 525 2672 εἰ
541 2641 678 2671 obvenit.
716 2641 829 2670 volens
851 2640 944 2679 igitur
961 2650 1046 2670 suum
1064 2644 1174 2670 coetum
1191 2651 1300 2670 ornare
1321 2644 1431 2680 praeter
1456 2644 1590 2673 ceteros,
1608 2646 1737 2668 coronas

279 2705 386 2726 aureas
416 2695 461 2724 e'is
487 2693 643 2734 imposuit.
681 2691 795 2722 Midias
819 2697 930 2728 alitem,
956 2702 1032 2721 unus
1062 2703 1079 2722 e
1103 2692 1241 2722 civitatis
1267 2692 1534 2731 gubernatoribus,
1557 2689 1602 2720 vir
1625 2688 1736 2728 opibus

279 2747 449 2780 abundans,
464 2750 495 2774 et
509 2754 623 2784 magnae
640 2743 841 2776 auctoritatis,
856 2743 989 2772 infensus
1006 2743 1205 2772 Demostheni
1221 2744 1260 2772 ob
1277 2753 1328 2772 ens
1341 2752 1460 2778 causae,
1474 2752 1549 2780 quas
1565 2739 1654 2779 punto
1666 2744 1737 2779 post

278 2799 347 2837 ipse
358 2798 387 2828 in
401 2796 536 2835 oratione
548 2796 726 2833 dicet„cnm
741 2805 821 2833 saepe
835 2794 909 2825 alias
926 2794 953 2823 ei
968 2795 1156 2829 obturbarat,
1170 2800 1200 2824 et
1216 2794 1389 2830 insultarat,
1405 2799 1466 2823 tutu
1485 2792 1597 2822 veroid
1613 2801 1735 2831 quoque

282 2849 404 2878 affirmat
425 2847 661 2881 Demosthenes,
676 2846 848 2885 jurantibus
862 2845 1019 2884 judicibus
1037 2856 1069 2875 se
1084 2845 1242 2876 victoriam
1258 2845 1299 2875 illi
1314 2845 1440 2875 daturos
1457 2843 1508 2883 qui
1525 2843 1668 2884 praeclare
1685 2853 1734 2872 ce-
