1923 3149
261 163 335 199 348
734 160 958 199 CONTRA
992 161 1219 199 MIDIAM.

260 263 380 309 nium,
400 277 512 314 quem
541 264 779 316 apertissime
804 271 957 303 constat
985 266 1022 302 in
1043 265 1122 302 vita
1140 271 1249 302 tanta
1268 265 1446 316 superbia
1473 272 1513 303 et
1543 266 1716 303 omnium

261 324 457 362 hominum
479 326 665 376 despectu
681 339 766 364 esse
787 327 982 375 refertum,
1001 333 1044 363 ut
1058 326 1172 363 etiam
1193 325 1260 372 illi,
1277 338 1366 364 cum
1383 326 1520 376 quibus
1541 326 1607 364 tibi
1622 326 1717 363 nihil

261 393 321 424 est
333 387 489 437 negotii,
510 393 615 425 tuam
636 387 908 426 confidentiam
929 394 968 424 et
987 400 1132 432 vocem,
1155 394 1194 424 et
1212 387 1431 433 tumultum,
1451 394 1489 425 et
1507 387 1718 432 ministros,

263 455 304 486 et
323 449 570 499 opulentiam,
590 457 629 488 et
648 450 830 489 ferociam
849 451 931 488 sine
957 449 1090 487 dolore
1111 455 1287 500 spectare
1315 462 1392 486 non
1411 449 1575 500 possint,
1603 449 1641 485 in
1655 449 1718 499 ju-

264 510 365 548 dicio
384 511 684 549 misericordiam
712 511 839 549 statim
868 510 1146 561 consequeris?
1178 509 1366 560 Magnum
1395 509 1550 560 quidem
1579 508 1720 560 princi-

263 580 412 624 patum,
426 571 488 610 vel
502 573 630 624 potius
651 580 770 610 artem
792 573 993 618 inveneris,
1022 573 1053 610 si
1072 572 1166 609 duas
1187 585 1244 610 res
1265 571 1364 609 inter
1384 585 1425 609 se
1445 571 1609 608 maxime
1629 583 1722 608 con·

262 633 398 671 trarias
425 641 502 672 tam
521 634 638 685 paulo
660 641 850 671 momento
869 634 937 671 tibi
968 634 1041 685 ipsi
1073 632 1311 672 circumdare
1343 645 1504 684 posses:
1537 631 1721 669 invidiam

267 709 314 733 ex
340 696 429 733 vitae
459 696 675 739 insolentia,
696 695 996 733 misericordiam
1023 708 1071 732 ex
1092 696 1316 746 impostura.
1348 694 1470 732 Nulla
1488 694 1557 731 tibi
1578 693 1724 731 ratione

264 757 378 794 tribui
395 764 522 807 potest
541 757 812 802 misericordia,
830 757 1012 807 quicquid
1027 758 1258 802 intueamur,
1279 756 1347 794 sed
1361 763 1509 802 contra,
1522 755 1666 800 odium,
1685 761 1724 793 et

267 818 424 862 invidia,
445 824 483 855 et
502 818 713 857 iracundia.
760 817 859 855 Haec
879 816 979 855 enim
999 817 1169 855 mereris.
1214 818 1292 855 Sed
1312 817 1404 855 illuc
1424 817 1553 862 redeo,
1573 817 1623 854 ad
1643 816 1726 868 ejus

267 879 558 917 accusationem
578 878 725 930 populi,
741 884 779 916 et
798 878 1009 916 concionis.
1040 878 1157 921 Quod
1178 878 1242 915 ubi
1261 878 1389 922 faciet,
1406 878 1575 928 cogitate
1594 878 1725 915 vobis-

269 953 371 984 cum,
406 939 570 989 judices,
609 928 724 977 istum
761 939 908 989 equites
938 939 1219 977 commilitones
1249 952 1354 985 suos,
1393 951 1481 976 cum
1510 938 1727 989 Olynthum

269 1002 444 1049 ivissent,
465 1001 515 1038 ad
535 1014 604 1038 vos
624 1001 662 1038 in
683 1001 908 1039 concionem
933 1013 1190 1050 progressum,
1212 1013 1431 1038 accusasse.
1462 1000 1576 1038 Nunc
1596 1013 1729 1038 rursus

271 1063 377 1114 apud
397 1075 464 1100 eos
483 1061 548 1112 qui
567 1061 656 1100 foris
677 1061 855 1107 militant,
880 1061 1086 1099 occasione
1107 1068 1344 1112 exspectata,
1366 1061 1548 1112 populum
1571 1075 1730 1101 accusa-

271 1132 414 1164 turum.
459 1123 597 1161 Utrum
625 1123 741 1173 igitur
757 1135 824 1160 vos
846 1123 925 1160 sive
945 1123 1179 1171 manseritis,
1201 1123 1280 1160 sive
1299 1123 1507 1167 exiveritis,
1529 1123 1624 1161 tales
1644 1137 1731 1175 per-

270 1186 393 1224 hiberi
421 1198 500 1228 non
526 1184 767 1230 recusabitis,
794 1183 927 1234 quales
955 1184 1097 1221 Midias
1126 1184 1234 1228 facit,
1269 1197 1318 1221 an
1347 1191 1481 1222 contra
1504 1185 1632 1235 potius
1658 1185 1732 1224 iste

273 1260 424 1298 semper
453 1253 491 1285 et
522 1245 662 1296 ubique
691 1245 764 1282 diis
784 1244 928 1282 invisus
957 1245 1028 1283 erit
1058 1251 1098 1282 et
1129 1245 1422 1283 exsecrandus?
1465 1246 1552 1296 Ego
1573 1241 1730 1297 quidem

274 1308 408 1360 opinor
443 1308 559 1345 istum
597 1306 735 1343 talem:
766 1319 854 1343 nam
892 1318 1008 1355 quem
1042 1319 1120 1343 non
1150 1307 1312 1355 equites,
1340 1319 1418 1343 non
1446 1307 1621 1357 collegae,
1653 1321 1730 1345 non

274 1370 387 1408 amici
406 1369 503 1408 ferre
524 1375 703 1420 possunt,
724 1367 818 1418 quid
838 1367 886 1404 de
906 1379 952 1404 eo
972 1366 1180 1405 dicendum
1201 1367 1288 1404 est?

329 1434 394 1470 55.
423 1431 561 1469 Jovem
576 1436 711 1474 testor,
726 1436 765 1467 et
781 1429 1019 1479 Apollinem,
1033 1438 1147 1480 atque
1177 1430 1452 1475 Minervam‚-
1463 1431 1611 1468 dicetur
1631 1433 1732 1470 enim

279 1495 358 1534 sive
378 1493 633 1544 profuturum,
661 1491 739 1528 sive
759 1490 977 1528 nociturum
998 1490 1111 1535 sit—,
1133 1504 1222 1529 cum
1244 1491 1314 1528 iste
1334 1504 1375 1529 se
1395 1493 1631 1543 transegisse
1652 1507 1734 1531 me-

277 1568 364 1594 cum
397 1543 646 1597 fabularetur,
670 1553 881 1603 apparebat
900 1553 1103 1602 quosdam,
1125 1554 1189 1604 qui
1214 1553 1356 1591 blande
1386 1554 1540 1592 omnino
1572 1568 1661 1593 cum
1688 1569 1735 1594 eo

279 1616 407 1656 solent
430 1615 611 1665 colloqui,
645 1615 806 1653 moleste
838 1615 947 1654 ferre.
1006 1616 1129 1666 quue
1164 1616 1313 1654 medius
1345 1616 1458 1654 fidius
1493 1617 1547 1655 eis
1580 1618 1741 1656 minime*

277 1678 369 1716 vitio
388 1676 631 1715 vertendum.
689 1676 773 1714 Nec
805 1676 908 1714 enirn
934 1677 1022 1714 ferri
1053 1684 1183 1728 potest
1210 1677 1341 1723 homo,
1362 1677 1431 1715 sed
1451 1685 1490 1715 et
1508 1678 1611 1716 solus
1629 1679 1736 1718 dives

280 1746 353 1784 est,
374 1746 413 1778 et
438 1739 624 1790 eloquens
642 1738 762 1783 solus,
782 1745 822 1776 et
841 1749 975 1776 omnes
1001 1739 1035 1776 ei
1063 1747 1153 1777 sunt
1179 1739 1405 1790 quisquiliae,
1425 1746 1464 1778 et
1489 1741 1671 1788 mendici,
1691 1753 1737 1780 ac

279 1815 328 1840 ne
343 1800 519 1839 homines
539 1800 707 1850 quidem.
742 1799 841 1837 Eum
862 1800 991 1850 igitur,
1007 1802 1071 1850 qui
1091 1807 1199 1838 tanto
1219 1801 1318 1838 fastu
1339 1807 1480 1851 turget,
1495 1801 1527 1839 si
1546 1815 1648 1841 nunc
1669 1804 1736 1841 ab·

281 1862 466 1906 solvatur,
489 1861 581 1911 quid
600 1860 788 1899 facturum
810 1860 983 1911 putatis?
1019 1860 1065 1898 Id
1085 1874 1161 1911 quo
1173 1868 1288 1912 pacto
1310 1874 1546 1911 cognoscere
1566 1863 1737 1913 possitis,

282 1936 358 1973 ego
375 1922 525 1965 dicam;
557 1921 589 1959 si
608 1934 629 1959 e
653 1921 786 1971 signis,
807 1934 894 1971 quae
921 1928 1058 1960 secuta
1088 1928 1180 1959 sunt
1205 1922 1338 1973 populi
1362 1923 1638 1973 praejudicium,
1658 1938 1737 1962 rem

283 1983 494 2032 aestimetis.
551 1982 647 2025 Quis
669 1982 768 2019 enim
801 1989 873 2027 est,
906 1983 985 2032 qui,
1015 1983 1239 2034 praejudicio
1267 1983 1489 2030 damnatus,
1509 1985 1638 2023 violati
1653 1986 1742 2025 festi

282 2043 507 2097 praesertim,
532 2042 681 2080 etiamsi
701 2042 848 2080 nullum
868 2043 973 2080 aliud
992 2044 1202 2094 periculum
1224 2050 1291 2080 aut
1311 2044 1515 2083 discrimen
1548 2047 1742 2095 subesset,

284 2120 363 2145 non
384 2106 431 2143 ob
460 2104 629 2156 idipsum
662 2103 765 2141 domi
799 2116 840 2140 se
872 2105 1128 2149 abstruderet,
1158 2104 1453 2155 modestumque
1483 2108 1674 2157 proeberet
1691 2109 1742 2147 ad

279 2167 417 2217 judicii
437 2165 587 2211 saltem,
606 2164 638 2202 si
665 2177 743 2202 non
762 2164 802 2201 in
821 2175 946 2210 omne,
966 2164 1143 2215 tempus?
1172 2164 1301 2203 Nemo
1321 2172 1392 2211 est,
1415 2167 1508 2217 quin
1526 2167 1565 2205 id
1586 2169 1744 2208 faceret.

287 2229 410 2267 Aliter
426 2239 518 2265 vero
537 2225 708 2264 Midias:
740 2238 829 2263 nam
860 2225 950 2263 inde
978 2226 1026 2263 ab
1059 2238 1105 2264 eo
1137 2226 1199 2264 die
1219 2227 1745 2277 concionatur,conviciatur,

286 2290 471 2329 clamitat.
542 2286 698 2338 Legitur
725 2287 973 2338 magistratus
1011 2287 1176 2338 aliquis?
1242 2287 1385 2327 Midias
1417 2290 1678 2341 Anagyrasius
1706 2293 1745 2331 in

287 2364 468 2402 campum
487 2348 698 2387 descendit.
729 2348 927 2387 Plutarchi
946 2357 1236 2400 procuratorem
1257 2350 1348 2400 agit.
1392 2350 1485 2401 Ejus
1507 2359 1656 2391 secreta
1673 2367 1743 2392 no-

288 2413 356 2452 vit.
405 2412 507 2450 Urbs
522 2425 609 2449 eum
627 2423 705 2448 non
725 2411 842 2461 capit.
899 2410 951 2448 Et
974 2411 1058 2448 haec
1078 2411 1207 2449 omnia
1225 2410 1328 2455 facit,
1350 2423 1429 2448 non
1453 2411 1492 2449 in
1524 2412 1631 2451 aliud
1656 2428 1746 2466 pr0..

288 2475 407 2518 fecto,
427 2471 499 2510 nisi
517 2479 559 2509 ut
576 2471 759 2509 ostendat
788 2471 961 2522 populi
990 2472 1091 2510 sibi
1130 2471 1481 2522 praejudicium
1509 2473 1642 2513 nihil
1670 2489 1748 2515 no-

291 2535 473 2579 cuisse,
519 2545 679 2582 neque
722 2539 939 2571 metuere
979 2539 1060 2571 aut
1099 2532 1378 2571 formidare
1419 2547 1470 2572 se
1513 2536 1746 2577 futurum

288 2597 344 2648 ju
357 2595 554 2634 dicium.
586 2593 662 2636 Qui
678 2593 803 2643 igitur,
824 2593 1096 2642 Athenienses,
1111 2607 1181 2632 vos
1197 2594 1477 2645 pertimescere,
1497 2603 1605 2648 turpe
1626 2606 1747 2649 putat,

292 2672 362 2697 vos
394 2669 484 2695 vero
511 2655 604 2693 nihil
637 2654 776 2700 facere,
810 2655 1037 2705 praeclarum
1054 2668 1063 2694 :
1094 2668 1170 2693 non
1208 2656 1312 2694 hunc
1345 2656 1473 2695 decies
1502 2657 1748 2697 interfectum

295 2718 526 2772 oportebat?
557 2717 671 2755 Certe
691 2716 846 2766 quidem
872 2730 958 2755 mea
985 2718 1186 2756 sententia.
1219 2718 1301 2756 Nec
1317 2719 1417 2756 enirn
1448 2732 1516 2758 vos
1536 2720 1750 2768 habituros,

295 2782 396 2833 quod
414 2781 461 2819 de
477 2793 519 2818 se
537 2778 728 2823 statuatis,
743 2784 865 2829 putat.
898 2779 1030 2822 Dives,
1045 2780 1259 2826 confidens,
1276 2781 1447 2826 inflatus,
1465 2780 1750 2832 magniloquus,

295 2843 499 2889 violentus,
515 2839 809 2879 inverecundus,
839 2839 917 2878 Ubi
939 2841 1301 2891 comprehendetur,
1321 2841 1351 2880 si
1373 2854 1476 2881 nunc
1494 2847 1581 2882 astu
1599 2842 1751 2882 subter-

299 2905 438 2954 fugerit
451 2903 466 2941 ?
