1923 3149
22 2850 28 2869 Ι

640 383 1084 438 AUGERI

698 534 1021 584 ANALYSIS

222 676 513 720 PHILIPPI
545 676 876 719 EPISTOLAE
910 674 998 717 AD
1034 671 1505 716 ATHENIENSES.

738 814 978 861 Propositum.

182 902 459 938 Damoswnms
479 903 703 938 vehementia
728 902 883 937 excitati
908 901 1055 936 tandem
1076 898 1328 940 Athenienses,
1345 900 1472 932 coacto
1488 909 1591 933 exer-

136 957 213 991 citu
231 959 468 992 liberaverant
484 959 683 1000 Euboeam,
699 959 805 1002 cujus
822 956 1025 1003 praecipuas
1043 956 1148 989 urbes
1162 954 1350 998 Philippus
1363 954 1511 998 imperio
1524 965 1591 988 suo

134 1011 327 1046 addixerat
341 1023 350 1046 :
379 1013 550 1046 miserant
563 1014 673 1046 etiam
699 1013 893 1046 Charetem
910 1023 993 1045 cum
1013 1010 1172 1044 maxima
1188 1010 1315 1050 classe,
1330 1009 1591 1043 auxiliaturum

138 1066 320 1109 Perintho,
337 1078 446 1111 quam
463 1067 603 1101 obsidio
619 1067 806 1111 premebat
819 1068 917 1101 idem
934 1065 1185 1100 Macedonum
1201 1074 1278 1097 rex.
1328 1063 1398 1097 His
1411 1065 1592 1108 paulisper

134 1121 298 1155 turbatus
325 1121 382 1155 ille
409 1122 456 1154 ad
483 1121 722 1155 Athenienses
746 1122 870 1156 scribit
897 1121 1087 1166 epistolam
1114 1120 1151 1153 in
1174 1130 1247 1163 qua
1265 1129 1326 1152 eos
1342 1119 1538 1162 percellere
1554 1121 1593 1152 et

135 1185 344 1218 permovere
361 1176 491 1218 satagit
505 1175 626 1208 multis
639 1187 682 1209 ac
698 1176 919 1209 coacervatis
932 1175 1154 1209 criminibus,
1204 1173 1377 1207 Nondum
1393 1175 1471 1206 crat
1486 1175 1593 1217 rupta

134 1240 221 1274 pax,
237 1229 302 1264 sed
321 1230 435 1263 multa
454 1228 640 1274 utrimque
663 1230 854 1263 commissa
870 1229 1011 1263 fuerant
1028 1229 1193 1262 hostilia:
1220 1238 1284 1261 rex
1302 1227 1534 1261 Macedoniae
1549 1239 1593 1261 ea

133 1282 265 1317 callide
282 1283 419 1317 revelat
435 1292 520 1325 quae
537 1283 770 1317 Atheniensis
794 1283 921 1317 civitas
946 1284 1030 1317 fecit
1051 1282 1237 1323 hostiliter,
1268 1281 1356 1315 dum
1380 1292 1487 1315 suum
1514 1282 1592 1327 ipse

133 1337 347 1372 invadendae
364 1337 518 1371 Graeciae
535 1339 696 1372 occultat
708 1337 912 1380 eonsilium,
937 1341 976 1371 et
1000 1348 1046 1371 ea
1074 1347 1155 1381 quae
1183 1335 1357 1370 violenter
1379 1336 1454 1380 egit
1475 1339 1518 1371 ut
1546 1336 1593 1370 ad

134 1390 231 1426 hunc
244 1391 353 1425 finem
370 1391 585 1436 perveniret.

706 1487 825 1522 Breve
842 1486 1033 1522 exordium.

181 1575 347 1620 Exponit
362 1574 516 1609 breviter
532 1585 596 1608 cur
620 1574 713 1608 hane
733 1574 868 1608 scribat
887 1575 1079 1618 epistolam
1096 1584 1180 1620 quae
1198 1574 1331 1608 multas
1347 1574 1594 1619 conquerendi

133 1640 263 1663 causas
276 1629 476 1663 exhibebit.
524 1630 654 1673 Itaque
665 1630 906 1673 conqueritur,

185 1687 234 1718 10.
260 1684 318 1718 De
335 1684 485 1728 abrepto
511 1684 618 1717 Nicia
639 1678 705 1721 sim
732 1685 982 1724 caduceatore,
999 1694 1107 1728 quem
1123 1683 1364 1718 Athenienses
1388 1685 1426 1718 in
1448 1694 1593 1720 earcere

133 1738 348 1779 habuerunt,
364 1742 402 1772 et
418 1739 524 1783 cujus
541 1739 660 1772 literas
677 1749 738 1782 pro
755 1738 929 1772 concione
947 1739 1167 1779 recitarunt;

178 1796 229 1826 2⁰.
257 1793 317 1826 De
332 1793 474 1827 Thasiis
490 1793 552 1837 qui
568 1793 757 1826 latrocinia
774 1793 952 1827 maritima
968 1794 1115 1838 impune
1133 1795 1398 1834 exercuerunt;

177 1851 229 1882 30.
258 1848 315 1881 De
331 1847 512 1892 Diopithe,
526 1848 601 1893 qui,
625 1848 717 1881 inter
733 1852 853 1882 cetera
869 1848 1042 1883 violenter
1058 1852 1151 1890 acta,
1170 1849 1453 1887 Amphilochum
1469 1849 1515 1884 de
1532 1861 1593 1885 ea-

132 1903 242 1948 ptivis
258 1903 479 1937 redimendis
498 1905 646 1937 missum
663 1903 947 1947 comprehendit,
963 1915 1028 1938 nec
1044 1904 1111 1938 nisi
1124 1905 1277 1938 extortis
1294 1914 1425 1938 novem
1447 1906 1592 1940 talentis

133 1958 281 1992 dimisit.
330 1957 413 1991 Hoc
430 1957 644 2002 approbavit
669 1959 822 2003 populus
838 1958 897 1992 ille
911 1958 1144 1993 Atheniensis
1161 1960 1223 2003 qui
1248 1958 1427 2002 ejusmodi
1443 1959 1592 2003 injurias

133 2022 277 2057 semper
294 2011 377 2045 tulit
390 2013 650 2047 molestissime.

181 2069 232 2101 4⁰.
257 2067 432 2107 Queritur
449 2068 557 2102 etiam
575 2068 620 2101 de
640 2068 766 2109 Callia,
783 2068 875 2102 duee
892 2070 978 2102 item
995 2068 1219 2110 Atheniensi,
1245 2069 1306 2113 qui
1333 2069 1454 2113 plures
1472 2069 1589 2114 ipsius

135 2121 243 2155 urbes
260 2122 368 2165 cepit,
386 2124 422 2154 et
439 2132 500 2155 eos
518 2132 644 2156 omnes
661 2123 726 2167 qui
749 2122 1008 2157 Macedoniam
1027 2124 1245 2167 navigabant
1262 2124 1340 2157 loco
1357 2123 1512 2158 hostium
1530 2125 1592 2158 ha-

136 2175 216 2209 buit
233 2186 275 2209 ac
292 2175 466 2210 vendidit.

179 2234 231 2266 50.
259 2231 429 2272 Queritur
446 2233 622 2275 praeterea
649 2233 695 2267 de
721 2233 848 2277 legatis
879 2233 925 2267 ad
953 2244 1074 2277 regem
1105 2233 1296 2267 Persarum
1327 2232 1465 2275 missis;
1490 2235 1589 2279 quod

133 2285 268 2320 crimen
282 2286 476 2331 amplificat
492 2298 554 2331 per
565 2287 864 2322 circumstantias.

179 2342 231 2375 6⁰.
258 2340 389 2385 Inique
420 2345 535 2385 agunt
562 2342 801 2377 Athenienses
820 2343 884 2387 qui
906 2343 992 2377 Teri
1018 2344 1056 2376 et
1083 2340 1308 2386 Cersoblepti
1323 2352 1403 2376 eam
1418 2342 1586 2377 Thraciae

133 2398 273 2440 partem
287 2396 428 2431 restitui
441 2397 553 2431 velint
568 2408 651 2441 quae
666 2398 751 2442 ipsis
767 2400 890 2442 erepta
906 2398 984 2432 fuit.

180 2452 231 2484 70.
257 2449 342 2484 Non
358 2454 468 2495 negat·
481 2452 659 2486 auxilium
669 2452 858 2487 Cardianis
875 2452 1013 2495 datum,
1030 2462 1072 2485 ac
1087 2452 1273 2496 profitetur
1293 2462 1332 2485 se
1347 2451 1427 2486 illos
1444 2462 1587 2498 semper

134 2505 312 2548 omniope
327 2505 555 2541 defensurum
573 2509 613 2542 ut
627 2508 742 2542 socios
760 2507 997 2542 fidelissimos.

182 2561 232 2592 8⁰.
260 2559 315 2592 Dc
333 2559 594 2604 Peparrhethiis
611 2564 647 2595 et
663 2562 707 2595 de
725 2562 913 2596 Haloneso
929 2561 1048 2596 insula
1063 2561 1218 2605 graviter
1233 2560 1340 2595 simul
1357 2563 1394 2596 et
1409 2561 1585 2597 subtiliter

132 2613 351 2657 expostulat.

180 2671 231 2702 90.
257 2668 316 2701 Ab
335 2667 610 2704 Atheniensibus
626 2671 761 2714 petitus
777 2670 962 2712 hostiliter,
981 2673 1018 2705 et
1034 2671 1193 2716 ipsorum
1216 2669 1355 2705 civitati
1381 2672 1418 2704 et
1435 2670 1584 2704 triremi-

133 2722 200 2756 bus
216 2722 388 2766 pepercit.
439 2723 499 2756 De
515 2724 651 2758 mutuis
679 2725 928 2758 controversiis
947 2736 1062 2769 quum
1087 2726 1164 2770 ipse
1191 2725 1300 2759 vellet
1324 2735 1399 2758 rem
1427 2723 1581 2767 alicujus

126 2776 267 2819 judicio
285 2777 491 2820 permittere
508 2777 542 2810 hi
559 2781 764 2812 constanter
780 2782 1003 2813 recusarunt.

180 2832 252 2865 10⁰.
280 2830 361 2864 Imo
377 2841 422 2864 ne
439 2830 577 2874 legatos
605 2831 750 2875 quidem
775 2832 969 2867 audierunt
993 2844 1039 2867 ex
1067 2833 1164 2867 omni
1187 2833 1370 2866 conventu
1401 2830 1579 2867 sociorum

129 2895 219 2930 quos
232 2886 386 2928 miserat,
405 2887 444 2919 ut
457 2885 501 2919 de
516 2884 654 2920 Graecis
670 2896 752 2931 quae
761 2886 861 2930 justa
877 2887 992 2922 forent
1009 2898 1090 2922 cum
1109 2887 1193 2933 ipsis
1205 2887 1465 2932 1›acisceretur;
1481 2888 1580 2931 quod
