1923 3149
283 203 361 241 416
699 199 922 240 CONTRA
952 199 1331 240 TIMOCRATEM.

283 310 389 355 ptam
409 314 493 340 esse
523 314 660 341 navem
684 303 812 342 illam:
841 304 1028 350 homines,
1055 317 1213 355 quorum
1241 303 1406 355 pecunia
1432 301 1558 350 fuerit,
1590 301 1734 353 suppli-

283 376 421 402 casse:
452 365 663 402 decrevisse
690 378 772 411 vos,
794 378 879 403 eam
907 366 1085 403 hostilem
1105 365 1336 403 habendam.
1378 364 1476 401 Tum
1500 377 1568 402 vos
1600 364 1732 401 admo-

274 425 370 467 ,nuit
389 415 518 462 earum
539 424 683 475 legum,
703 438 790 475 quae
811 426 917 463 vobis
939 426 1049 463 lectae
1071 425 1235 471 suerunt,
1255 438 1415 476 quarum
1436 425 1603 470 decreto,
1620 424 1734 460 rebus

286 485 337 522 ad
367 498 454 522 eum
479 484 636 522 modum
657 485 941 531 administratis,
956 486 1120 535 pecunia
1138 486 1204 523 illa
1222 486 1455 535 publicanda
1474 491 1588 523 esset.
1615 483 1733 521 Vide-

284 547 395 583 batur
432 558 544 595 eequa
577 546 702 583 dicere
740 548 848 583 vobis
887 547 1078 584 omnibus.
1127 546 1340 584 Confestim
1375 546 1497 596 surgit
1529 545 1735 590 Androfio,

288 607 510 653 Glaucetes,
526 613 565 644 et
582 607 1124 656 Melanopns,-considerate
1146 620 1194 645 an
1210 621 1299 645 vera
1310 608 1503 653 dicam—,
1523 606 1734 652 clamitant,

284 664 548 718 indignantur,
569 667 841 713 conviciantur,
865 668 1066 704 absolvunt
1085 668 1326 714 trierarchos,
1350 667 1420 718 ipsi
1451 681 1492 705 se
1510 667 1651 704 habere
1678 667 1734 704 fa-

284 735 429 774 tentur,
451 727 567 778 qneeri
584 727 784 777 pecuniam
802 728 904 778 apud
925 741 965 765 se
985 729 1194 778 postulant.
1227 729 1296 766 His
1317 728 1470 771 auditis,
1496 728 1560 766 ubi
1579 727 1735 765 tandem

285 789 349 827 isti
377 787 600 826 tumultuari
634 787 874 834 destiterunt,
905 790 1131 826 sententiam
1161 790 1256 826 dixit
1289 789 1479 827 Euctemo
1509 802 1621 839 quarn
1656 788 1738 826 fieri

285 856 414 901 potest
432 848 704 899 aequissimam,
725 856 768 886 ut
788 862 810 886 a
828 849 1042 887 trierarchis
1061 863 1129 887 vos
1158 851 1375 901 exigeretiS,
1403 858 1441 888 et
1461 858 1504 888 ut
1531 851 1585 888 eis
1606 844 1736 888 liceret

286 924 438 948 omnem
455 924 532 948 rem
553 924 637 948 eam
658 910 695 947 in
716 911 803 948 illos
824 912 889 961 qui
908 911 1113 962 pecuniam
1133 912 1320 950 haberent
1338 912 1558 957 transferre,
1579 913 1637 950 sin
1658 911 1735 949 dis-

288 973 478 1011 sensionis
499 972 643 1023 aliquid
665 972 837 1017 oriretur,
865 979 908 1009 ut
928 973 1116 1010 sententia
1132 973 1307 1023 judicum
1328 973 1594 1017 intercederet,
1623 979 1736 1022 atque

286 1042 330 1073 ut
353 1035 384 1072 is
403 1035 467 1084 qui
486 1035 610 1072 victus
636 1041 752 1078 esset,
783 1034 941 1071 deberet
967 1034 1113 1071 aerario.
1154 1034 1354 1071 Accusant
1372 1033 1568 1071 decretum
1590 1032 1638 1070 ad
1666 1045 1735 1070 vos

284 1095 488 1146 perlatum,
505 1102 548 1132 ut
567 1096 601 1132 in
619 1108 743 1145 pauca
761 1108 839 1132 rem
860 1094 1067 1140 conferam,
1082 1095 1205 1132 visum
1220 1101 1278 1132 est
1293 1096 1506 1133 secundum
1525 1095 1631 1145 leges
1651 1106 1736 1132 esse

285 1160 445 1204 factum,
466 1165 505 1195 et
533 1158 766 1195 absolutum.
796 1157 885 1194 Jam
918 1156 996 1194 fieri
1024 1157 1117 1207 quid
1145 1156 1374 1206 oportebat?
1404 1156 1643 1207 Reipublicae
1669 1168 1735 1206 pe-

282 1219 397 1257 cunia
428 1219 664 1256 restituenda
698 1224 792 1264 erat,
825 1225 864 1255 et
893 1218 1094 1268 peculator
1130 1217 1373 1268 puniendus;
1401 1217 1486 1267 lege
1514 1229 1603 1254 vero
1631 1216 1738 1255 nulla

282 1293 441 1331 prorsus
466 1280 514 1317 ad
539 1280 610 1317 hoc
629 1280 783 1330 quidem
805 1278 1002 1329 negotium
1030 1285 1112 1317 erat
1131 1293 1241 1330 opus.
1272 1279 1473 1316 Hactenus
1500 1278 1606 1315 nulla
1633 1279 1737 1316 facta

283 1342 392 1380 vobis
412 1349 473 1379 est
491 1354 513 1378 a
532 1342 750 1379 Timocrate
770 1341 925 1392 injuria:
955 1348 1045 1391 post
1064 1341 1148 1378 haec
1170 1353 1258 1378 vero
1278 1341 1315 1377 in
1338 1353 1379 1378 se
1400 1353 1518 1377 unum
1538 1339 1681 1390 recepit
1697 1346 1736 1377 et

286 1403 479 1441 transtulit
509 1403 636 1440 omnia
655 1415 713 1446 ea,
735 1415 822 1452 quae
844 1403 925 1452 jam
946 1408 1244 1439 commemorata
1264 1408 1367 1446 sunt,
1395 1407 1438 1438 ut
1456 1401 1547 1437 nihil
1571 1413 1647 1450 quo
1666 1412 1735 1437 vos

283 1464 456 1510 laederet,
476 1463 653 1500 omisisse
674 1463 860 1500 videatur.
890 1463 1006 1504 Quod
1029 1462 1129 1499 enim
1150 1462 1299 1499 illorum
1323 1462 1489 1499 artificiis
1508 1467 1546 1499 et
1564 1460 1737 1512 aucupiis

285 1538 327 1563 se
348 1524 648 1562 conducendum
668 1523 822 1569 locavit,
845 1523 1137 1573 ministrumque
1158 1523 1334 1572 praebuit,
1358 1536 1398 1560 se
1419 1523 1500 1573 ipse
1519 1534 1623 1559 reum
1643 1521 1738 1559 fecit

283 1586 435 1623 illarum
466 1584 704 1635 injuriarum,
738 1591 781 1621 ut
809 1597 881 1634 ego
910 1584 1018 1621 vobis
1047 1583 1251 1621 manit'este
1276 1584 1493 1622 ostendam.
1536 1583 1614 1620 Sed
1648 1589 1738 1621 ante

285 1646 412 1684 omnia
440 1658 598 1683 necesse
624 1652 697 1690 est,
728 1659 795 1683 vos
817 1645 1022 1683 admonere
1047 1651 1277 1695 temporum,
1307 1651 1345 1683 et
1375 1645 1458 1696 ejus
1486 1644 1634 1682 articuli
1661 1657 1737 1694 quo

284 1708 411 1758 legem
426 1707 534 1744 tulit:
565 1719 652 1743 nam
672 1706 780 1744 vobis
802 1719 889 1743 eum
910 1706 1120 1743 insolenter
1137 1706 1250 1743 etiam
1271 1705 1492 1750 insultasse,
1512 1711 1553 1742 et
1570 1704 1737 1743 illusisse

285 1767 492 1806 constabit.
514 1767 603 1804 Fuit
618 1767 747 1804 Maius
764 1766 919 1811 mensis,
935 1779 1012 1816 quo
1029 1766 1080 1803 illi
1096 1767 1143 1803 ab
1160 1766 1555 1817 Euctemonejudieio
1570 1767 1738 1816 superati

287 1837 390 1867 sunt.
430 1828 633 1866 Conducto
657 1834 782 1865 autem
810 1828 898 1873 isto,
920 1840 1006 1865 cum
1035 1840 1082 1864 ne
1103 1827 1317 1877 cogitarent
1336 1828 1489 1878 quidem
1518 1827 1566 1865 de
1584 1827 1737 1865 satissa-

285 1889 421 1927 ciendo
440 1889 560 1934 vobis,
586 1889 835 1939 nugigerulos
866 1889 1055 1939 quosdam
1085 1888 1124 1925 in
1156 1889 1280 1925 sorum
1310 1888 1550 1933 dimiserunt,
1580 1886 1644 1938 qui
1672 1901 1736 1926 ru-

285 1965 428 1989 morem
459 1957 697 2001 spargerent,
717 1957 869 1999 paratos
897 1962 961 1987 eos
986 1962 1070 1986 esse
1097 1948 1272 1998 simplam
1303 1949 1501 1999 pecuniam
1523 1961 1737 1995 numerare,

287 2013 442 2063 duplam
465 2025 540 2048 non
556 2023 687 2061 posse.
718 2010 790 2047 Hae
811 2023 898 2047 vero
918 2009 1066 2046 insidiae
1086 2016 1193 2046 erant
1213 2022 1297 2046 cum
1314 2009 1491 2052 ludibrio,
1509 2015 1548 2046 et
1562 2009 1739 2047 maehina

287 2073 482 2123 quaedam,
506 2078 548 2109 ut
566 2071 714 2108 interim
735 2071 819 2108 haec
849 2070 925 2116 lex,
945 2071 1169 2108 advertente
1191 2070 1356 2116 nemine,
1384 2070 1625 2120 perferretur.
1672 2070 1737 2108 Id-

276 2147 362 2184 ,que
383 2134 436 2170 ita
455 2146 551 2177 esse,
573 2145 633 2170 res
655 2132 736 2182 ipsa
764 2139 787 2168 t:
804 2137 937 2168 statur.
986 2131 1166 2168 Pecuniae
1186 2131 1287 2168 enirn
1316 2130 1390 2167 illis
1410 2131 1648 2181 temporibus
1666 2144 1738 2169 nec

288 2194 445 2232 obolum
465 2195 571 2231 vobis
590 2199 852 2237 numerarunt,
872 2199 910 2229 et
930 2204 1005 2229 una
1023 2191 1106 2241 lege
1126 2191 1253 2241 plures
1269 2191 1351 2242 jam
1369 2197 1544 2241 receptas
1562 2190 1737 2229 fecerunt

287 2255 423 2299 irritas,
443 2267 565 2304 eaque
584 2254 712 2303 legum
729 2252 909 2297 omnium,
930 2266 1016 2302 quae
1032 2264 1203 2303 unquam
1221 2251 1325 2303 apud
1340 2263 1406 2289 vos
1426 2251 1514 2288 latoe
1536 2256 1639 2297 sunt,
1658 2257 1736 2289 tur-

288 2317 446 2368 pissima
465 2323 503 2353 et
521 2315 770 2365 iniquissima.

343 2377 380 2413 6.
411 2376 510 2413 Volo
539 2389 644 2421 sane,
665 2388 790 2426 pauca
820 2375 867 2412 de.
890 2373 1040 2412 usitatis
1066 2374 1216 2425 legibus
1244 2373 1439 2424 praefatns,
1471 2371 1607 2422 quibus
1639 2372 1736 2411 tales

288 2437 459 2474 actiones
488 2437 639 2481 dantur,
680 2436 809 2473 statim
840 2436 886 2473 dc
916 2436 1001 2486 lege
1030 2449 1144 2485 quam
1175 2447 1329 2479 accuso,
1362 2433 1500 2471 dicere.
1546 2433 1616 2470 His
1635 2433 1735 2470 enim

289 2496 393 2548 prius
414 2496 565 2541 auditis,
586 2497 732 2546 reliqua
750 2496 899 2533 facilius
918 2496 1146 2546 percipietis.
1192 2494 1368 2539 Habetis,
1391 2493 1660 2538 Athenienses,
1680 2506 1738 2531 re-

289 2558 410 2608 ceptis
430 2564 468 2595 ct
486 2558 706 2607 approbatis
725 2557 859 2594 vestris
878 2557 1040 2607 legibus,
1063 2562 1241 2593 accurate
1262 2562 1300 2592 et
1323 2554 1519 2592 evidenter
1543 2555 1738 2606 descripta

289 2618 429 2664 omnia,
454 2631 539 2668 qum
569 2618 748 2655 facienda
776 2624 864 2654 sunt
899 2619 936 2654 in
968 2617 1115 2667 legibus
1145 2616 1306 2666 posthac
1341 2615 1635 2653 constituendis.
1679 2615 1737 2652 Ac

284 2679 447 2729 primum
468 2677 650 2722 omnium,
670 2684 819 2727 teinpus
838 2678 1062 2728 inscriptum
1092 2683 1162 2720 est,
1189 2688 1264 2726 quo
1285 2676 1407 2725 legem
1430 2676 1515 2713 ferri
1536 2682 1733 2726 oporteat:

290 2740 444 2784 deinde,
466 2753 513 2777 ne
545 2739 769 2789 sicquidem
796 2739 999 2789 unicuique
1028 2737 1216 2787 quidlibet
1241 2737 1411 2787 permisit
1438 2736 1646 2787 legislator,
1667 2735 1736 2773 sed

280 2801 394 2851 jubet
413 2807 606 2837 auctorem
629 2799 722 2849 legis
743 2812 826 2836 eam
849 2806 936 2836 ante
958 2805 1104 2836 statuas
1121 2798 1278 2835 heroum
1308 2797 1486 2847 scriptam
1512 2808 1734 2846 proponere,

290 2868 333 2898 ut
352 2874 374 2898 a
403 2860 599 2910 quibusvis
629 2859 862 2897 considerari
895 2859 1033 2909 possit:
1065 2858 1202 2895 deinde
1234 2858 1317 2896 vult
1343 2858 1502 2895 candem
1529 2857 1654 2906 legem
1685 2856 1734 2894 ad

288 2935 420 2960 ornnes
451 2922 657 2973 pertinere:
692 2929 841 2974 postea,
870 2921 1080 2960 contrarias
1107 2920 1305 2971 abrogati:
1349 2917 1513 2970 deniqne
1539 2917 1625 2964 alia,
1647 2930 1734 2967 quae
