1923 3149
598 160 883 198 ADVERSUS
916 160 1208 198 LEPTINEM.
1556 157 1630 193 297

172 263 308 301 neflcia
324 264 446 302 factas
468 264 520 302 illi
539 265 768 303 donationes
789 256 980 315 eripiatis:
1012 276 1060 300 an
1075 276 1153 300 non
1167 264 1255 313 jure
1275 262 1421 313 optimo
1442 262 1631 312 vitupere-

174 325 296 362 mini?
353 327 453 370 Quin
475 340 521 364 ea
547 340 701 377 quoque
721 327 768 364 de
789 339 909 364 eausa
927 325 1055 375 inique
1076 330 1213 374 agetur
1231 338 1318 362 cum
1339 323 1516 361 Chabriae
1538 321 1628 366 filio,

174 386 206 425 si
237 386 340 424 dono
360 388 599 438 spoliabitur,
621 387 722 438 quod
753 401 841 425 cum
872 399 974 438 saepe
1005 386 1158 422 duxerit
1188 386 1397 422 exercitum
1429 384 1630 429 Chabrias,

172 456 329 499 propter
347 463 435 487 eum
456 450 618 487 neminis
638 455 806 487 vestrum
834 448 932 485 filius
955 446 1123 498 pupillus
1143 446 1269 484 factus
1290 452 1363 491 est,
1383 446 1462 495 ipse
1483 458 1572 482 vero
1592 445 1629 483 in

172 509 293 558 prima
314 517 426 548 aetate
446 518 554 561 patre
574 512 732 548 orbatus
765 517 836 554 est,
855 514 1009 559 propter
1043 509 1127 557 ejus
1158 507 1308 557 insigne
1337 506 1507 543 studium
1539 518 1631 556 erga

171 583 253 608 vos.
313 571 412 614 Nam
432 584 546 622 quam
567 584 694 609 caram
722 569 998 620 rempublicam
1027 568 1216 614 habuerit,
1238 567 1429 606 verissime
1450 574 1631 604 constan-

172 630 392 681 tissimeque
413 645 460 669 ex
481 644 527 669 eo
547 643 661 681 posse
678 630 838 680 intelligi
854 637 963 680 puto,
977 630 1081 679 quod
1101 643 1189 668 cum
1205 636 1243 667 et
1261 629 1465 667 haberetur
1479 634 1517 664 et
1533 635 1634 665 esset

173 692 250 730 dux
267 693 437 730 omniurn
462 692 706 730 cautissimus
730 704 855 741 neque
877 691 1086 741 quicquam
1114 698 1256 728 temere
1277 689 1565 741 aggrederetur,
1586 701 1633 725 ea

171 753 325 791 solertia
343 765 431 791 cum
449 753 558 790 nobis
579 753 793 803 imperaret,
812 764 878 802 pro
894 751 1002 789 vobis
1020 764 1112 789 usus
1127 758 1209 789 est:
1239 764 1308 802 pro
1328 764 1368 788 se
1384 750 1468 800 ipso
1488 756 1631 793 autem,

173 828 261 853 cum
281 828 394 852 suum
415 827 533 852 cornu
554 813 846 865 periclitantur,
868 813 1052 864 neglexit,
1074 821 1189 863 atque
1223 812 1451 850 occumbere
1483 811 1632 855 maluit,

173 889 288 926 quam
312 875 476 914 honores
498 875 568 913 sibi
587 877 617 913 as
628 875 736 913 vobis
756 875 933 913 decretos
955 874 1208 912 dedecorare.
1264 873 1340 911 Pro
1360 873 1501 924 quibus
1519 873 1633 923 igitur

172 938 235 976 ille
265 940 380 977 rebus
407 939 470 976 vel
505 938 764 989 oppetendum
801 938 862 976 vel
894 937 1129 975 vincendum
1162 950 1244 975 esse
1275 936 1438 982 censuit,
1464 948 1528 973 eas
1563 948 1632 973 nos

175 999 256 1050 ejus
284 1000 362 1037 filio
393 999 628 1051 eripiemus?
667 999 816 1050 Ecquid
846 999 1033 1045 dicemus,
1067 998 1337 1040 Athenienses,
1369 1010 1457 1035 cum
1487 1004 1635 1047 tropaea

174 1061 327 1110 quidem
348 1061 535 1099 universis
555 1060 773 1099 hominibus
794 1061 832 1098 in
853 1066 1069 1112 conspectu
1081 1066 1193 1098 erunt
1211 1073 1298 1111 quae
1317 1059 1380 1097 ille
1396 1059 1486 1096 dum
1508 1067 1635 1096 vester

175 1121 382 1173 imperator
401 1129 508 1167 esset
523 1119 642 1160 erexit
662 1136 670 1160 z
701 1123 946 1173 praemiorum
979 1128 1108 1159 autem
1141 1135 1227 1171 quae
1247 1127 1451 1173 propterea
1469 1119 1523 1156 illi
1544 1120 1636 1158 data

175 1190 268 1221 sunt
285 1184 427 1234 aliquid
448 1184 671 1222 auferetur?
711 1185 772 1222 An
793 1197 870 1222 non
889 1184 985 1221 illud
1006 1182 1299 1221 considerabitis
1318 1189 1357 1220 et
1375 1181 1636 1233 perpendetis,

176 1245 450 1289 Athenienses,
474 1259 550 1283 non
570 1259 674 1283 nunc
693 1245 742 1283 de
774 1245 860 1295 lege
885 1244 1075 1296 judicium
1095 1245 1189 1291 fieri,
1211 1251 1340 1282 utrum
1360 1257 1406 1281 ea
1425 1243 1564 1289 valere,
1586 1256 1636 1281 an

175 1307 351 1357 abrogari
371 1307 533 1344 debeat:
563 1307 633 1344 sed
653 1307 701 1344 de
721 1306 843 1350 vobis,
863 1313 988 1343 utrum
1021 1306 1060 1342 in
1093 1313 1292 1357 posterum
1311 1305 1420 1343 vobis
1455 1305 1638 1343 benefieri

174 1369 328 1414 debeat,
366 1367 516 1406 necne?
583 1368 668 1418 Age
701 1380 797 1418 cape
829 1374 868 1405 et
898 1368 1277 1406 senatusconsultum
1317 1367 1422 1418 quod
1457 1366 1637 1405 Chabriae

174 1430 318 1468 factum
339 1428 568 1468 est—Vide
589 1442 634 1467 ac
655 1428 931 1479 circumspice3
960 1442 1051 1467 nam
1083 1429 1122 1467 id
1156 1429 1218 1468 hie
1249 1429 1389 1467 alicubi
1419 1442 1504 1467 esse
1525 1442 1637 1481 opor-

180 1499 235 1530 tet
256 1516 271 1522 -
287 1517 302 1523 -
319 1516 334 1522 -
369 1509 371 1511 ·
524 1501 527 1503 '

235 1556 294 1593 19.
326 1554 411 1605 Ego
441 1567 532 1592 vero
570 1553 686 1591 etiam
717 1554 790 1591 hoe
828 1553 992 1605 amplius
1029 1568 1098 1605 pro
1139 1554 1308 1598 Chabria
1342 1553 1483 1590 dicam.
1541 1554 1636 1600 Vos,

178 1616 449 1661 Athenienses,
482 1630 570 1654 cum
599 1615 768 1666 quodam
796 1622 969 1666 tempore
1005 1616 1238 1667 Iphicratem
1271 1615 1526 1660 honoraretis,
1558 1628 1635 1652 non

177 1692 266 1716 eum
282 1679 406 1716 solum
426 1678 660 1724 honorastis,
683 1677 766 1724 sed,
794 1685 950 1729 propter
970 1678 1090 1725 illum,
1113 1678 1340 1716 Strabacem
1366 1675 1480 1715 etiam
1501 1684 1540 1716 et
1560 1678 1636 1716 Po-

177 1740 390 1791 lystratum.
449 1741 510 1777 Ac
530 1741 665 1778 iterum
689 1745 777 1778 c'um
794 1740 937 1777 donum
956 1740 1097 1778 daretis
1115 1740 1331 1785 Timotheo,
1351 1745 1507 1790 propter
1529 1739 1636 1777 illurn

176 1803 293 1840 etiam
329 1801 560 1839 Clearchum
593 1809 633 1838 et
656 1802 844 1851 quosdam
878 1802 974 1840 alios
1008 1802 1162 1840 civitate
1195 1801 1380 1839 donastis.
1453 1801 1638 1840 Chabrias

177 1877 265 1903 vero
281 1865 359 1915 ipse
380 1863 484 1915 apud
505 1875 574 1900 vos
595 1863 808 1901 honoratus
824 1870 884 1901 est
911 1865 1028 1902 solus.
1089 1863 1129 1901 Si
1149 1870 1230 1901 tum
1249 1863 1364 1913 igitur
1382 1875 1471 1900 cum
1493 1863 1638 1901 donum

177 1933 410 1965 consecutus
429 1932 501 1971 est,
523 1924 697 1975 petiisset
717 1937 740 1962 a
759 1926 881 1972 vobis,
912 1932 955 1963 ut
984 1924 1313 1977 quemadmodum
1347 1932 1505 1976 propter
1536 1925 1639 1976 Iphi-

176 1996 321 2027 cratem
353 1994 394 2026 et
425 1987 687 2033 Timotheum,
718 1986 951 2037 quibusdam
983 1987 1245 2031 benefecistis,
1274 1987 1330 2025 sic
1358 1993 1397 2025 et
1432 2000 1503 2025 sua
1522 2000 1641 2026 causa

178 2049 456 2088 benefaceretis
476 2048 683 2097 aliquibus,
698 2048 763 2098 qui
794 2047 1076 2085 immunitatem
1109 2048 1322 2095 consecuti,
1342 2061 1445 2086 nunc
1480 2050 1527 2086 ab
1554 2049 1638 2087 istis

178 2113 231 2150 ita
245 2110 499 2160 exagitantur,
521 2114 563 2145 ut
578 2114 733 2158 propter
753 2121 818 2146 eos
837 2108 1297 2159 immunitatem*jubeant
1316 2109 1492 2146 omnibus
1517 2109 1608 2161 eripi
1627 2124 1636 2148 t

180 2185 310 2211 annon
330 2169 501 2208 similiter
520 2169 574 2206 illi
593 2168 632 2206 in
648 2181 695 2206 eo
716 2169 919 2219 gratificati
935 2168 1104 2206 essetis?
1133 2182 1205 2219 ego
1224 2169 1377 2219 quidem
1397 2169 1437 2206 id
1467 2171 1639 2209 arbitror.

180 2235 330 2278 Quibus
349 2231 465 2283 igitur
483 2237 638 2282 propter
656 2231 783 2282 ipsum
803 2231 948 2269 donum
966 2231 1041 2269 hoc
1064 2237 1145 2268 tum
1166 2230 1386 2278 dedissetis,
1399 2239 1553 2283 propter
1574 2247 1640 2272 eos

180 2309 283 2335 nunc
303 2294 412 2332 illum
441 2293 567 2343 ipsum
588 2292 829 2331 immunitate
851 2291 1092 2343 spoliabitis?
1123 2292 1333 2330 absurdum
1360 2293 1399 2330 id
1429 2300 1500 2332 est.
1558 2295 1640 2334 Nee

181 2358 281 2396 enim
308 2357 357 2394 de
382 2354 490 2392 vobis
520 2353 573 2391 sic
602 2353 811 2392 existimari
831 2354 1025 2400 convenit,
1039 2353 1209 2400 ut‚1dun1
1235 2355 1403 2392 recentia
1422 2356 1516 2393 etin
1547 2370 1640 2395 con-

181 2426 316 2471 spectu
337 2416 464 2455 adhuc
492 2422 582 2453 sunt
603 2416 806 2461 beneficia,
826 2415 1110 2466 promptissime
1130 2428 1207 2453 non
1223 2422 1374 2453 tantum
1399 2417 1505 2467 ipsos
1524 2419 1642 2457 bene·

182 2482 356 2521 ficiorum
370 2478 643 2523 auctoreS,'sed
664 2484 849 2516 eteorum
871 2477 1016 2515 amicos
1043 2476 1262 2515 honoretis:
1295 2476 1411 2528 paulo
1442 2485 1532 2530 post
1551 2493 1642 2518 vero

183 2544 297 2584 etiam
313 2555 358 2580 ea
376 2553 464 2591 quae
484 2538 576 2589 ipsis
597 2539 772 2586 dedistis,
792 2539 1030 2590 eripiatis.—

236 2685 829 2727 SENATUSCONSULTUM
859 2685 936 2723 DE
967 2684 1230 2723 CHABRIAE
1260 2684 1596 2745 HONORIBUS.

185 2796 296 2837 Quos
315 2793 444 2844 igitur,
462 2793 535 2830 nisi
564 2791 692 2842 legem
721 2789 826 2827 illam
853 2787 1102 2838 abrogabitis,
1126 2787 1301 2825 afficietis
1332 2785 1483 2837 injuria,
1503 2795 1643 2837 praeter

187 2855 261 2893 alia
291 2854 416 2893 multa
444 2867 531 2905 quae
563 2850 779 2897 audivistis,
810 2850 851 2887 hi
882 2856 986 2899 sunt,
1005 2848 1172 2900 judices·
1230 2846 1482 2885 Considerate
1514 2857 1642 2888 autem

189 2917 291 2970 apud
310 2918 581 2970 vosmetipsos,
603 2915 634 2955 si
653 2914 717 2966 qui
747 2925 794 2952 ex
822 2911 929 2950 hisce
955 2910 1148 2955 defunctis
1181 2910 1310 2960 aliquo
1343 2918 1458 2960 pacto
1484 2911 1575 2962 quid
1605 2912 1643 2952 in

883 2975 905 3010 2
928 2987 952 3016 Q
