1923 3149
399 202 604 240 ORATIO
637 202 742 239 PRO
773 201 1241 241 MEGALOPOLITIS.
1474 203 1544 240 1353

112 313 152 343 ut
165 305 347 350 Thebani,
363 305 393 342 si
407 304 673 342 Orchomenus
685 311 723 341 et
736 304 911 354 Thespiae
924 310 963 340 et
976 303 1131 340 Plataeae
1152 304 1372 341 instauratae
1393 304 1546 349 fuerint,

112 366 262 409 infirmi3
295 366 592 411 Lacedaemonii,
606 364 635 402 si
658 364 865 401 Arcadiam
892 364 1112 413 subegerint
1132 370 1170 401 ct
1192 364 1465 415 Megalopolim
1485 378 1551 402 ce-

111 428 248 478 perint,
263 428 309 465 de
325 428 470 477 integro
485 433 661 477 potentes
683 425 756 462 sint
776 425 903 462 futuri.
935 425 1151 462 Videndum
1168 425 1282 475 igitur
1297 433 1368 471 est,
1383 439 1430 463 ne
1448 426 1551 476 prius

111 489 181 526 hos
196 488 451 526 formidabiles
470 494 508 525 ct
524 500 684 537 magnos
699 485 779 523 fieri
791 486 971 530 sinamus,
989 498 1103 535 quam
1120 486 1172 523 illi
1186 487 1372 523 attenuati
1391 487 1551 525 fuerint:

112 562 207 587 neve
226 549 325 587 clam
350 549 458 587 nobis
481 546 853 586 Lacedaemoniorum
873 559 967 597 opes
988 547 1109 584 multo
1129 550 1288 594 majores
1307 547 1412 593 fiant,
1433 561 1552 597 quan-

113 617 192 647 tum
209 610 414 648 Thebanas
430 608 548 645 minui
562 608 755 645 conducit.
785 607 920 657 Neque
938 607 1038 645 enim
1059 607 1152 645 illud
1172 608 1343 658 profecto
1363 608 1552 654 dicemus,

114 673 226 711 malle
258 685 340 717 nos,
360 671 637 722 permutatione
668 669 784 715 facta,
813 669 1125 708 Lacedaemonios
1150 670 1291 708 habere
1319 670 1557 709 adversarios,

114 746 227 784 quam
243 733 466 774 Tliebanos;
494 743 615 781 neque
637 731 712 768 hoc
732 730 826 767 illud
844 738 904 769 est
922 731 1024 781 quod
1045 731 1227 782 consequi
1249 731 1459 777 studemus,
1488 732 1556 769 sed

113 793 185 831 hoc
213 801 345 831 contra
369 799 412 829 ut
429 792 553 829 neutri
572 804 641 829 nos
667 790 753 828 ullis
779 791 924 842 injuriis
952 792 1103 830 afficere
1137 793 1315 842 possint:
1344 792 1430 830 haec
1456 793 1557 830 enim

113 854 255 904 optima
272 854 366 891 ratio
386 853 496 891 fuerit
518 866 577 891 res
606 859 754 890 nostras
783 852 821 889 in
851 859 934 890 tuto
963 853 1192 891 collocandi.
1241 854 1293 891 At
1319 854 1474 892 hercule
1503 854 1558 892 sic

113 921 286 965 oportere
314 915 394 953 fieri
415 914 633 959 fatebimur,
658 913 726 952 sed
748 926 825 951 non
848 926 931 952 esse
953 914 1271 952 committendum
1301 915 1486 962 dicemus,
1515 922 1559 954 ut

114 988 245 1013 eorum
265 975 487 1014 societatem
507 976 794 1027 amplectamur,
815 987 903 1013 cum
922 975 1060 1026 quibus
1081 976 1131 1013 ad
1152 975 1387 1014 Mantineam
1407 976 1557 1015 collatis

115 1037 233 1087 signis
253 1038 567 1088 pugnaverimus:
598 1044 637 1074 et
655 1049 757 1074 nunc
777 1036 880 1087 ipsos
894 1036 1072 1088 juvemus
1092 1043 1225 1075 contra
1246 1037 1346 1084 illos,
1369 1051 1455 1076 cum
1476 1039 1559 1089 qui-

112 1099 184 1136 bus
213 1105 293 1136 tum
319 1111 521 1137 commune
546 1097 756 1149 periculum
784 1097 1017 1135 adierimus?
1047 1098 1130 1148 Ego
1149 1111 1301 1149 quoque
1320 1099 1357 1136 in
1373 1099 1444 1138 hac
1471 1112 1560 1138 sen-

114 1159 232 1196 tentia
251 1173 332 1196 sum
348 1173 356 1197 z
387 1160 454 1197 sed
475 1160 568 1197 illud
589 1159 702 1197 etiam
717 1158 806 1196 mihi
820 1159 1088 1209 requirendum
1109 1160 1273 1207 videtur,
1291 1166 1335 1198 ut
1349 1161 1457 1199 alteri
1471 1174 1558 1211 quae

114 1232 226 1270 aequa
245 1227 335 1258 sunt
353 1220 477 1259 facere
497 1234 572 1258 non
598 1226 790 1258 recusent.

169 1283 203 1318 3.
234 1281 349 1323 Quod
369 1282 399 1319 si
419 1295 551 1319 omnes
570 1294 703 1332 pacem
727 1294 840 1331 agere
863 1281 1005 1328 volent,
1027 1282 1328 1333 Megalopolitas
1357 1296 1433 1321 non
1446 1283 1559 1335 juva-

114 1342 250 1388 bimus,
279 1343 385 1380 nulla
404 1344 624 1395 postulante
652 1343 900 1381 necessitate:
929 1342 1060 1394 itaque
1082 1343 1175 1380 nihil
1202 1343 1401 1382 moliemur
1427 1345 1559 1383 adver-

116 1417 180 1441 sus
201 1417 280 1450 eos,
299 1404 363 1454 qui
375 1405 576 1443 nobiscum
591 1405 626 1442 in
642 1404 722 1442 acie
737 1410 937 1442 steterunt.
967 1404 1069 1442 Nam
1085 1411 1123 1442 et
1135 1404 1257 1451 alteri,
1271 1412 1313 1443 ut
1323 1406 1563 1456 profitentur,

107 1464 189 1515 jam
209 1466 300 1503 socii
326 1467 443 1504 nostri
472 1473 579 1504 sunt:
610 1472 649 1504 et
675 1466 784 1504 alteri
802 1478 903 1503 nunc
933 1465 1130 1503 nobiscum
1156 1479 1197 1504 se
1215 1467 1466 1518 conjungent.
1508 1469 1562 1507 Et

116 1526 209 1576 quid
228 1534 450 1578 exoptemus
470 1527 602 1565 aliud?
632 1527 683 1565 At
709 1527 740 1564 si
761 1527 1042 1565 Lacedaemonii
1055 1528 1142 1578 jure
1165 1528 1306 1566 violato
1324 1529 1469 1567 bellum
1489 1530 1562 1569 illis

115 1587 323 1634 intulerint,
338 1589 513 1639 equidem
530 1588 561 1626 si
579 1588 664 1626 haec
683 1588 766 1626 sola
783 1588 943 1638 quaestio
962 1596 1182 1637 verteretur,
1201 1596 1330 1627 utrum
1350 1604 1420 1629 nos
1441 1591 1559 1631 Lace-

117 1647 312 1686 daemoniis
333 1649 607 1700 Megalopolim
631 1649 851 1686 condonare
879 1649 1088 1687 debeamus
1108 1664 1242 1695 necne,
1271 1664 1349 1688 non
1374 1666 1560 1703 repugno,

115 1722 333 1759 quanquam
351 1710 521 1760 iniquum
539 1710 577 1747 id
598 1718 711 1757 esset,
732 1710 1009 1756 condonemus,
1028 1724 1154 1762 neque
1174 1712 1381 1763 quicquam
1399 1713 1471 1752 illis
1490 1715 1560 1752 ad-

118 1782 308 1808 versemur
324 1770 390 1820 qui
408 1777 499 1809 tunc
517 1772 650 1809 eadem
667 1771 839 1822 pericula
853 1785 930 1809 una
949 1773 1148 1810 nobiscum
1166 1773 1354 1812 adierunt.
1385 1775 1452 1812 Sin
1472 1789 1561 1815 vero

115 1831 218 1869 scitis
237 1844 382 1877 omnes,
400 1831 473 1869 hac
491 1839 614 1882 capta,
635 1846 700 1870 eos
722 1833 946 1870 Messenam
970 1846 1236 1883 aggressuros,
1257 1835 1362 1874 dicat
1379 1836 1470 1874 mihi
1491 1837 1560 1875 ali-

117 1892 202 1944 quis
230 1891 403 1936 istorum,
424 1892 488 1942 qui
508 1892 793 1944 Megalopolitis
813 1907 917 1931 nunc
944 1894 1072 1932 infesti
1094 1901 1197 1941 sunt,
1223 1896 1315 1945 quid
1343 1897 1453 1934 nobis
1478 1904 1561 1936 tum

119 1966 300 1992 suasurus
328 1953 406 1990 sit?
436 1953 560 1990 Nemo
586 1955 805 2004 respondet.
848 1955 965 2006 Atqui
985 1956 1091 1993 scitis
1111 1969 1259 2002 omnes,
1282 1957 1360 1995 sive
1386 1958 1449 1995 isti
1473 1972 1562 1997 sua-

119 2015 236 2053 deant
263 2015 339 2053 sive
365 2014 628 2060 dissuadeant,
658 2027 767 2064 opem
799 2028 882 2054 esse
911 2016 1120 2063 ferendam,
1150 2030 1237 2055 cum
1265 2024 1418 2068 propter
1443 2019 1563 2058 ictum

120 2090 207 2115 cum
228 2075 431 2114 Messeniis
450 2075 590 2121 foedus,
610 2082 690 2112 tum
711 2076 801 2126 quia
819 2077 969 2127 expedit
987 2085 1030 2115 ut
1047 2091 1093 2116 ea
1111 2079 1202 2116 urbs
1226 2079 1429 2118 incolatur.
1460 2081 1561 2119 Cum

119 2137 253 2175 animis
272 2137 387 2187 igitur
402 2137 536 2174 vestris
556 2136 736 2186 cogitate,
755 2143 882 2174 utrum
896 2138 1044 2176 initium
1058 2139 1168 2176 nobis
1181 2139 1378 2178 honestius
1391 2141 1562 2180 futurum

119 2199 168 2236 sit
187 2205 226 2236 et
249 2197 452 2235 humanius
477 2196 526 2234 ad
554 2196 790 2234 coercendas
818 2197 972 2248 injurias
1003 2199 1409 2238 Lacedaemoniorum?
1438 2201 1562 2241 hocne

117 2272 185 2311 pro
205 2258 424 2297 defensione
438 2257 708 2309 MegalopoliS‚
724 2270 772 2295 an
792 2257 886 2294 illud
899 2258 948 2295 ad
969 2260 1190 2297 Messenam
1202 2261 1415 2298 tuendam?
1446 2262 1561 2303 Nunc

118 2321 271 2371 quidem
297 2319 510 2358 Arcadibus
531 2318 710 2370 opitulari
728 2331 795 2356 vos
815 2325 853 2355 et
878 2320 983 2370 pacis
1009 2320 1282 2358 conservationi
1306 2322 1474 2370 studere,
1493 2337 1562 2374 pro

121 2395 196 2432 qua
214 2381 414 2433 periclitati
432 2381 524 2419 estis
539 2387 578 2418 et
595 2380 632 2417 in
653 2380 733 2417 acie
753 2379 976 2426 dimicastis,
995 2381 1204 2431 apparebit.
1250 2382 1347 2420 Tum
1366 2396 1456 2421 vero
1474 2398 1560 2435 per-

120 2443 293 2493 spicuum
321 2442 390 2480 erit
417 2442 588 2479 omnibus
616 2453 684 2479 vos
713 2441 938 2478 Messenam
975 2441 1071 2479 velle
1101 2441 1344 2489 incolumem,
1374 2457 1453 2481 non
1479 2451 1559 2484 tam

121 2503 310 2554 aequitatis
324 2515 441 2541 causa
460 2515 573 2553 quam
592 2508 696 2540 metu
713 2501 1103 2541 Lacedaemoniorum.
1133 2502 1290 2554 Semper
1315 2510 1444 2542 autem
1474 2518 1560 2557 spe-

120 2565 215 2603 ctari
230 2571 268 2602 et
286 2565 348 2615 agi
366 2565 505 2602 debent
523 2577 568 2602 ea
586 2577 672 2615 quae
685 2564 791 2616 justa
810 2570 922 2602 sunt:
946 2563 1134 2615 simulque
1154 2564 1283 2603 danda
1301 2571 1359 2603 est
1379 2579 1508 2617 opera,
1521 2574 1563 2605 ut

122 2627 257 2664 eadem
272 2626 386 2663 etiam
405 2625 622 2676 expediant.

173 2689 212 2725 4.
242 2686 408 2724 Affertur
427 2693 466 2724 et
488 2687 574 2724 talis
592 2686 770 2737 quaedam
789 2685 884 2724 ratio
903 2686 951 2723 ab
971 2685 1194 2724 adversariis
1220 2687 1367 2732 nostris,
1394 2687 1560 2725 dandam

121 2762 204 2787 esse
225 2760 378 2799 operam
396 2753 440 2784 ut
458 2747 627 2796 Oropum
653 2747 890 2798 recipiamus.
928 2746 1044 2790 Quod
1064 2747 1096 2784 si
1116 2759 1196 2792 eos,
1219 2747 1283 2798 qui
1308 2747 1357 2784 ad
1375 2759 1460 2784 eam
1481 2761 1560 2786 rem

122 2811 314 2862 adjutores
335 2808 475 2858 alioqui
493 2808 666 2854 fuissent,
681 2808 1032 2854 abalienaverimus,
1052 2808 1144 2846 socii
1163 2809 1271 2846 nobis
1287 2808 1364 2846 sint
1382 2808 1559 2850 defuturi.

124 2871 207 2921 Ego
225 2883 327 2917 vero,
347 2868 512 2908 dandam
537 2880 619 2906 esse
646 2881 798 2919 operam
818 2876 861 2907 ut
881 2869 1035 2920 Oropus
1055 2875 1314 2920 recuperetur,
1334 2874 1373 2906 et
1398 2868 1477 2919 ipse
1498 2870 1556 2909 af·
