1923 3149
269 172 345 210 262
591 173 665 210 DE
697 173 844 212 MALE
874 175 1044 213 GESTA
1070 174 1405 223 LEGATIONE.

267 272 390 322 magis
407 273 507 320 odio,
521 286 636 324 quam
650 276 938 315 conservatione
953 278 1058 328 digni
1075 278 1165 316 estis
1180 279 1195 315 ?
1223 278 1353 317 Multo
1373 278 1548 329 equidem
1567 280 1713 331 opinor.

266 333 353 370 Vim
369 340 495 372 autem
510 336 672 374 fortasse
687 337 844 384 facient,
859 346 902 376 ut
915 338 1088 377 homines
1102 340 1253 378 vocales
1269 347 1308 378 et
1322 340 1579 390 impudentes,
1596 350 1712 391 atque

266 394 330 431 illa
346 408 385 432 re
401 396 486 433 freti
505 410 513 433 :
543 410 620 435 non
638 399 729 436 vitio
747 400 986 445 vertendum,
1006 400 1112 438 fratri
1131 401 1321 451 opitulari.
1351 401 1431 438 Vos
1453 408 1578 438 autem
1598 402 1714 439 nolite

267 458 528 504 succumbere,
544 459 638 496 illud
655 460 885 509 cogitantes,
899 463 1098 500 convenire
1118 462 1206 507 illis,
1227 470 1269 499 ut
1288 462 1397 498 istum
1416 469 1570 499 curent:
1593 463 1713 505 vobis,

265 523 308 552 ut
335 516 442 567 leges
474 526 513 556 et
546 526 667 556 totam
699 522 989 571 rempublicam,
1025 529 1063 560 et
1092 530 1231 573 praeter
1263 522 1403 567 omnia,
1428 522 1712 572 jusjurandum,

265 589 341 627 quo
361 578 453 616 dato
473 580 521 617 ad
536 580 788 630 judicandum
810 583 965 620 sedetis.
1021 583 1134 626 Quod
1168 583 1198 620 si
1227 589 1412 633 rogarunt
1443 589 1609 619 vestrum
1646 583 1714 620 ali-

264 650 374 688 quos,
395 646 437 677 ut
455 640 560 677 illum
592 643 808 688 servaretis,
832 643 929 680 illud
955 644 1209 689 considerate,
1241 651 1367 680 utrum
1398 644 1451 681 ita
1479 644 1661 694 rogarint,
1682 644 1713 681 si

263 701 395 739 insons
414 703 651 753 reperiretur,
675 717 738 750 an,
771 705 801 742 si
834 706 872 742 in
903 707 1177 757 rempublicam
1199 707 1369 755 injurius.
1429 707 1467 744 Si
1495 707 1642 751 insons,
1674 714 1714 745 et

263 774 336 812 ego
355 776 518 801 censeo:
549 764 607 802 sin
627 765 795 811 omnino,
818 767 1000 817 quicquid
1019 767 1258 818 deliquisset,
1282 768 1319 804 id
1349 775 1547 818 rogarunt,
1566 775 1610 805 ut
1626 768 1712 805 nul-

264 823 343 861 lum
362 826 566 875 perjurium
596 828 838 866 recusaretis.
896 829 986 867 Non
1015 830 1114 867 enim
1149 830 1180 867 si
1210 829 1364 867 occulta
1394 829 1576 880 suffragia
1609 838 1712 877 sunt,

263 884 437 924 latebunt
456 886 575 926 deos:
607 889 674 926 sed
701 895 739 926 et
766 889 838 927 hoc
868 890 975 935 vidit,
1005 898 1044 928 et
1061 891 1231 928 omnium
1250 891 1456 928 rectissime
1475 892 1640 941 providit
1658 892 1712 930 le-

265 946 437 997 gislator,
456 955 506 986 ut
535 949 668 988 clam
697 950 943 1001 suffragia
972 953 1251 989 ferrentur.
1310 952 1417 989 Cur?
1449 953 1502 989 Ut
1520 965 1634 991 nemo
1653 967 1712 992 re-

262 1021 372 1046 orum
399 1010 528 1055 sciret,
557 1011 642 1061 quis
675 1011 709 1049 ei
738 1018 839 1048 esset
866 1013 1126 1062 gratificatus:
1157 1012 1224 1050 sed
1254 1012 1305 1049 dii
1325 1013 1478 1059 scirent,
1501 1020 1541 1051 et
1559 1027 1712 1062 numen,

261 1082 349 1106 eum
369 1070 435 1119 qui
453 1069 584 1120 iniqua
600 1071 907 1121 pronunciasset.
963 1073 997 1109 A
1018 1072 1156 1122 quibus
1175 1073 1429 1123 praestabilius
1449 1081 1520 1120 est,
1540 1074 1712 1125 singulos

261 1129 332 1167 sibi
353 1136 391 1168 et
408 1130 551 1177 liberis,
564 1132 670 1183 justa
687 1146 774 1182 quae
794 1140 885 1170 sunt
903 1133 1206 1184 pronunciando,
1223 1146 1330 1185 spem
1350 1136 1487 1173 bonam
1507 1149 1713 1184 reservare,

259 1204 374 1242 quam
394 1192 599 1231 obscuram
631 1200 670 1232 et
700 1193 883 1232 incertam
909 1195 1069 1245 gratiam
1089 1195 1248 1233 istorum
1269 1204 1437 1247 captare,
1457 1204 1495 1234 et
1514 1197 1711 1236 absolvere

261 1252 391 1298 istum,
409 1253 472 1303 qui
492 1255 530 1291 in
552 1268 592 1292 se
609 1254 693 1305 ipse
712 1255 808 1292 dixit
826 1255 1100 1294 testimonium.

315 1315 380 1351 69.
409 1316 496 1356 Quo
516 1315 616 1353 enim
647 1315 722 1353 alio
751 1320 892 1365 maj0re
923 1324 1020 1355 teste
1050 1318 1223 1368 probem,
1247 1317 1439 1362 AEschine,
1461 1325 1498 1356 te
1516 1319 1650 1367 multa,
1672 1327 1712 1358 et

261 1387 339 1412 non
358 1375 517 1413 ferenda
535 1376 572 1413 in
591 1376 783 1427 legatione
804 1377 1045 1428 designasse,
1065 1391 1180 1428 quam
1201 1386 1238 1416 te
1259 1386 1358 1416 teste
1374 1386 1507 1417 contra
1524 1381 1710 1431 teipsum?

262 1437 376 1478 Quod
398 1437 498 1474 enim
531 1451 633 1484 eum,
651 1438 716 1488 qui
735 1439 879 1488 aliquid
900 1453 1030 1477 eorum
1059 1453 1145 1490 quae
1165 1440 1204 1476 in
1225 1440 1415 1490 legatione
1436 1441 1562 1491 egisti,
1583 1442 1710 1492 palam

259 1497 385 1535 facere
417 1499 551 1545 voluit,
583 1500 621 1536 in
647 1506 792 1537 tantam
813 1507 852 1538 et
879 1501 996 1538 talem
1028 1501 1285 1539 calamitatem
1314 1501 1596 1551 conjiciendum
1623 1516 1710 1541 esse

261 1559 459 1604 censuisti,
482 1572 529 1596 ex
548 1573 593 1597 eo
613 1567 779 1607 constat,
798 1562 963 1611 pessime
983 1568 1109 1599 tecum
1131 1569 1259 1599 actum
1280 1562 1323 1599 iri
1344 1569 1379 1599 te
1400 1569 1573 1612 putasse,
1594 1565 1625 1601 si
1644 1570 1711 1602 tua

259 1620 429 1658 facinora
447 1621 599 1672 judices
632 1622 922 1673 comperissent.
982 1623 1083 1661 Illud
1114 1623 1229 1673 igitur
1261 1624 1343 1674 ejus
1374 1624 1517 1662 factum
1553 1625 1591 1662 in
1627 1626 1710 1677 ejus

260 1682 448 1729 fraudem,
473 1682 503 1720 si
524 1683 668 1735 sapitiS,
689 1697 777 1722 esse
797 1685 939 1723 factum
959 1685 1196 1736 intelligetis,
1217 1698 1292 1723 non
1314 1699 1358 1723 eo
1379 1685 1581 1733 duntaxat,
1604 1688 1711 1737 quod

258 1743 394 1793 ingens
427 1743 581 1794 signum
613 1751 683 1790 est,
716 1758 793 1795 qua
821 1746 966 1783 ratione
998 1746 1232 1797 legationem
1265 1747 1423 1784 obierit:
1454 1748 1522 1785 sed
1542 1748 1645 1798 quod
1671 1749 1710 1786 in

260 1805 496 1851 accusando,
515 1818 561 1843 ea
583 1807 702 1844 verba
719 1807 889 1857 protulit,
905 1820 990 1857 quae
1010 1821 1114 1845 nunc
1144 1808 1183 1845 in
1215 1821 1301 1845 eum
1320 1808 1472 1859 possint
1489 1810 1708 1860 retorqueri.

260 1866 376 1908 Quod
409 1866 510 1903 enim
535 1867 601 1916 jus
635 1868 853 1905 accusando
882 1868 1085 1906 Timarcho
1118 1868 1365 1914 constituisti,
1393 1869 1494 1905 idem
1526 1870 1640 1906 etiam
1661 1870 1708 1908 ab

258 1927 340 1964 aliis
357 1933 580 1977 usurpatum
601 1927 638 1964 in
659 1934 696 1965 te
714 1928 839 1966 valere
859 1928 1025 1966 debebit.
1055 1929 1153 1966 Tum
1168 1936 1297 1966 autem
1311 1929 1464 1967 dicebat
1479 1929 1708 1981 adjudices,

257 1987 439 2025 defendet
467 2001 556 2025 eum
585 1988 887 2034 Demosthenes,
909 1996 947 2027 et
979 2003 1104 2027 meam
1138 1990 1368 2040 legationem
1399 1992 1625 2029 accusabit:
1655 2000 1708 2038 et,

257 2048 288 2086 si
308 2062 377 2086 vos
399 2062 421 2086 a
439 2061 558 2086 causa
576 2049 792 2095 abduxerit,
814 2058 969 2088 strenue
988 2050 1266 2095 declamitabit‚
1295 2059 1334 2088 et
1353 2052 1495 2101 passim
1521 2051 1707 2102 jactabit;

256 2122 319 2160 qu
333 2122 404 2147 om
418 2121 440 2147 0
457 2109 481 2146 d
494 2109 546 2146 o?
576 2123 633 2160 qu
647 2109 719 2147 id?
748 2110 906 2148 Abduxi
926 2124 949 2148 a
968 2124 1099 2157 causa,
1121 2111 1289 2162 judices,
1309 2120 1347 2149 et
1367 2119 1540 2163 surrepto
1561 2114 1615 2151 eis
1642 2128 1709 2152 ne-

257 2170 363 2220 gotio
392 2170 479 2209 abii.
536 2170 794 2222 Nequaquam
820 2184 936 2209 vero:
966 2172 1035 2209 sed
1061 2173 1198 2223 quibus
1234 2173 1284 2210 de
1311 2173 1426 2211 rebus
1455 2175 1711 2213 controversia

258 2238 329 2277 est,
350 2231 399 2268 ad
419 2244 484 2269 eas
503 2231 801 2282 respondeto—n
857 2232 953 2269 Tum
973 2233 1098 2283 igitur,
1114 2246 1201 2271 cum
1221 2233 1327 2271 illum
1347 2247 1564 2280 accusares,
1584 2235 1706 2273 crimi-

260 2291 338 2329 nari
371 2292 438 2329 tibi
468 2300 506 2331 et
537 2293 664 2331 dicere
690 2293 844 2338 licebat,
879 2293 1061 2344 quicquid
1091 2295 1248 2333 libebat.
1307 2295 1408 2339 Quin
1436 2302 1474 2333 et
1495 2295 1708 2344 adjudices

258 2352 414 2391 dicebas
435 2361 485 2400 te,
503 2354 568 2405 qui
584 2354 732 2393 nullum
751 2355 910 2393 actionis
930 2362 1007 2393 tuae
1028 2362 1165 2394 testem
1185 2356 1358 2402 haberes,
1372 2356 1498 2407 ipsum
1517 2357 1708 2396 hominem

260 2413 453 2461 exhibere,

578 2479 675 2515 Quam
691 2478 797 2518 populi
813 2488 912 2508 sermo
928 2479 1036 2508 creber
1051 2479 1121 2514 ciet,
1139 2478 1223 2508 irrita
1239 2489 1387 2518 uunquam

579 2529 671 2558 Fama
687 2529 769 2558 cadit
784 2530 925 2568 penitus:
951 2531 1009 2559 dea
1025 2530 1162 2568 quaedam
1176 2540 1242 2559 cum
1261 2530 1302 2559 sit
1318 2531 1437 2570 etipsa.

261 2611 381 2660 Atqui
400 2617 438 2648 et
456 2616 507 2657 te,
521 2610 715 2657 AEschine,
731 2611 770 2648 hi
790 2625 923 2650 omnes
943 2612 1078 2649 dicunt
1096 2626 1141 2650 ex
1161 2613 1354 2663 legatione
1374 2614 1569 2666 accepisse
1592 2628 1708 2667 pecu-

260 2673 361 2710 niam
377 2685 386 2715 ;
415 2672 543 2722 itaque
562 2671 600 2709 in
619 2679 655 2709 te
671 2685 824 2723 quoque
847 2673 940 2710 illud
955 2674 1123 2724 profecto
1143 2674 1245 2712 valet

578 2768 675 2804 Quam
691 2766 800 2805 populi
817 2777 917 2796 sermo
932 2767 1038 2796 creber
1055 2767 1125 2804 ciet,
1142 2767 1227 2798 irrita
1242 2779 1395 2809 nunquam

580 2817 672 2847 Fama
687 2817 770 2847 cadit
787 2817 918 2857 penitus.

262 2907 359 2945 Nam
374 2907 477 2958 quod
498 2915 533 2946 tc
555 2908 666 2960 longe
685 2908 937 2960 pluresquam
957 2909 1061 2948 illum
1081 2912 1343 2964 criminantur,
1358 2913 1393 2950 id
1409 2911 1624 2962 cujusmodi
1646 2912 1707 2956 sit,
