1923 3149
266 181 344 219 244
453 234 458 235 ⁷
578 175 652 214 DE
683 175 835 214 MALE
863 176 1041 216 GESTA
1072 175 1399 217 LEGATIONE.

577 351 904 392 DECRETUM.
934 353 1154 392 LlTERAE.
1183 351 1402 391 TESTES.

268 446 366 488 Quae
385 445 499 496 igitur
517 452 606 485 vota
625 448 766 498 putatis
783 461 1030 500 nuncupasse
1045 447 1118 485 diis
1139 447 1358 498 Philippum
1383 458 1470 484 cum
1489 445 1639 491 libaret,
1652 452 1719 484 aut

268 506 502 545 Thebanos?
532 521 658 546 nonne
691 515 735 546 ut
765 509 803 546 in
829 509 931 548 bello
951 510 1024 546 vim
1045 516 1083 547 et
1101 508 1300 547 victoriam
1321 507 1393 558 ipsi
1412 514 1451 544 et
1471 506 1583 544 sociis
1602 506 1718 557 largi-

266 574 409 614 rentur,
426 575 464 606 et
483 568 617 606 horum
633 569 823 608 contraria
839 570 1097 608 Phocensium
1116 568 1339 607 foederatis?
1361 569 1437 606 Iste
1455 581 1568 619 porro
1583 567 1719 606 eadem

267 630 495 681 precabatur
514 636 553 667 et
570 629 852 680 imprecabatur
869 632 1018 681 patriae,
1035 645 1121 682 quae
1137 643 1240 668 nunc
1255 643 1321 667 vos
1337 630 1373 667 in
1389 630 1471 680 ejus
1491 636 1608 679 caput
1627 641 1719 666 con-

266 698 412 729 vertere
444 691 645 740 oportebit.
704 691 838 741 Itaque
857 692 950 730 abiit
969 699 1104 730 contra
1123 692 1263 743 legem,
1285 704 1370 741 quae
1391 691 1429 728 id
1445 690 1593 728 facinus
1615 688 1720 740 capi-

267 752 344 789 tale
369 765 455 789 esse
477 752 614 802 jubet:
643 752 736 790 illuc
765 760 893 790 autem
920 755 1134 805 profectum
1155 753 1235 790 aliis
1250 753 1434 790 mortibus
1454 752 1598 790 luenda
1617 750 1720 789 desi-

267 825 407 863 gnasse
422 818 598 851 constat:
622 812 704 863 jam
725 815 810 863 ejus
840 821 928 852 acta
954 815 1094 866 priora,
1114 822 1152 853 et
1171 814 1287 852 obitae
1306 821 1460 867 propter
1480 814 1566 852 haec
1583 811 1720 863 legati-

265 886 375 919 ones,
393 873 528 912 merito
547 886 635 911 eum
649 874 922 913 interfecerint.

319 937 385 973 41.
415 936 546 978 Quare
565 935 809 974 considerate
827 950 914 987 quoe
933 936 1008 973 litis
1031 937 1232 974 aestimatio
1254 949 1301 974 ea
1318 934 1581 985 magnitudine
1596 934 1658 980 sit,
1677 941 1721 972 ut

264 1004 324 1035 tot
343 997 550 1035 sceleribus
570 1008 648 1033 non
666 997 790 1034 minor
809 1010 894 1035 esse
912 997 1102 1034 videatur.
1159 997 1222 1033 An
1241 1010 1320 1035 non
1333 1004 1444 1047 turpe
1456 995 1586 1041 fuerit,
1602 995 1720 1033 Athe-

265 1058 431 1103 nienses,
445 1069 533 1094 cum
547 1057 699 1107 publice
720 1057 887 1096 universi
902 1070 970 1095 vos
986 1064 1025 1095 et
1039 1063 1142 1095 totus
1156 1057 1322 1108 populus
1336 1057 1466 1095 omnia
1485 1070 1531 1094 ea
1548 1070 1635 1107 quae
1651 1069 1719 1107 pa-

266 1131 349 1156 cem
365 1123 578 1156 consecuta
593 1125 695 1163 sunt,
710 1118 1017 1169 reprehendatis,
1030 1131 1118 1156 cum
1131 1132 1201 1156 nec
1218 1118 1545 1170 Amphictyonum
1558 1117 1721 1156 decretis

265 1179 539 1226 assentiamini,
564 1186 604 1216 et
629 1178 848 1218 irascamini
878 1180 1069 1231 Philippo,
1090 1193 1254 1231 eumque
1281 1187 1503 1231 suspectum
1528 1179 1719 1223 habeatis,

263 1248 447 1292 tanquam
462 1240 579 1291 impia
593 1240 669 1278 sint
687 1247 727 1279 et
744 1240 915 1279 crudelia
934 1241 1000 1280 illa
1017 1242 1133 1288 facta,
1149 1248 1189 1280 et
1202 1254 1327 1292 neque
1335 1243 1455 1293 justa,
1475 1254 1601 1292 neque
1611 1241 1718 1279 vobis

263 1304 547 1344 conducibilia:
578 1303 607 1342 si
635 1303 673 1341 in
696 1304 841 1342 curiam
860 1304 1033 1356 ingressi,
1051 1305 1101 1343 ad
1125 1304 1291 1343 rationes
1311 1304 1359 1342 de
1380 1304 1456 1342 illis
1471 1304 1641 1342 redditas
1662 1303 1719 1341 di-

258 1365 510 1418 judicandas,
531 1372 570 1404 et
598 1365 850 1417 jurejurando
880 1378 949 1416 pro
977 1367 1112 1416 repub.
1134 1365 1238 1413 dato,
1257 1365 1445 1404 malorum
1461 1365 1630 1403 omnium
1651 1356 1719 1402 au-

262 1434 423 1472 ctorem,
453 1439 568 1477 quem
597 1426 637 1463 in
674 1427 817 1464 talibus
856 1426 1090 1465 facinoribus
1128 1427 1256 1478 palam
1285 1426 1604 1478 deprehendistis,
1633 1439 1719 1465 eum

264 1488 493 1527 absolveris?
515 1487 655 1539 Ecquis
675 1494 888 1525 ceterorum
905 1488 1059 1535 civium,
1072 1488 1132 1526 vel
1147 1488 1276 1539 potius
1293 1487 1519 1525 Graecorum
1535 1487 1719 1533 omnium,

263 1564 343 1590 non
357 1551 444 1601 jure
463 1563 533 1589 vos
552 1548 820 1600 reprehendet,
838 1549 904 1599 qui
921 1549 1052 1587 videat
1068 1562 1135 1586 vos
1157 1549 1268 1587 irasci
1284 1548 1478 1599 Philippo,
1496 1549 1561 1599 qui
1581 1561 1718 1599 pacem

264 1625 286 1650 e
303 1613 407 1650 bello
427 1618 470 1650 ut
496 1612 653 1656 faceret,
673 1610 832 1661 negotia
850 1611 897 1648 ab
916 1610 961 1648 iis
984 1611 1049 1662 qui
1071 1611 1234 1649 vendere
1255 1610 1393 1656 solent,
1413 1617 1622 1657 mercatus,
1639 1623 1720 1648 rem

265 1674 347 1725 agit
360 1673 515 1711 omnino
530 1673 645 1711 venia
664 1672 822 1723 dignam
839 1685 848 1710 ε
878 1672 995 1710 istum
1023 1678 1152 1710 autem
1173 1671 1386 1719 absolvere,
1404 1672 1470 1722 qui
1494 1678 1622 1710 vestra
1639 1678 1720 1710 tam

262 1734 456 1786 flagitiose
473 1733 664 1781 vendidit,
689 1745 778 1770 cum
805 1732 956 1784 legibus
977 1739 1151 1771 extrema
1169 1731 1360 1784 supplicia
1377 1732 1520 1771 talibus
1539 1731 1721 1771 facinori-

262 1797 337 1834 bus
357 1796 434 1834 sint
452 1795 664 1834 constituta
682 1795 697 1832 ’ἒ

316 1860 382 1895 42.
413 1857 605 1895 Fortassis
635 1857 751 1894 etiam
780 1856 868 1893 talis
888 1857 936 1893 ab
955 1855 1038 1894 istis
1057 1855 1152 1894 ratio
1172 1854 1364 1901 afferetur,
1384 1855 1613 1906 principium
1643 1855 1719 1894 hoc

263 1919 348 1957 fore
367 1918 651 1956 inimicitiarum
667 1931 757 1955 curn
777 1916 970 1968 Philippo,
992 1917 1024 1954 si
1050 1917 1156 1968 pacis
1186 1916 1412 1968 interpretes
1433 1916 1720 1956 damnaveritis.

266 1982 353 2032 Ego
369 1993 475 2026 vero,
502 1979 542 2016 id
572 1991 704 2016 verum
736 1978 767 2015 si
801 1984 871 2024 est,
903 1978 1006 2029 quod
1040 1978 1194 2029 gravius
1225 1978 1289 2015 isti
1320 1978 1463 2016 crimen
1495 1977 1720 2030 impingam,

263 2042 373 2081 nulla
391 2042 538 2079 ratione
559 2039 720 2090 reperio.
771 2038 813 2076 Si
831 2039 931 2076 enim
950 2039 982 2076 is
1002 2040 1068 2090 qui
1082 2039 1286 2089 pecuniam
1306 2038 1504 2089 impendit,
1524 2045 1568 2077 ut
1584 2052 1720 2090 pacem

263 2104 499 2155 impetraret,
526 2101 580 2139 ita
611 2114 714 2139 nunc
742 2100 870 2138 factus
905 2106 966 2138 est
999 2099 1249 2137 formidabilis
1279 2105 1319 2138 et
1336 2112 1518 2150 magnus,
1534 2107 1578 2138 ut
1596 2100 1718 2148 vobis,

263 2166 445 2215 neglecto
462 2162 732 2215 jurejurando,
753 2168 793 2199 et
817 2160 981 2213 justitia,
1000 2160 1210 2198 videndum
1231 2161 1280 2198 sit
1293 2160 1390 2212 jam,
1410 2173 1487 2211 qua
1505 2174 1544 2199 re
1566 2169 1718 2212 gratum

264 2227 442 2277 Philippo
462 2223 624 2270 faciatis,
643 2236 719 2274 quo
753 2222 944 2273 supplicio
974 2222 1167 2260 afficiendi
1196 2228 1309 2260 erunt
1334 2222 1416 2273 ejus
1441 2222 1496 2260 rei
1527 2229 1719 2270 auctores,

264 2295 309 2326 ut
327 2288 464 2338 dignas
487 2286 580 2324 dent
598 2283 761 2337 poenas?
790 2284 935 2321 Verum
955 2283 1150 2321 enimvero
1182 2295 1269 2321 eam
1301 2295 1381 2320 rem
1414 2281 1592 2321 amicitiae
1610 2285 1718 2322 vobis

263 2349 425 2387 utilioris
445 2348 562 2386 etiam
591 2344 819 2397 principium
845 2344 1017 2382 futurum
1047 2357 1146 2390 esse,
1165 2349 1351 2394 quantum
1379 2342 1601 2394 conjectura
1629 2344 1720 2383 licet

263 2410 432 2460 assequi,
452 2409 491 2446 id
519 2420 671 2458 quoque
700 2419 760 2444 me
791 2414 1036 2444 ostensurum
1068 2406 1216 2456 opinor.
1274 2405 1363 2442 Hoc
1383 2411 1489 2442 certo
1508 2405 1717 2445 tenendum

264 2471 375 2509 vobis
394 2477 452 2508 est
482 2469 715 2519 Philippum,
737 2467 1008 2514 Athenienses,
1027 2480 1107 2505 non
1125 2472 1367 2504 contemnere
1387 2472 1553 2504 vestram
1573 2468 1717 2515 urbem,

265 2546 391 2584 neque
419 2545 466 2570 eo
486 2530 590 2581 quod
621 2542 688 2566 vos
714 2529 924 2566 inutiliores
958 2527 1102 2578 putarit
1130 2539 1245 2577 quam
1265 2527 1483 2573 Thebanos,
1503 2527 1612 2566 vobis
1632 2528 1717 2567 illos

262 2593 494 2644 praetulisse,
520 2590 589 2629 sed
620 2591 667 2627 ab
696 2589 778 2627 istis
812 2589 992 2627 edoctum
1023 2601 1123 2633 esse,
1143 2595 1181 2626 et
1201 2587 1406 2632 audivisse,
1428 2587 1468 2626 id
1487 2587 1593 2639 quod
1611 2589 1716 2640 prius

265 2655 378 2694 etiam
399 2652 550 2705 publice
569 2650 678 2690 vobis
699 2650 873 2701 exposui,
897 2649 1048 2687 nemine
1079 2649 1234 2686 istorum
1256 2648 1498 2699 refragante;
1529 2649 1715 2700 populum

262 2730 350 2756 esse
367 2717 532 2761 turbam,
546 2726 624 2752 rem
643 2713 812 2750 omnium
833 2710 1221 2750 inconstantissimam
1243 2718 1281 2748 et
1301 2710 1601 2757 stolidissimam‚
1617 2718 1659 2748 ut
1679 2710 1717 2750 in

266 2779 359 2816 mari
391 2777 533 2815 undam
566 2776 832 2818 fluctuantem,
862 2786 948 2822 quae
979 2772 1133 2810 fortuito
1161 2772 1339 2821 agitetur,
1368 2771 1485 2809 alium
1516 2771 1716 2820 accedere,

260 2841 382 2879 alium
402 2840 519 2884 abire,
534 2834 806 2886 rempublicam
835 2841 961 2871 autem
992 2846 1094 2871 curae
1121 2845 1204 2871 csse
1235 2831 1389 2878 nemini,
1411 2845 1456 2870 ac
1475 2831 1568 2882 quid
1587 2838 1714 2871 actum

266 2900 329 2945 sit,
353 2913 399 2938 nc
419 2898 636 2937 meminisse
655 2895 836 2947 quidem;
869 2895 1070 2934 habendos
1097 2903 1227 2935 autem
1247 2894 1396 2946 aliquos
1417 2893 1574 2941 amicos,
1595 2894 1661 2945 qui
1679 2894 1714 2933 ei
