1923 3149
527 141 885 180 OLYNTHIACA
918 142 954 180 11
983 142 1089 190 (ΙΙΙ).
1498 143 1549 181 35

84 259 142 286 aaz
159 246 368 285 facultates
387 246 425 284 in
440 258 512 284 sua
525 252 720 297 potestate
739 244 920 290 habebat,
947 251 987 282 et
1019 245 1117 282 bene
1137 255 1272 283 secum
1286 245 1348 296 agi
1360 244 1552 297 putabant

83 309 211 348 caeteri
229 320 375 353 omnes,
397 308 429 346 si
449 321 472 346 a
491 307 636 359 populo
656 312 725 344 aut
751 305 939 344 honorem
953 313 1021 344 aut
1035 306 1301 357 magistratum
1320 313 1385 344 aut
1403 306 1551 345 benefi-

83 371 184 409 cium
201 369 357 421 aliquod
377 369 574 408 consecuti
590 375 745 406 essent:
762 381 866 406 nunc
879 374 1017 406 contra
1031 380 1166 405 omnes
1186 367 1407 419 reipublicae
1426 367 1550 405 sacul-

83 438 183 470 tates
204 445 323 484 penes
345 439 435 470 sunt
453 431 715 482 magistratus,
729 442 938 480 eorumque
952 429 1109 467 arbitrio
1128 435 1314 480 geruntur
1327 428 1470 473 omnia,
1482 441 1551 466 vos

83 494 264 545 populus,
291 494 461 532 enervati
488 505 533 531 ac
558 492 723 544 pecunia
741 498 780 530 et
798 491 912 530 sociis
925 491 1091 542 spoliati,
1105 490 1238 528 famuli
1253 497 1292 528 et
1303 489 1555 528 additamenti

83 555 208 594 vicem
230 555 428 601 obtinetis,
447 554 616 593 contenti
643 553 676 591 si
699 552 908 592 theatrales
935 552 1120 604 pecunias
1135 552 1242 591 vobis
1257 550 1554 603 impertiantisti

85 623 154 655 aut
172 617 451 655 viscerationes
470 616 567 654 forte
585 615 769 662 miserint,
800 623 838 653 et
857 615 963 666 quod
983 614 1155 653 omniurn
1169 613 1470 665 abjectissimum
1483 618 1551 658 est,

84 686 240 730 propter
259 690 305 716 ea
323 692 411 729 quae
427 685 554 716 vestra
575 684 665 715 sunt
685 677 848 728 gratiam
868 677 983 715 etiam
996 676 1166 715 habetis.
1224 674 1301 719 Qui
1319 687 1409 712 vero
1428 686 1496 712 vos
1515 674 1556 712 in

83 739 185 777 hanc
206 740 343 778 urbem
363 745 532 790 tanquam
561 752 741 776 carcerem
762 738 966 785 inclusere,
984 737 1035 776 ad
1053 737 1147 775 talia
1164 748 1234 775 vos
1254 735 1428 774 alliciunt
1447 741 1486 774 et
1504 735 1558 773 ci-

84 807 221 839 curant
248 809 294 839 ut
312 813 379 839 vos
400 801 451 839 ad
470 808 607 839 nutum
627 807 782 852 paratos
800 800 983 838 habeant.
1041 798 1141 837 Fieri
1169 811 1273 845 vero,
1294 809 1381 836 mea
1399 796 1556 848 quidem

85 861 293 909 sententia,
308 875 553 914 nequaquam
573 869 716 914 potest,
735 869 778 900 ut
795 874 978 913 magnum
999 859 1144 912 aliquid
1165 871 1444 911 generosumve
1464 870 1554 895 sen·

84 923 186 962 tiant
204 924 229 962 ii
256 924 322 975 qui
341 925 468 976 parvis
489 937 537 963 ac
555 924 694 963 vilibus
721 924 837 963 rebus
862 930 1121 975 occupantur:
1153 934 1244 960 nam
1272 920 1558 973 qualiacunque

86 983 287 1023 hominum
306 985 432 1024 studia
452 986 608 1032 fuerint,
623 986 765 1024 talibus
786 999 853 1024 eos
873 992 914 1024 et
932 985 1068 1023 animis
1089 997 1173 1023 esse
1191 983 1376 1036 praeditos
1395 993 1559 1021 necesse

88 1054 163 1084 est.
220 1046 319 1085 Haec
347 1047 497 1085 medius
532 1047 646 1086 fidius
665 1046 768 1085 haud
792 1047 970 1093 mirabor,
1000 1048 1033 1086 si
1057 1047 1150 1084 mihi
1181 1046 1247 1097 qui
1278 1044 1443 1083 dixerim
1468 1043 1557 1095 plus

87 1107 194 1158 apud
220 1120 291 1146 vos
317 1109 535 1154 nocuerint,
568 1121 685 1159 quam
709 1108 803 1159 ipsis
833 1108 971 1146 harum
998 1121 1127 1146 rerum
1153 1108 1399 1146 auctoribus:
1427 1117 1556 1155 neque

87 1168 189 1206 enim
208 1180 361 1220 semper
375 1168 478 1220 apud
497 1181 567 1207 vos
582 1169 759 1207 omnibus
775 1168 824 1206 de
837 1169 953 1207 rebus
968 1169 1085 1208 libere
1100 1169 1207 1220 loqui
1221 1168 1327 1214 licet,
1346 1167 1462 1217 idque
1485 1178 1558 1217 ego

87 1229 152 1268 vel
171 1243 275 1268 nunc
294 1229 451 1268 licuisse
470 1230 594 1268 miror.

146 1292 207 1330 10.
237 1291 355 1334 Quod
389 1291 422 1329 si
453 1304 558 1329 nunc
602 1290 742 1330 saltem
774 1291 943 1330 moribus
976 1291 1060 1330 istis
1090 1290 1234 1329 relictis
1259 1289 1422 1328 militare
1451 1296 1491 1327 et
1517 1295 1562 1326 ut

86 1359 218 1391 vestra
235 1352 404 1404 dignitas
424 1352 599 1404 postulat
617 1365 698 1390 rem
718 1365 849 1404 gerere
868 1352 1080 1399 volueritis,
1116 1359 1232 1403 atque
1259 1351 1397 1389 harum
1425 1350 1559 1388 dome-

89 1414 272 1452 sticarum
296 1425 414 1465 opum
447 1412 706 1452 redundantia
735 1413 843 1452 velut
869 1413 1127 1452 instrumento
1154 1412 1314 1452 utemini
1333 1411 1383 1450 ad
1403 1418 1565 1450 externa

88 1475 193 1514 bona
209 1475 461 1525 comparanda,
490 1474 677 1522 fortassis,
701 1475 978 1522 Athenienses,
994 1475 1168 1513 fortassis
1180 1474 1393 1526 perfectum
1406 1471 1563 1524 aliquod

93 1544 135 1575 et
151 1550 339 1588 magnum
357 1537 507 1575 bonum
537 1536 838 1587 consequemini,
867 1536 1012 1575 talibus
1035 1536 1186 1575 lucellis
1217 1535 1439 1587 repudiatis,
1474 1547 1563 1585 quae

96 1611 188 1637 cum
207 1598 303 1636 cibis
322 1610 421 1649 quos
441 1597 536 1635 dant
563 1598 718 1648 aegrotis
751 1598 893 1636 medici
927 1598 1093 1636 conferri
1116 1604 1294 1649 possunt·
1348 1595 1503 1634 Etenim
1521 1601 1564 1632 at

94 1659 149 1697 illi
166 1672 294 1710 neque
312 1660 415 1698 vires
436 1658 602 1698 afferunt
620 1672 745 1710 neque
762 1660 882 1697 emori
901 1659 1112 1710 patiuntur,
1140 1661 1192 1697 sic
1211 1666 1251 1697 et
1267 1660 1353 1706 ista,
1378 1671 1465 1709 quae
1494 1669 1565 1696 vos

92 1733 197 1759 nunc
214 1720 426 1771 percipitis,
442 1732 571 1770 neque
588 1726 698 1757 tanta
718 1727 811 1757 sunt
829 1726 874 1757 ut
892 1721 985 1758 satis
1004 1733 1185 1770 magnam
1202 1733 1334 1758 secum
1353 1718 1567 1757 commodi-

92 1789 214 1821 tatem
244 1781 414 1828 trahant,
444 1794 572 1833 neque
591 1793 661 1819 vos
680 1780 726 1819 iis
747 1780 944 1832 despectis
965 1781 1017 1819 ad
1045 1781 1120 1819 alia
1151 1782 1324 1820 converti
1353 1781 1566 1832 patiuntur,

95 1843 166 1882 sed
184 1843 368 1881 alimenta
387 1849 482 1881 sunt
499 1849 672 1880 vestrum
691 1843 860 1880 omnium
887 1833 1088 1881 socordiae.
1144 1843 1255 1880 Tune
1275 1855 1369 1893 ergo
1389 1841 1567 1881 mercede

93 1904 338 1943 militandum
366 1903 531 1943 censes?
561 1904 711 1955 inquiet
739 1903 890 1955 aliquis.
947 1903 1071 1942 Sane:
1101 1910 1141 1942 et
1167 1916 1189 1942 e
1207 1904 1372 1955 vestigio
1401 1903 1566 1942 eandem

94 1979 180 2006 esse
211 1965 492 2005 ordinationem
524 1966 708 2011 omnium,
741 1965 1012 2012 Athenienses,
1044 1972 1088 2003 ut
1118 1965 1380 2004 emolumenta
1409 1965 1567 2016 publica

94 2028 259 2079 quisque
278 2027 483 2078 accipiens,
503 2027 762 2078 quodcunque
789 2026 934 2065 civitati
963 2040 1060 2079 opus
1090 2026 1221 2073 fuerit,
1259 2027 1309 2065 ad
1344 2026 1385 2064 id
1417 2027 1469 2065 sit
1494 2040 1565 2078 pa-

95 2097 215 2128 ratus.
286 2088 401 2127 Licet
439 2102 554 2140 agere
595 2089 717 2127 otium
731 2088 749 2125 2
822 2088 943 2127 Domi
976 2095 1235 2127 commoratus
1271 2088 1420 2126 meliori
1446 2088 1566 2127 uteris

97 2149 336 2197 conditione,
375 2149 620 2188 necessitatis
663 2162 804 2201 expers
843 2157 956 2201 turpe
997 2150 1156 2202 aliquod
1195 2151 1244 2188 ob
1281 2150 1449 2202 inopiam
1497 2150 1568 2188 ad-

98 2211 290 2250 mittendi.
356 2211 501 2249 Incidit
535 2211 758 2262 hujusmodi
787 2211 998 2263 quippiam,
1034 2212 1150 2263 quale
1177 2212 1310 2251 nunc?
1365 2212 1439 2251 His
1475 2212 1568 2264 ipsis

96 2272 369 2312 emolumentis
396 2273 603 2319 conductus,
623 2280 668 2311 ut
694 2286 849 2324 aequum
869 2281 930 2311 est
946 2287 1015 2324 pro
1032 2275 1170 2325 patria,
1190 2274 1383 2313 militabis.
1442 2274 1564 2312 Estne

96 2341 267 2373 vestrum
287 2334 424 2385 aliquis
455 2342 565 2373 extra
583 2341 738 2373 aetatem
762 2335 982 2372 militarem?
1038 2337 1138 2379 Quae
1166 2336 1199 2374 is
1220 2349 1324 2375 nunc
1339 2343 1449 2375 extra
1467 2336 1569 2375 ordi-

97 2409 188 2435 nem
204 2396 319 2448 capit,
339 2395 434 2435 nihil
452 2395 730 2447 rempublicam
749 2396 952 2447 adjuvans,
978 2409 1025 2436 ea
1042 2396 1083 2434 in
1100 2397 1281 2448 aequabili
1301 2397 1435 2436 ordine
1466 2396 1568 2436 acci-

98 2457 194 2509 piat,
212 2457 343 2497 omnia
355 2457 563 2509 inspiciens
582 2465 623 2495 et
642 2457 915 2496 administrans
934 2471 1021 2510 quae
1041 2465 1134 2497 sunt
1150 2458 1319 2510 agenda.

156 2519 219 2556 11.
245 2518 311 2556 Ad
339 2531 543 2566 summam,
569 2531 694 2569 neque
725 2519 933 2557 detrahens
962 2519 1170 2571 quicquam
1211 2532 1339 2571 neque
1380 2519 1567 2572 adjiciens

98 2589 240 2633 praeter
252 2593 393 2632 panca,
407 2582 634 2620 confusione
653 2581 821 2628 sublata,
840 2582 1120 2633 rempublicam
1148 2583 1187 2620 in
1216 2582 1389 2621 ordinem
1420 2581 1567 2632 redegi,

98 2644 233 2683 eodem
252 2643 479 2694 accipiendi,
500 2643 703 2691 militandi,
724 2643 941 2694 judicandi,
962 2652 1002 2682 et
1019 2644 1060 2682 id
1078 2644 1221 2695 agendi
1246 2644 1349 2695 quod
1370 2656 1439 2695 pro
1455 2650 1570 2680 aetate

99 2706 263 2758 quisque
290 2712 422 2756 potest
451 2705 634 2756 quodque
652 2712 807 2756 tempus
837 2705 1024 2757 postulat,
1058 2706 1190 2744 ordine
1222 2705 1408 2743 instituto.
1465 2704 1571 2742 Nus-

102 2780 220 2820 quam
237 2779 312 2818 ego
332 2766 425 2812 dixi,
445 2766 539 2804 nihil
554 2767 758 2818 agentibus
784 2780 831 2805 ea
856 2779 944 2806 esse
981 2767 1248 2806 distribuenda
1267 2780 1355 2818 quae
1373 2766 1570 2818 fungenti-

101 2829 175 2867 bus
201 2828 329 2868 officio
359 2827 561 2874 debentur,
592 2841 721 2880 neque
746 2829 851 2880 ipsos
880 2828 1057 2868 desidere
1077 2829 1258 2879 omnique
1273 2827 1433 2867 consilio
1452 2827 1572 2867 desti-
