1923 3149
292 206 364 240 388
662 203 883 240 CONTRA
914 204 1359 244 ARISTOCRATEM.

951 338 1077 377 LEX.

335 425 499 454 Decretum
513 424 627 454 nullum
644 434 741 464 neque
758 428 881 454 senatus
898 435 996 463 neque
1013 422 1119 462 populi
1132 422 1305 453 auctoritati
1321 424 1510 462 precs-tratur.

290 506 471 557 Depone.
529 506 640 544 Brevi
660 507 815 544 omnino
836 512 874 544 et
891 506 993 543 facili
1011 506 1183 543 oratione
1215 505 1307 543 mihi
1336 519 1432 557 opus
1462 518 1546 544 esse
1573 513 1679 557 puto,
1697 515 1739 545 ut

290 567 507 613 ostendam,
534 567 633 604 hanc
661 580 814 617 quoque
847 566 972 617 legem
1004 567 1078 604 isto
1104 566 1259 604 decreto
1284 579 1369 605 esse
1388 566 1580 605 violatam.
1637 567 1738 605 Nam

289 628 355 677 qui
380 628 530 678 legibus
548 628 740 672 omnibus,
758 640 919 677 quarum
939 633 1047 664 tanta
1071 626 1279 664 multitudo
1308 633 1380 672 est,
1399 626 1563 673 violatis,
1583 627 1738 666 decreto

274 689 493 740 inscripsit,
522 696 561 726 et
593 689 748 726 inclusit
775 700 856 725 rem
887 688 1105 738 quampiam
1138 687 1383 738 peculiarem,
1405 700 1493 724 eum
1513 687 1604 737 quid
1633 688 1739 726 aliud

290 751 416 788 facere
446 749 694 787 statuendum
725 755 797 795 est,
827 761 943 798 quam
980 749 1187 799 postulare,
1207 755 1251 786 ut
1279 748 1474 786 decretum
1500 748 1585 799 lege
1611 749 1739 799 potius

288 809 509 848 habeatur?
565 809 784 847 Ostendam
804 817 933 846 autem
952 809 1060 847 vobis
1079 822 1197 846 unum
1228 817 1343 860 atque
1373 809 1534 846 alterum
1562 817 1737 847 senatus-

289 870 527 916 consultum,
543 870 680 919 quibus
695 869 762 907 viri
783 869 833 906 de
852 869 1049 919 republica
1068 883 1154 907 vere
1173 871 1270 907 bene
1290 870 1410 907 meriti
1431 877 1520 907 sunt
1537 871 1674 914 ornati,
1694 877 1739 908 ut

268 964 271 965 ⁷
289 931 527 982 intelligatis,
548 931 659 969 facile
679 944 761 968 esse
776 943 887 980 aequa
908 930 1085 976 scribere,
1102 931 1133 968 si
1152 931 1234 980 quis
1255 932 1304 968 ob
1323 930 1416 968 illud
1441 932 1566 981 ipsum
1586 931 1738 977 scribat,

289 998 334 1029 ut
353 991 465 1030 alicui
483 991 606 1029 honos
620 991 821 1037 habeatur,
841 997 961 1041 utque
988 991 1019 1028 is
1039 991 1076 1029 in
1097 991 1211 1028 vestri
1224 991 1322 1040 juris
1342 991 1563 1028 societatem
1579 991 1739 1042 recipia-

271 1059 364 1098 tur,
384 1060 424 1090 et
447 1066 524 1090 non
551 1066 620 1104 per
639 1052 806 1103 speciem
825 1052 958 1090 talium
977 1052 1165 1090 honorum
1191 1051 1334 1101 aliquid
1361 1051 1522 1102 improbi
1543 1052 1674 1089 conari
1702 1059 1742 1090 et

288 1114 517 1151 malefacere
537 1113 704 1151 studeat.
760 1113 863 1163 Lege
884 1113 1223 1151 senatusconsulta
1248 1113 1345 1150 haec.
1401 1112 1479 1150 Sed
1509 1125 1558 1149 ne
1583 1112 1739 1163 prolixi-
1779 1134 1781 1137 f

288 1181 347 1211 tas
368 1175 659 1213 auscultationis
680 1175 846 1212 molesta
864 1174 972 1211 vobis
1003 1182 1120 1220 esset,
1150 1187 1171 1211 e
1201 1174 1362 1225 singulis
1395 1174 1738 1213 senatusconsultis

288 1234 327 1272 id
347 1242 407 1273 est
426 1235 606 1283 electum,
625 1235 664 1273 in
682 1248 757 1284 quo
777 1235 894 1273 istum
915 1248 1069 1274 accuso.
1126 1235 1243 1286 Lege.
1703 1249 1705 1251 ·

751 1371 783 1407 E
813 1368 1380 1407 SENATUSCONSULTIS.

288 1472 454 1517 Videtis,
471 1471 741 1517 Athenienses,
773 1472 910 1509 eodem
935 1469 1051 1508 modo
1079 1470 1277 1520 scripsisse
1304 1483 1450 1508 omnes.
1507 1471 1665 1517 Eadem,
1681 1472 1738 1509 in-

285 1534 380 1583 quit,
401 1534 590 1571 afficiatur
618 1547 744 1584 poena,
779 1546 868 1584 qua,
901 1533 933 1569 si
965 1532 1241 1569 Atheniensem
1268 1531 1500 1575 occidisset;
1529 1532 1657 1570 valere
1683 1532 1738 1569 illi

284 1604 460 1646 receptas
480 1595 586 1645 leges
611 1602 758 1632 vestras
779 1594 920 1639 sinunt,
942 1593 1174 1642 easdemque
1195 1591 1484 1642 magnifaciunt,
1503 1605 1590 1630 cum
1615 1593 1739 1630 hono-

284 1656 431 1694 rificum
450 1669 534 1693 esse
550 1656 781 1701 existiment,
801 1655 1011 1693 earundem
1037 1654 1151 1692 alicui
1175 1654 1242 1705 jus
1262 1653 1456 1704 impertiri.
1510 1655 1633 1692 Aliter
1646 1655 1737 1693 Ari-

284 1724 486 1763 stocrates,
512 1717 577 1767 qui
604 1717 674 1754 has
699 1729 930 1767 quocunque
950 1715 1064 1752 modo
1092 1721 1234 1765 potest,
1253 1714 1476 1753 contemnit.
1535 1715 1599 1754 Sic
1619 1723 1736 1762 certe,

283 1778 393 1828 quasi
430 1778 490 1814 hae
522 1778 662 1815 nullius
697 1777 805 1828 pretii
841 1777 929 1822 sint,
953 1776 1149 1827 peculiare
1181 1776 1323 1826 aliquid
1353 1775 1518 1813 scribere
1549 1775 1734 1814 instituit:

286 1845 402 1889 atque
437 1838 531 1875 illud
565 1851 716 1888 quoque
749 1851 903 1883 munus,
934 1850 1009 1887 quo
1049 1837 1203 1875 civitate
1247 1836 1518 1874 Charidemum
1551 1837 1735 1884 donastis,

283 1905 481 1936 extenuat.
538 1899 639 1936 Nam
671 1899 735 1948 qui
768 1898 835 1943 sic,
854 1898 962 1948 quasi
983 1910 1050 1934 vos
1085 1897 1158 1934 hoc
1189 1897 1223 1934 ei
1251 1897 1429 1934 tribuisse
1464 1910 1540 1934 non
1565 1899 1736 1936 contenti

281 1961 395 2010 plura
413 1959 528 1997 etiam
548 1959 736 2004 debeatis,
752 1958 848 1995 illud
878 1971 1029 2008 quoque
1061 1958 1214 2008 adjecit,
1235 1964 1409 2007 oportere
1437 1958 1636 2008 providere
1654 1972 1737 2004 vos,

282 2026 326 2056 ut
346 2020 398 2057 illi
413 2019 596 2070 quicquid
616 2019 721 2064 libet,
736 2019 889 2068 impune
905 2018 1030 2063 liceat,
1046 2031 1170 2055 nonne
1185 2018 1226 2054 id*
1244 2017 1396 2055 molitur
1408 2018 1508 2067 quod
1528 2031 1601 2068 ego
1621 2020 1736 2058 dico?

337 2083 402 2117 24,
434 2081 569 2130 Neque
592 2093 678 2117 vero
698 2080 844 2130 ignoro,
864 2079 1135 2123 Athenienses,
1159 2078 1356 2115 decretum
1385 2078 1459 2116 hoc
1486 2079 1636 2129 legibus
1657 2094 1736 2118 non

282 2141 410 2192 palam
431 2153 515 2178 esse
535 2140 780 2186 contrarium,
800 2140 1101 2190 haudquaquam
1132 2147 1377 2176 ostensurum
1410 2152 1494 2177 esse
1522 2140 1737 2180 Aristocra-

282 2209 387 2239 tem:
419 2202 489 2239 sed
521 2201 631 2247 illud,
652 2201 753 2251 quod
774 2207 834 2239 est
853 2200 1021 2237 omnium
1052 2200 1342 2250 iniquissimum,
1363 2200 1468 2250 quod
1496 2201 1535 2237 in
1562 2207 1643 2239 toto
1669 2203 1737 2241 de-

283 2270 403 2307 creto,
426 2275 554 2301 causae
571 2262 759 2307 dicendae,
786 2262 823 2299 in
855 2251 921 2299 tali
951 2261 1121 2306 crimine,
1140 2267 1371 2311 potestatem
1397 2274 1584 2311 nusquam
1616 2262 1736 2309 dedit,

285 2324 477 2374 surripere
497 2323 709 2361 conabitur.
768 2322 829 2360 De
849 2335 925 2371 quo
951 2334 1023 2372 ego
1056 2321 1178 2359 multa
1203 2321 1294 2359 mihi
1313 2322 1427 2359 verba
1458 2334 1541 2359 esse
1561 2322 1738 2361 facienda

282 2398 360 2422 non
394 2390 513 2434 puto:
544 2397 630 2421 cum
658 2396 705 2421 ex
737 2383 817 2434 ejus
848 2383 1004 2420 decreto
1039 2382 1236 2419 evidenter
1265 2381 1407 2432 possim
1440 2383 1656 2429 ostendere,
1688 2397 1737 2422 ne

282 2446 408 2495 ipsum
437 2445 592 2494 quidem
611 2444 843 2489 existimare,
863 2443 980 2480 ullam
999 2442 1113 2493 hujus
1144 2441 1310 2479 criminis
1338 2454 1402 2479 reo
1423 2441 1505 2479 dari
1528 2456 1658 2481 causae
1679 2445 1735 2482 di-

281 2506 416 2544 cendae
438 2512 680 2556 potestatem.
740 2505 900 2556 Scripsit
919 2504 1031 2549 enim,
1062 2504 1103 2541 si
1132 2503 1242 2553 quis
1272 2502 1535 2541 occiderit
1565 2504 1735 2542 Chari-

281 2568 477 2611 demum,
507 2579 611 2604 eum
642 2566 820 2604 abduci
849 2566 1031 2607 liceat3
1069 2577 1202 2614 quem
1247 2563 1284 2600 si
1323 2564 1433 2614 quis
1478 2565 1735 2617 eripuerit,

283 2628 391 2666 sive
429 2628 551 2665 civis
586 2627 690 2664 sive
726 2628 963 2677 privatus,
1001 2625 1272 2662 foederibus
1306 2625 1624 2663 excludatur:
1656 2640 1734 2664 non

283 2690 314 2727 si
335 2688 664 2739 ereptumjudicio
685 2701 759 2725 non
779 2688 929 2731 stiterit,
953 2687 1020 2724 sed
1043 2685 1197 2724 omnino
1219 2685 1362 2723 statim.
1420 2686 1535 2736 Atqui
1557 2687 1587 2724 si
1607 2700 1734 2725 causae

283 2750 491 2788 dictionem
512 2749 633 2794 daret,
655 2755 722 2786 aut
741 2748 876 2786 saltem
897 2761 974 2785 non
1001 2747 1167 2791 tolleret,
1189 2754 1269 2783 tum
1295 2759 1445 2796 poenam
1465 2747 1502 2783 in
1524 2754 1732 2785 assertores

284 2811 493 2854 statuisset,
510 2823 596 2847 cum
616 2822 701 2846 eum
722 2821 834 2858 quem
855 2807 1246 2858 eripuissentjudicio
1266 2821 1342 2845 non
1362 2807 1562 2845 stitisscnt.

337 2874 400 2908 25.
432 2871 602 2909 Arbitror
617 2877 803 2921 praeterea
818 2869 910 2906 illud
928 2882 1079 2919 quoque
1097 2868 1300 2913 dicturum,
1321 2875 1358 2905 et
1379 2868 1450 2905 hac
1469 2874 1576 2918 parte
1596 2868 1732 2905 obnixe

284 2933 463 2971 daturum
499 2944 669 2983 operam,
698 2938 740 2969 ut
772 2931 902 2970 fucum
934 2929 1042 2968 vobis
1072 2929 1199 2976 saciat,
1227 2929 1372 2967 irritum
1401 2940 1487 2968 csse
1517 2928 1730 2975 decretum,
