1923 3149
326 174 401 215 316
811 172 1034 211 CONTRA
1066 175 1291 215 MtDlAM.

989 358 1105 397 LEX.

364 455 525 496 Evegorus
541 456 629 494 dixit,
644 468 737 498 quum
754 458 867 490 Bacchi
892 459 1045 490 festivitas
1060 459 1090 489 in
1108 459 1226 489 Piraeeo
1242 458 1299 495 esi,
1318 463 1348 489 et
1363 458 1506 496 comoedi,
1521 465 1552 489 et.
1575 461 1719 498 tragoedi,
1733 465 1765 492 et

316 514 386 535 cum
402 506 512 538 Lenaea
526 518 640 548 pompa
653 515 711 545 est,
727 514 757 539 et
772 510 914 549 tragoedi,
930 514 960 540 et
975 510 1160 544 comoedi,et
1172 520 1240 540 cum
1252 510 1374 540 urbanis
1391 510 1635 540 Bacchanalibus
1648 522 1761 551 pompa

316 561 373 592 est,
389 563 420 587 et
436 559 521 596 pueri
535 564 565 589 et
578 564 687 596 coetus,
699 566 730 590 et
752 561 894 596 comoedi,
907 566 938 591 et
953 561 1094 600 tragoedi,
1111 565 1142 591 et
1171 562 1202 591 in
1230 561 1460 600 Tbargeliorum
1487 571 1597 600 pompa
1617 567 1648 590 et
1677 562 1764 597 ludo,

315 616 353 636 ne
383 607 473 646 plane
499 609 590 639 liceat
621 611 668 641 vel
688 611 828 650 pignora,
857 611 904 641 vel
935 612 1095 651 quicquam
1117 612 1199 650 quod
1225 612 1267 641 sit
1288 612 1413 641 alterius
1439 622 1559 652 capere,
1585 622 1621 641 ne
1640 612 1761 641 illorum

313 657 436 696 quidem
465 659 515 698 qui
546 661 584 689 ad
608 661 690 691 diem
713 671 772 690 non
801 661 958 698 solverint,
980 663 1009 691 in
1045 662 1127 692 hisce
1151 662 1271 693 diebus.
1319 662 1352 692 Si
1375 662 1444 702 quis
1469 668 1567 692 autern
1598 662 1626 691 in
1653 663 1759 692 lmrum

313 707 437 747 aliquod
454 710 649 746 commiserit,
665 711 693 741 ei
711 711 762 750 qui
778 721 886 750 passus
902 717 949 742 est
964 712 1100 751 injuriam
1111 714 1163 751 jus
1185 718 1251 742 esto
1267 713 1442 749 accusandi,
1459 718 1489 742 et
1501 713 1705 752 conquerendi
1721 714 1760 743 de

311 758 366 792 illo
383 759 414 789 in
430 761 576 790 concione
591 761 622 790 in
638 762 705 790 aede
720 762 837 792 Bacchi
854 767 1048 802 congregata,
1067 767 1207 802 tanquam
1234 763 1273 794 de
1304 763 1428 803 injurio,
1444 764 1696 802 quemadmodum
1720 764 1758 794 de

311 809 379 840 aliis
390 811 546 850 injuriosis
561 812 764 852 perscriptum
775 819 830 842 est.

366 887 404 922 5.
437 886 630 938 Cogitate,
643 887 806 940 judices,
822 901 939 940 quum
966 890 1004 927 in
1026 891 1150 942 priore
1168 891 1255 942 lege
1275 891 1324 928 de
1343 890 1532 942 injuriosis
1551 897 1699 941 agatur,
1719 890 1757 927 in

308 946 382 985 hac
400 961 470 987 vos
497 950 794 1000 conquestiones
824 950 872 988 de
900 951 945 990 iis
972 952 1037 1003 qui
1067 952 1226 990 dilatum
1245 965 1298 990 aes
1317 952 1480 990 alienum
1500 951 1672 1002 exigunt,
1692 958 1759 988 aut

307 1008 460 1059 quidvis
498 1010 662 1048 alienum
699 1012 870 1062 capiunt,
913 1019 981 1050 aut
1019 1013 1094 1050 vim
1135 1013 1294 1059 faciunt,
1329 1012 1581 1050 concessisse.
1656 1012 1758 1050 Nam

306 1076 457 1110 tantum
501 1073 624 1120 abest,
664 1079 708 1111 ut
751 1073 859 1111 hisce
900 1073 1036 1112 diebus
1068 1087 1209 1126 corpus
1238 1075 1483 1124 cujusquam,
1513 1079 1581 1111 aut
1617 1074 1756 1111 instru-

304 1139 488 1179 mentum,
508 1134 656 1185 privato
687 1141 842 1186 sumptu
872 1134 922 1173 ad
951 1135 1024 1174 hoc
1044 1149 1183 1174 munus
1211 1136 1446 1181 confectum,
1465 1134 1555 1172 laedi
1583 1141 1756 1186 oportere

306 1194 548 1241 censueritis,
579 1203 634 1241 ut,
665 1209 752 1247 quae
785 1198 871 1247 jure
899 1203 939 1235 et
968 1198 1158 1235 sententia
1189 1197 1366 1248 judicum
1398 1210 1531 1235 eorum
1568 1198 1666 1235 fiunt
1690 1198 1754 1247 qui

304 1255 442 1301 vicere,
461 1257 571 1295 victis
594 1257 805 1309 primisque
837 1259 1138 1309 possessoribus,
1156 1258 1232 1296 hoc
1260 1257 1415 1309 quidem
1446 1264 1550 1296 certe
1579 1258 1616 1296 in
1641 1260 1754 1306 festo,

302 1317 555 1356 restitueritis.
627 1318 753 1356 Tanta
796 1319 925 1370 igitur,
954 1319 1225 1366 Athenienses,
1257 1326 1383 1357 vestra
1415 1319 1582 1357 omnium
1619 1327 1679 1358 est
1716 1328 1756 1358 et

300 1376 523 1417 humanitas
543 1387 582 1418 et
605 1381 743 1431 pietaS‚
761 1387 804 1419 ut
834 1381 944 1419 hisce
977 1381 1112 1419 diebus
1145 1381 1191 1419 de
1222 1380 1364 1432 injuriis
1396 1381 1500 1431 prius
1529 1381 1639 1420 factis
1672 1395 1751 1433 poe-

302 1452 374 1479 nas
413 1441 510 1478 sumi
547 1442 763 1480 vetueritis:
812 1442 959 1481 Midias
992 1449 1120 1480 autem
1158 1443 1216 1480 his
1244 1443 1339 1493 ipsis
1372 1442 1506 1480 diebus
1538 1455 1584 1480 ea
1616 1455 1753 1493 perpe-

301 1506 425 1539 trasse
462 1503 698 1547 ostendetur,
726 1514 813 1553 quae
844 1503 978 1540 ultimo
1004 1503 1193 1554 supplicio
1225 1509 1316 1540 sunt
1350 1502 1595 1540 vindicanda.
1651 1503 1752 1541 Volo

299 1569 441 1609 autem,
459 1563 523 1600 ubi
543 1565 590 1601 ab
609 1564 714 1601 initio
743 1564 895 1615 singula
924 1577 1009 1615 quae
1044 1577 1250 1615 perpessus
1279 1577 1363 1602 sum
1396 1577 1622 1615 exposuero,
1636 1566 1750 1603 etiam

298 1623 348 1662 de
375 1625 593 1663 verberibus
623 1624 766 1670 dicere,
803 1626 942 1676 quibus
973 1639 1034 1663 me
1064 1631 1257 1676 postremo
1286 1625 1425 1664 affecit.
1483 1626 1583 1663 Nam
1601 1639 1649 1663 ex
1668 1639 1749 1664 om-

298 1685 411 1723 nibus
441 1686 523 1737 ejus
551 1687 783 1725 facinoribus
815 1701 863 1725 ne
895 1699 1011 1725 unum
1031 1687 1188 1738 quidem
1206 1694 1266 1726 est
1285 1688 1334 1726 ob
1349 1686 1454 1738 quod
1475 1686 1589 1725 exitio
1609 1688 1750 1739 dignus

298 1759 377 1785 non
394 1748 458 1786 sit.

352 1809 390 1846 6.
420 1810 550 1852 Quum
571 1810 786 1850 Pandionia
803 1813 925 1850 tribus
945 1811 1057 1851 tertio
1090 1811 1231 1849 abhinc
1262 1824 1363 1850 anno
1394 1811 1636 1862 praebitorem
1670 1824 1747 1849 non

295 1870 468 1917 haberet,
483 1880 772 1924 convocataque
793 1874 994 1918 concione,
1014 1874 1052 1910 in
1072 1886 1150 1923 qua
1168 1879 1373 1922 praetorem
1404 1872 1466 1909 lex
1491 1871 1604 1922 jubet
1621 1872 1749 1911 choris

296 1930 473 1969 tibicines
503 1932 637 1970 sortito
663 1933 769 1980 dare,
790 1935 905 1971 verba
935 1941 975 1971 et
1001 1933 1130 1984 jurgia
1153 1932 1448 1978 intercederent,
1475 1939 1615 1983 praetor
1646 1932 1747 1970 enim

295 2000 492 2031 curatores
511 1993 648 2038 tribus,
671 1994 711 2032 hi
737 2002 939 2044 praetorem
969 1995 1218 2039 accusabant,
1247 2006 1320 2043 ego
1347 2006 1408 2030 me
1440 1993 1542 2031 ultro
1575 2000 1748 2044 sumptus

295 2053 631 2105 suppeditaturum
652 2067 737 2092 sum
757 2054 967 2105 pollicitus,
982 2061 1022 2092 et
1040 2068 1129 2092 cum
1158 2054 1357 2091 sortitione
1387 2054 1493 2092 facta
1518 2054 1609 2091 mihi
1629 2055 1745 2092 obve-

294 2115 416 2153 nisset
433 2115 553 2166 prima
573 2115 736 2153 tibicinis
758 2115 918 2153 electio:
948 2128 1030 2161 vos,
1050 2115 1327 2159 Athenienses,
1349 2115 1515 2152 universi
1545 2122 1747 2166 utrumque

296 2190 537 2229 summopere
558 2177 848 2228 comprobastis,
870 2184 908 2215 et
926 2177 1240 2228 pollicitationem
1261 2189 1397 2222 meam,
1418 2183 1457 2214 et
1481 2176 1645 2214 fortunae
1679 2178 1746 2215 be-

294 2238 545 2289 nignitatem;
576 2244 616 2275 et
636 2237 834 2288 strepitum
861 2238 1115 2289 plausumque
1136 2237 1267 2284 talem,
1295 2237 1418 2287 qualis
1448 2236 1688 2274 laudantium
1708 2245 1748 2276 et

295 2299 570 2349 gratulantium
591 2294 689 2337 solet
711 2311 812 2344 esse,
834 2298 1026 2337 excitastis
1044 2312 1053 2336 :
1076 2298 1219 2336 Midias
1233 2305 1361 2335 autem
1379 2296 1498 2345 solus,
1514 2304 1555 2334 ut
1575 2306 1746 2348 apparet,

296 2359 463 2396 omnium
483 2358 660 2405 indoluit,
679 2365 718 2396 et
736 2373 797 2397 me
817 2366 899 2401 toto
926 2359 1118 2397 aedilitatis
1148 2366 1318 2409 tempore
1350 2357 1588 2395 continenter
1617 2360 1746 2398 convi-

295 2421 365 2460 ciis
385 2428 445 2459 est
469 2421 680 2459 insectatus
708 2428 747 2460 et
767 2422 1047 2467 interturbavit‚
1068 2428 1145 2459 tam
1177 2420 1303 2471 parvis
1335 2432 1450 2470 quam
1476 2420 1683 2471 majoribus
1708 2421 1746 2459 in

297 2483 427 2521 rebus.

348 2545 387 2581 7.
417 2543 593 2587 Quantas
615 2550 743 2582 autem
765 2545 912 2590 turbas,
939 2550 1017 2589 aut,
1050 2543 1161 2581 nobis
1191 2543 1420 2580 adversandi
1455 2542 1598 2589 studio,
1629 2544 1746 2583 salta-

296 2612 398 2643 tores
416 2604 559 2642 militiae
578 2606 818 2643 vacationem
840 2606 982 2643 habere
1011 2604 1190 2649 vetando,
1220 2604 1413 2650 excitarit,
1432 2612 1499 2642 aut
1517 2604 1743 2644 lacessendo

293 2674 334 2705 et
357 2667 530 2718 jubendo
549 2679 591 2706 se
624 2666 927 2705 Bacchanalium
955 2673 1170 2704 curatorem
1199 2666 1369 2710 decerni,
1402 2672 1469 2703 aut
1499 2671 1627 2704 cetera
1656 2679 1742 2717 quae

294 2727 444 2779 generis
462 2727 634 2778 ejusdem
653 2734 754 2773 sunt,
772 2728 957 2765 omittam.
1015 2726 1097 2764 Nec
1118 2726 1218 2763 enirn
1237 2727 1310 2763 hoc
1330 2727 1475 2777 ignoro,
1491 2739 1564 2773 me,
1579 2727 1642 2777 qui
1662 2734 1743 2766 tum

294 2788 403 2826 istius
423 2788 588 2826 insultus
603 2793 643 2826 et
655 2787 906 2826 contumelias
927 2786 1146 2831 tolerabam,
1167 2786 1216 2824 ad
1235 2793 1379 2824 tantam
1409 2786 1643 2824 iracundiam
1665 2787 1741 2825 sin-

267 2860 276 2862 ’
296 2849 395 2899 gulis
415 2850 573 2887 istorum
589 2849 786 2895 concitari,
805 2855 988 2899 quantam
1010 2847 1129 2885 ullum
1148 2847 1425 2888 atrociosimum
1454 2847 1603 2885 facinus
1636 2861 1739 2885 com-

297 2924 447 2950 movere
468 2911 679 2962 potuisset:
710 2910 817 2949 vobis
838 2916 967 2948 autem
988 2909 1137 2957 ceteris,
1155 2909 1203 2947 ad
1223 2922 1320 2959 quos
1339 2922 1383 2946 ea
1403 2907 1495 2946 nihil
1515 2907 1741 2955 attinebant,
