<?xml version="1.0" encoding="UTF-8"?>
<!DOCTYPE html PUBLIC "-//W3C//DTD XHTML 1.0 Transitional//EN"
    "http://www.w3.org/TR/xhtml1/DTD/xhtml1-transitional.dtd">
<html xmlns="http://www.w3.org/1999/xhtml" xml:lang="en" lang="en">
 <head>
  <title>
</title>
<meta http-equiv="Content-Type" content="text/html;charset=utf-8" />
  <meta name='ocr-system' content='tesseract 3.04.00' />
  <meta name='ocr-capabilities' content='ocr_page ocr_carea ocr_par ocr_line ocrx_word'/>
</head>
<body>
  <div class='ocr_page' id='page_1' title='image "./oratoresatticie15dobs_0299.png"; bbox 0 0 1923 3149; ppageno 0'>
   <div class='ocr_carea' id='block_1_1' title="bbox 443 442 1332 642">
    <p class='ocr_par' dir='ltr' id='par_1_1' title="bbox 443 442 1332 642">
     <span class='ocr_line' id='line_1_1' title="bbox 593 442 1172 500; baseline -0.009 0"><span class='ocrx_word' id='word_1_1' title='bbox 593 443 1095 500; x_wconf 85' lang='lat' dir='ltr'>DEMOSTHEN</span> <span class='ocrx_word' id='word_1_2' title='bbox 1106 442 1172 496; x_wconf 89' lang='lat' dir='ltr'>IS</span> 
     </span>
     <span class='ocr_line' id='line_1_2' title="bbox 443 589 1332 642; baseline -0.002 -2"><span class='ocrx_word' id='word_1_3' title='bbox 443 592 864 642; x_wconf 89' lang='lat' dir='ltr'><strong>ADVERSUS</strong></span> <span class='ocrx_word' id='word_1_4' title='bbox 922 589 1332 641; x_wconf 91' lang='lat' dir='ltr'><strong>LEPTINEM</strong></span> 
     </span>
    </p>
   </div>
   <div class='ocr_carea' id='block_1_2' title="bbox 752 733 1018 777">
    <p class='ocr_par' dir='ltr' id='par_1_2' title="bbox 752 733 1018 777">
     <span class='ocr_line' id='line_1_3' title="bbox 752 733 1018 777; baseline 0.004 -2"><span class='ocrx_word' id='word_1_5' title='bbox 752 733 1018 777; x_wconf 89' lang='lat' dir='ltr'><strong>ORATIO.</strong></span> 
     </span>
    </p>
   </div>
   <div class='ocr_carea' id='block_1_3' title="bbox 123 854 1629 2945">
    <p class='ocr_par' dir='ltr' id='par_1_3' title="bbox 147 854 1621 1338">
     <span class='ocr_line' id='line_1_4' title="bbox 209 854 1617 908; baseline 0 -15"><span class='ocrx_word' id='word_1_6' title='bbox 209 857 243 894; x_wconf 88' lang='lat'>1.</span> <span class='ocrx_word' id='word_1_7' title='bbox 274 855 380 902; x_wconf 74' lang='lat' dir='ltr'>Eoo,</span> <span class='ocrx_word' id='word_1_8' title='bbox 397 855 564 907; x_wconf 88' lang='lat' dir='ltr'>judices,</span> <span class='ocrx_word' id='word_1_9' title='bbox 584 862 665 895; x_wconf 88' lang='lat' dir='ltr'>tum</span> <span class='ocrx_word' id='word_1_10' title='bbox 692 857 796 908; x_wconf 89' lang='lat' dir='ltr'>quod</span> <span class='ocrx_word' id='word_1_11' title='bbox 826 870 847 895; x_wconf 88' lang='lat' dir='ltr'>e</span> <span class='ocrx_word' id='word_1_12' title='bbox 869 856 1067 908; x_wconf 87' lang='lat' dir='ltr'>republica</span> <span class='ocrx_word' id='word_1_13' title='bbox 1085 868 1169 894; x_wconf 87' lang='lat' dir='ltr'>esse</span> <span class='ocrx_word' id='word_1_14' title='bbox 1197 855 1382 906; x_wconf 87' lang='lat' dir='ltr'>judicavi,</span> <span class='ocrx_word' id='word_1_15' title='bbox 1398 861 1443 893; x_wconf 88' lang='lat' dir='ltr'>ut</span> <span class='ocrx_word' id='word_1_16' title='bbox 1461 855 1536 893; x_wconf 86' lang='lat' dir='ltr'>ista</span> <span class='ocrx_word' id='word_1_17' title='bbox 1554 854 1617 893; x_wconf 81' lang='lat' dir='ltr'>lex</span> 
     </span>
     <span class='ocr_line' id='line_1_5' title="bbox 148 916 1615 970; baseline 0 -15"><span class='ocrx_word' id='word_1_18' title='bbox 148 917 413 969; x_wconf 83' lang='lat' dir='ltr'>abrogaretur,</span> <span class='ocrx_word' id='word_1_19' title='bbox 431 924 514 956; x_wconf 88' lang='lat' dir='ltr'>tum</span> <span class='ocrx_word' id='word_1_20' title='bbox 528 926 686 970; x_wconf 88' lang='lat' dir='ltr'>propter</span> <span class='ocrx_word' id='word_1_21' title='bbox 706 918 886 957; x_wconf 79' lang='lat' dir='ltr'>Chabriae</span> <span class='ocrx_word' id='word_1_22' title='bbox 905 918 1039 964; x_wconf 89' lang='lat' dir='ltr'>filium,</span> <span class='ocrx_word' id='word_1_23' title='bbox 1061 916 1190 969; x_wconf 85' lang='lat' dir='ltr'>recepi</span> <span class='ocrx_word' id='word_1_24' title='bbox 1206 930 1268 955; x_wconf 90' lang='lat' dir='ltr'>me</span> <span class='ocrx_word' id='word_1_25' title='bbox 1288 917 1409 963; x_wconf 88' lang='lat' dir='ltr'>hisce,</span> <span class='ocrx_word' id='word_1_26' title='bbox 1429 930 1497 968; x_wconf 86' lang='lat' dir='ltr'>pro</span> <span class='ocrx_word' id='word_1_27' title='bbox 1517 917 1615 955; x_wconf 86' lang='lat' dir='ltr'>virili</span> 
     </span>
     <span class='ocr_line' id='line_1_6' title="bbox 147 978 1613 1030; baseline 0.001 -14"><span class='ocrx_word' id='word_1_28' title='bbox 147 985 269 1029; x_wconf 88' lang='lat' dir='ltr'>parte,</span> <span class='ocrx_word' id='word_1_29' title='bbox 288 979 629 1030; x_wconf 84' lang='lat' dir='ltr'>patrocinaturum.</span> <span class='ocrx_word' id='word_1_30' title='bbox 688 979 826 1029; x_wconf 83' lang='lat' dir='ltr'>Neque</span> <span class='ocrx_word' id='word_1_31' title='bbox 857 992 950 1018; x_wconf 89' lang='lat' dir='ltr'>vero</span> <span class='ocrx_word' id='word_1_32' title='bbox 983 980 1190 1017; x_wconf 90' lang='lat' dir='ltr'>obscurum</span> <span class='ocrx_word' id='word_1_33' title='bbox 1223 986 1298 1024; x_wconf 90' lang='lat' dir='ltr'>est,</span> <span class='ocrx_word' id='word_1_34' title='bbox 1333 978 1613 1027; x_wconf 80' lang='lat' dir='ltr'>Athenienses,</span> 
     </span>
     <span class='ocr_line' id='line_1_7' title="bbox 152 1039 1616 1092; baseline 0 -14"><span class='ocrx_word' id='word_1_35' title='bbox 152 1039 366 1092; x_wconf 71' lang='lat' dir='ltr'>Lepfinem,</span> <span class='ocrx_word' id='word_1_36' title='bbox 390 1047 458 1079; x_wconf 89' lang='lat' dir='ltr'>aut</span> <span class='ocrx_word' id='word_1_37' title='bbox 474 1041 506 1079; x_wconf 88' lang='lat' dir='ltr'>si</span> <span class='ocrx_word' id='word_1_38' title='bbox 524 1042 611 1092; x_wconf 89' lang='lat' dir='ltr'>quis</span> <span class='ocrx_word' id='word_1_39' title='bbox 629 1042 725 1080; x_wconf 86' lang='lat' dir='ltr'>alius</span> <span class='ocrx_word' id='word_1_40' title='bbox 745 1042 871 1091; x_wconf 83' lang='lat' dir='ltr'>legem</span> <span class='ocrx_word' id='word_1_41' title='bbox 886 1041 1070 1089; x_wconf 84' lang='lat' dir='ltr'>tuebitur,</span> <span class='ocrx_word' id='word_1_42' title='bbox 1086 1041 1181 1092; x_wconf 90' lang='lat' dir='ltr'>justi</span> <span class='ocrx_word' id='word_1_43' title='bbox 1209 1041 1304 1078; x_wconf 89' lang='lat' dir='ltr'>nihil</span> <span class='ocrx_word' id='word_1_44' title='bbox 1337 1041 1386 1079; x_wconf 92' lang='lat' dir='ltr'>de</span> <span class='ocrx_word' id='word_1_45' title='bbox 1414 1053 1461 1079; x_wconf 89' lang='lat' dir='ltr'>ea</span> <span class='ocrx_word' id='word_1_46' title='bbox 1491 1040 1616 1079; x_wconf 88' lang='lat' dir='ltr'>dictu-</span> 
     </span>
     <span class='ocr_line' id='line_1_8' title="bbox 150 1101 1617 1154; baseline 0.001 -15"><span class='ocrx_word' id='word_1_47' title='bbox 150 1114 249 1148; x_wconf 89' lang='lat' dir='ltr'>rum,</span> <span class='ocrx_word' id='word_1_48' title='bbox 268 1101 364 1140; x_wconf 88' lang='lat' dir='ltr'>illud</span> <span class='ocrx_word' id='word_1_49' title='bbox 384 1101 537 1153; x_wconf 89' lang='lat' dir='ltr'>quidem</span> <span class='ocrx_word' id='word_1_50' title='bbox 565 1109 753 1154; x_wconf 84' lang='lat' dir='ltr'>proetexet</span> <span class='ocrx_word' id='word_1_51' title='bbox 781 1102 963 1154; x_wconf 86' lang='lat' dir='ltr'>indignos</span> <span class='ocrx_word' id='word_1_52' title='bbox 984 1102 1174 1154; x_wconf 88' lang='lat' dir='ltr'>quosdam</span> <span class='ocrx_word' id='word_1_53' title='bbox 1193 1103 1381 1150; x_wconf 88' lang='lat' dir='ltr'>homines,</span> <span class='ocrx_word' id='word_1_54' title='bbox 1398 1102 1617 1142; x_wconf 84' lang='lat' dir='ltr'>immunita-</span> 
     </span>
     <span class='ocr_line' id='line_1_9' title="bbox 150 1164 1619 1217; baseline 0.001 -16"><span class='ocrx_word' id='word_1_55' title='bbox 150 1171 226 1201; x_wconf 84' lang='lat' dir='ltr'>tem</span> <span class='ocrx_word' id='word_1_56' title='bbox 247 1171 497 1211; x_wconf 91' lang='lat' dir='ltr'>consecutos,</span> <span class='ocrx_word' id='word_1_57' title='bbox 513 1165 730 1203; x_wconf 81' lang='lat' dir='ltr'>excussisse</span> <span class='ocrx_word' id='word_1_58' title='bbox 761 1178 859 1203; x_wconf 89' lang='lat' dir='ltr'>onus</span> <span class='ocrx_word' id='word_1_59' title='bbox 889 1164 1131 1217; x_wconf 88' lang='lat' dir='ltr'>publicorum</span> <span class='ocrx_word' id='word_1_60' title='bbox 1165 1178 1391 1208; x_wconf 80' lang='lat' dir='ltr'>munerum3</span> <span class='ocrx_word' id='word_1_61' title='bbox 1426 1177 1472 1203; x_wconf 90' lang='lat' dir='ltr'>ac</span> <span class='ocrx_word' id='word_1_62' title='bbox 1501 1164 1540 1202; x_wconf 91' lang='lat' dir='ltr'>in</span> <span class='ocrx_word' id='word_1_63' title='bbox 1572 1177 1619 1203; x_wconf 81' lang='lat' dir='ltr'>ea</span> 
     </span>
     <span class='ocr_line' id='line_1_10' title="bbox 152 1224 1616 1277; baseline 0.001 -15"><span class='ocrx_word' id='word_1_64' title='bbox 152 1224 326 1263; x_wconf 88' lang='lat' dir='ltr'>oratione</span> <span class='ocrx_word' id='word_1_65' title='bbox 347 1225 593 1277; x_wconf 87' lang='lat' dir='ltr'>potissimum</span> <span class='ocrx_word' id='word_1_66' title='bbox 626 1240 667 1265; x_wconf 88' lang='lat' dir='ltr'>se</span> <span class='ocrx_word' id='word_1_67' title='bbox 695 1227 873 1277; x_wconf 82' lang='lat' dir='ltr'>jactabit.</span> <span class='ocrx_word' id='word_1_68' title='bbox 932 1226 1140 1265; x_wconf 89' lang='lat' dir='ltr'>Enimvero</span> <span class='ocrx_word' id='word_1_69' title='bbox 1160 1241 1209 1265; x_wconf 88' lang='lat' dir='ltr'>ne</span> <span class='ocrx_word' id='word_1_70' title='bbox 1229 1227 1356 1265; x_wconf 90' lang='lat' dir='ltr'>dicam</span> <span class='ocrx_word' id='word_1_71' title='bbox 1376 1234 1616 1277; x_wconf 84' lang='lat' dir='ltr'>quantopere</span> 
     </span>
     <span class='ocr_line' id='line_1_11' title="bbox 152 1287 1621 1338; baseline 0.001 -15"><span class='ocrx_word' id='word_1_72' title='bbox 152 1297 242 1323; x_wconf 89' lang='lat' dir='ltr'>cum</span> <span class='ocrx_word' id='word_1_73' title='bbox 260 1287 363 1324; x_wconf 90' lang='lat' dir='ltr'>omni</span> <span class='ocrx_word' id='word_1_74' title='bbox 382 1287 564 1338; x_wconf 87' lang='lat' dir='ltr'>aequitate</span> <span class='ocrx_word' id='word_1_75' title='bbox 583 1294 745 1338; x_wconf 87' lang='lat' dir='ltr'>pugnet,</span> <span class='ocrx_word' id='word_1_76' title='bbox 762 1294 817 1334; x_wconf 89' lang='lat' dir='ltr'>ut,</span> <span class='ocrx_word' id='word_1_77' title='bbox 839 1287 932 1326; x_wconf 87' lang='lat' dir='ltr'>dum</span> <span class='ocrx_word' id='word_1_78' title='bbox 960 1302 1080 1326; x_wconf 90' lang='lat' dir='ltr'>unum</span> <span class='ocrx_word' id='word_1_79' title='bbox 1101 1301 1277 1334; x_wconf 86' lang='lat' dir='ltr'>accusas,</span> <span class='ocrx_word' id='word_1_80' title='bbox 1296 1301 1431 1326; x_wconf 90' lang='lat' dir='ltr'>omnes</span> <span class='ocrx_word' id='word_1_81' title='bbox 1452 1288 1530 1326; x_wconf 88' lang='lat' dir='ltr'>suis</span> <span class='ocrx_word' id='word_1_82' title='bbox 1551 1287 1621 1326; x_wconf 90' lang='lat' dir='ltr'>do-</span> 
     </span>
    </p>

    <p class='ocr_par' dir='ltr' id='par_1_4' title="bbox 134 1347 1624 1956">
     <span class='ocr_line' id='line_1_12' title="bbox 134 1347 1620 1401; baseline 0.002 -16"><span class='ocrx_word' id='word_1_83' title='bbox 134 1392 136 1395; x_wconf 16' lang='lat' dir='ltr'><em>r</em></span> <span class='ocrx_word' id='word_1_84' title='bbox 153 1347 213 1391; x_wconf 81' lang='lat' dir='ltr'>nis</span> <span class='ocrx_word' id='word_1_85' title='bbox 234 1347 420 1399; x_wconf 87' lang='lat' dir='ltr'>spoliatos</span> <span class='ocrx_word' id='word_1_86' title='bbox 440 1348 534 1387; x_wconf 90' lang='lat' dir='ltr'>velis</span> <span class='ocrx_word' id='word_1_87' title='bbox 554 1352 660 1397; x_wconf 90' lang='lat' dir='ltr'>(nam</span> <span class='ocrx_word' id='word_1_88' title='bbox 680 1350 753 1388; x_wconf 89' lang='lat' dir='ltr'>hoc</span> <span class='ocrx_word' id='word_1_89' title='bbox 781 1350 884 1401; x_wconf 90' lang='lat' dir='ltr'>prius</span> <span class='ocrx_word' id='word_1_90' title='bbox 904 1349 1019 1387; x_wconf 87' lang='lat' dir='ltr'>etiam</span> <span class='ocrx_word' id='word_1_91' title='bbox 1051 1351 1191 1401; x_wconf 88' lang='lat' dir='ltr'>partim</span> <span class='ocrx_word' id='word_1_92' title='bbox 1217 1350 1365 1389; x_wconf 88' lang='lat' dir='ltr'>dictum</span> <span class='ocrx_word' id='word_1_93' title='bbox 1394 1356 1467 1396; x_wconf 89' lang='lat' dir='ltr'>est,</span> <span class='ocrx_word' id='word_1_94' title='bbox 1487 1356 1526 1388; x_wconf 90' lang='lat' dir='ltr'>et</span> <span class='ocrx_word' id='word_1_95' title='bbox 1544 1349 1620 1401; x_wconf 46' lang='lat' dir='ltr'>fors</span> 
     </span>
     <span class='ocr_line' id='line_1_13' title="bbox 153 1409 1621 1463; baseline 0 -15"><span class='ocrx_word' id='word_1_96' title='bbox 153 1409 268 1448; x_wconf 85' lang='lat' dir='ltr'>tassis</span> <span class='ocrx_word' id='word_1_97' title='bbox 288 1411 396 1449; x_wconf 87' lang='lat' dir='ltr'>vobis</span> <span class='ocrx_word' id='word_1_98' title='bbox 415 1411 638 1462; x_wconf 87' lang='lat' dir='ltr'>probatum)</span> <span class='ocrx_word' id='word_1_99' title='bbox 657 1411 752 1449; x_wconf 92' lang='lat' dir='ltr'>illud</span> <span class='ocrx_word' id='word_1_100' title='bbox 771 1411 934 1450; x_wconf 86' lang='lat' dir='ltr'>libenter</span> <span class='ocrx_word' id='word_1_101' title='bbox 953 1411 1165 1450; x_wconf 88' lang='lat' dir='ltr'>admodum</span> <span class='ocrx_word' id='word_1_102' title='bbox 1186 1425 1234 1450; x_wconf 87' lang='lat' dir='ltr'>ex</span> <span class='ocrx_word' id='word_1_103' title='bbox 1264 1426 1309 1450; x_wconf 93' lang='lat' dir='ltr'>eo</span> <span class='ocrx_word' id='word_1_104' title='bbox 1341 1424 1569 1463; x_wconf 76' lang='lat' dir='ltr'>quaererem,</span> <span class='ocrx_word' id='word_1_105' title='bbox 1589 1411 1621 1449; x_wconf 90' lang='lat' dir='ltr'>si</span> 
     </span>
     <span class='ocr_line' id='line_1_14' title="bbox 153 1472 1619 1525; baseline 0.002 -16"><span class='ocrx_word' id='word_1_106' title='bbox 153 1472 318 1510; x_wconf 85' lang='lat' dir='ltr'>maxime</span> <span class='ocrx_word' id='word_1_107' title='bbox 339 1485 418 1510; x_wconf 88' lang='lat' dir='ltr'>non</span> <span class='ocrx_word' id='word_1_108' title='bbox 438 1473 549 1524; x_wconf 89' lang='lat' dir='ltr'>pauci</span> <span class='ocrx_word' id='word_1_109' title='bbox 571 1473 703 1524; x_wconf 85' lang='lat' dir='ltr'>aliqui,</span> <span class='ocrx_word' id='word_1_110' title='bbox 725 1473 794 1511; x_wconf 90' lang='lat' dir='ltr'>sed</span> <span class='ocrx_word' id='word_1_111' title='bbox 814 1486 970 1525; x_wconf 86' lang='lat' dir='ltr'>prorsus</span> <span class='ocrx_word' id='word_1_112' title='bbox 990 1487 1124 1512; x_wconf 88' lang='lat' dir='ltr'>omnes</span> <span class='ocrx_word' id='word_1_113' title='bbox 1143 1473 1293 1525; x_wconf 83' lang='lat' dir='ltr'>indigni</span> <span class='ocrx_word' id='word_1_114' title='bbox 1323 1473 1533 1513; x_wconf 86' lang='lat' dir='ltr'>honoribus</span> <span class='ocrx_word' id='word_1_115' title='bbox 1558 1486 1619 1512; x_wconf 91' lang='lat' dir='ltr'>es-</span> 
     </span>
     <span class='ocr_line' id='line_1_15' title="bbox 154 1534 1619 1587; baseline 0.002 -17"><span class='ocrx_word' id='word_1_116' title='bbox 154 1539 254 1578; x_wconf 88' lang='lat' dir='ltr'>sent,</span> <span class='ocrx_word' id='word_1_117' title='bbox 275 1546 344 1571; x_wconf 88' lang='lat' dir='ltr'>cur</span> <span class='ocrx_word' id='word_1_118' title='bbox 364 1534 478 1571; x_wconf 86' lang='lat' dir='ltr'>etiam</span> <span class='ocrx_word' id='word_1_119' title='bbox 497 1545 566 1572; x_wconf 86' lang='lat' dir='ltr'>vos</span> <span class='ocrx_word' id='word_1_120' title='bbox 587 1534 693 1572; x_wconf 85' lang='lat' dir='ltr'>velut</span> <span class='ocrx_word' id='word_1_121' title='bbox 721 1534 760 1571; x_wconf 88' lang='lat' dir='ltr'>in</span> <span class='ocrx_word' id='word_1_122' title='bbox 792 1534 967 1573; x_wconf 88' lang='lat' dir='ltr'>ordinem</span> <span class='ocrx_word' id='word_1_123' title='bbox 997 1535 1196 1587; x_wconf 83' lang='lat' dir='ltr'>cogendos</span> <span class='ocrx_word' id='word_1_124' title='bbox 1216 1534 1460 1586; x_wconf 75' lang='lat' dir='ltr'>judicasset?</span> <span class='ocrx_word' id='word_1_125' title='bbox 1519 1535 1619 1574; x_wconf 87' lang='lat' dir='ltr'>Cum</span> 
     </span>
     <span class='ocr_line' id='line_1_16' title="bbox 156 1594 1622 1647; baseline 0.002 -16"><span class='ocrx_word' id='word_1_126' title='bbox 156 1594 258 1631; x_wconf 88' lang='lat' dir='ltr'>enim</span> <span class='ocrx_word' id='word_1_127' title='bbox 278 1594 446 1646; x_wconf 84' lang='lat' dir='ltr'>scripsit,</span> <span class='ocrx_word' id='word_1_128' title='bbox 467 1595 701 1634; x_wconf 88' lang='lat' dir='ltr'>neminem</span> <span class='ocrx_word' id='word_1_129' title='bbox 731 1603 967 1647; x_wconf 86' lang='lat' dir='ltr'>oportere</span> <span class='ocrx_word' id='word_1_130' title='bbox 996 1596 1263 1634; x_wconf 88' lang='lat' dir='ltr'>immunem</span> <span class='ocrx_word' id='word_1_131' title='bbox 1292 1609 1426 1641; x_wconf 89' lang='lat' dir='ltr'>esse,</span> <span class='ocrx_word' id='word_1_132' title='bbox 1445 1596 1622 1634; x_wconf 85' lang='lat' dir='ltr'>immuni-</span> 
     </span>
     <span class='ocr_line' id='line_1_17' title="bbox 155 1657 1622 1710; baseline 0.003 -17"><span class='ocrx_word' id='word_1_133' title='bbox 155 1663 272 1694; x_wconf 84' lang='lat' dir='ltr'>tatem</span> <span class='ocrx_word' id='word_1_134' title='bbox 300 1665 533 1696; x_wconf 89' lang='lat' dir='ltr'>consecutos</span> <span class='ocrx_word' id='word_1_135' title='bbox 565 1671 636 1696; x_wconf 89' lang='lat' dir='ltr'>suo</span> <span class='ocrx_word' id='word_1_136' title='bbox 665 1658 823 1709; x_wconf 87' lang='lat' dir='ltr'>praemio</span> <span class='ocrx_word' id='word_1_137' title='bbox 850 1658 1053 1709; x_wconf 83' lang='lat' dir='ltr'>spoliavit:</span> <span class='ocrx_word' id='word_1_138' title='bbox 1084 1657 1177 1696; x_wconf 88' lang='lat' dir='ltr'>dum</span> <span class='ocrx_word' id='word_1_139' title='bbox 1195 1672 1284 1697; x_wconf 92' lang='lat' dir='ltr'>vero</span> <span class='ocrx_word' id='word_1_140' title='bbox 1303 1658 1446 1707; x_wconf 81' lang='lat' dir='ltr'>adjicit,</span> <span class='ocrx_word' id='word_1_141' title='bbox 1465 1658 1515 1696; x_wconf 91' lang='lat' dir='ltr'>in</span> <span class='ocrx_word' id='word_1_142' title='bbox 1544 1672 1622 1710; x_wconf 92' lang='lat' dir='ltr'>po-</span> 
     </span>
     <span class='ocr_line' id='line_1_18' title="bbox 157 1719 1622 1773; baseline 0.003 -18"><span class='ocrx_word' id='word_1_143' title='bbox 157 1724 346 1755; x_wconf 87' lang='lat' dir='ltr'>sterum</span> <span class='ocrx_word' id='word_1_144' title='bbox 376 1732 467 1757; x_wconf 89' lang='lat' dir='ltr'>non</span> <span class='ocrx_word' id='word_1_145' title='bbox 497 1719 643 1758; x_wconf 90' lang='lat' dir='ltr'>licere</span> <span class='ocrx_word' id='word_1_146' title='bbox 664 1719 799 1758; x_wconf 91' lang='lat' dir='ltr'>vobis</span> <span class='ocrx_word' id='word_1_147' title='bbox 831 1720 881 1758; x_wconf 89' lang='lat' dir='ltr'>id</span> <span class='ocrx_word' id='word_1_148' title='bbox 909 1720 1110 1759; x_wconf 89' lang='lat' dir='ltr'>honoris</span> <span class='ocrx_word' id='word_1_149' title='bbox 1131 1721 1360 1773; x_wconf 88' lang='lat' dir='ltr'>cuiquam</span> <span class='ocrx_word' id='word_1_150' title='bbox 1387 1720 1622 1769; x_wconf 89' lang='lat' dir='ltr'>tribuere,</span> 
     </span>
     <span class='ocr_line' id='line_1_19' title="bbox 156 1780 1622 1834; baseline 0.003 -17"><span class='ocrx_word' id='word_1_151' title='bbox 156 1780 428 1818; x_wconf 79' lang='lat' dir='ltr'>munificentiae</span> <span class='ocrx_word' id='word_1_152' title='bbox 441 1781 509 1832; x_wconf 88' lang='lat' dir='ltr'>jus</span> <span class='ocrx_word' id='word_1_153' title='bbox 528 1782 636 1819; x_wconf 90' lang='lat' dir='ltr'>vobis</span> <span class='ocrx_word' id='word_1_154' title='bbox 657 1782 814 1819; x_wconf 87' lang='lat' dir='ltr'>ademit.</span> <span class='ocrx_word' id='word_1_155' title='bbox 873 1782 960 1821; x_wconf 88' lang='lat' dir='ltr'>Nec</span> <span class='ocrx_word' id='word_1_156' title='bbox 979 1782 1081 1820; x_wconf 87' lang='lat' dir='ltr'>enim</span> <span class='ocrx_word' id='word_1_157' title='bbox 1100 1790 1160 1821; x_wconf 90' lang='lat' dir='ltr'>est</span> <span class='ocrx_word' id='word_1_158' title='bbox 1192 1790 1236 1820; x_wconf 92' lang='lat' dir='ltr'>ut</span> <span class='ocrx_word' id='word_1_159' title='bbox 1268 1783 1385 1829; x_wconf 83' lang='lat' dir='ltr'>dicat,</span> <span class='ocrx_word' id='word_1_160' title='bbox 1408 1796 1465 1830; x_wconf 85' lang='lat' dir='ltr'>se,</span> <span class='ocrx_word' id='word_1_161' title='bbox 1484 1796 1622 1834; x_wconf 89' lang='lat' dir='ltr'>quem-</span> 
     </span>
     <span class='ocr_line' id='line_1_20' title="bbox 155 1842 1624 1895; baseline 0.002 -16"><span class='ocrx_word' id='word_1_162' title='bbox 155 1842 363 1880; x_wconf 88' lang='lat' dir='ltr'>admodum</span> <span class='ocrx_word' id='word_1_163' title='bbox 385 1842 469 1880; x_wconf 90' lang='lat' dir='ltr'>illos</span> <span class='ocrx_word' id='word_1_164' title='bbox 486 1843 589 1881; x_wconf 89' lang='lat' dir='ltr'>dono</span> <span class='ocrx_word' id='word_1_165' title='bbox 611 1843 790 1894; x_wconf 89' lang='lat' dir='ltr'>spoliavit</span> <span class='ocrx_word' id='word_1_166' title='bbox 808 1844 874 1894; x_wconf 87' lang='lat' dir='ltr'>qui</span> <span class='ocrx_word' id='word_1_167' title='bbox 893 1857 939 1882; x_wconf 88' lang='lat' dir='ltr'>eo</span> <span class='ocrx_word' id='word_1_168' title='bbox 955 1845 1194 1892; x_wconf 87' lang='lat' dir='ltr'>fruebantur,</span> <span class='ocrx_word' id='word_1_169' title='bbox 1208 1844 1312 1895; x_wconf 90' lang='lat' dir='ltr'>quod</span> <span class='ocrx_word' id='word_1_170' title='bbox 1329 1844 1507 1895; x_wconf 85' lang='lat' dir='ltr'>indignos</span> <span class='ocrx_word' id='word_1_171' title='bbox 1518 1844 1624 1895; x_wconf 85' lang='lat' dir='ltr'>judi-</span> 
     </span>
     <span class='ocr_line' id='line_1_21' title="bbox 156 1903 1621 1956; baseline 0.003 -16"><span class='ocrx_word' id='word_1_172' title='bbox 156 1904 266 1950; x_wconf 88' lang='lat' dir='ltr'>carit,</span> <span class='ocrx_word' id='word_1_173' title='bbox 286 1903 341 1941; x_wconf 88' lang='lat' dir='ltr'>sic</span> <span class='ocrx_word' id='word_1_174' title='bbox 363 1903 557 1956; x_wconf 89' lang='lat' dir='ltr'>Populum</span> <span class='ocrx_word' id='word_1_175' title='bbox 578 1904 781 1955; x_wconf 82' lang='lat' dir='ltr'>indignum</span> <span class='ocrx_word' id='word_1_176' title='bbox 803 1905 1018 1952; x_wconf 87' lang='lat' dir='ltr'>censuisse,</span> <span class='ocrx_word' id='word_1_177' title='bbox 1037 1919 1157 1956; x_wconf 89' lang='lat' dir='ltr'>penes</span> <span class='ocrx_word' id='word_1_178' title='bbox 1178 1919 1295 1956; x_wconf 89' lang='lat' dir='ltr'>quem</span> <span class='ocrx_word' id='word_1_179' title='bbox 1316 1912 1423 1944; x_wconf 86' lang='lat' dir='ltr'>esset</span> <span class='ocrx_word' id='word_1_180' title='bbox 1454 1906 1621 1945; x_wconf 84' lang='lat' dir='ltr'>liberali-</span> 
     </span>
    </p>

    <p class='ocr_par' dir='ltr' id='par_1_5' title="bbox 123 1965 1624 2019">
     <span class='ocr_line' id='line_1_22' title="bbox 123 1965 1624 2019; baseline 0.001 -14"><span class='ocrx_word' id='word_1_181' title='bbox 123 2002 125 2005; x_wconf 92' lang='lat'>.</span> <span class='ocrx_word' id='word_1_182' title='bbox 155 1971 236 2002; x_wconf 82' lang='lat' dir='ltr'>tate</span> <span class='ocrx_word' id='word_1_183' title='bbox 257 1965 313 2002; x_wconf 90' lang='lat' dir='ltr'>uti</span> <span class='ocrx_word' id='word_1_184' title='bbox 333 1979 426 2017; x_wconf 86' lang='lat' dir='ltr'>erga</span> <span class='ocrx_word' id='word_1_185' title='bbox 446 1979 561 2017; x_wconf 88' lang='lat' dir='ltr'>quem</span> <span class='ocrx_word' id='word_1_186' title='bbox 581 1966 615 2004; x_wconf 89' lang='lat' dir='ltr'>ei</span> <span class='ocrx_word' id='word_1_187' title='bbox 634 1965 839 2004; x_wconf 88' lang='lat' dir='ltr'>videretur.</span> <span class='ocrx_word' id='word_1_188' title='bbox 897 1968 957 2005; x_wconf 88' lang='lat' dir='ltr'>At</span> <span class='ocrx_word' id='word_1_189' title='bbox 977 1967 1072 2004; x_wconf 90' lang='lat' dir='ltr'>illud</span> <span class='ocrx_word' id='word_1_190' title='bbox 1093 1967 1143 2005; x_wconf 88' lang='lat' dir='ltr'>ad</span> <span class='ocrx_word' id='word_1_191' title='bbox 1172 1967 1257 2006; x_wconf 85' lang='lat' dir='ltr'>haec</span> <span class='ocrx_word' id='word_1_192' title='bbox 1279 1968 1442 2006; x_wconf 87' lang='lat' dir='ltr'>fortasse</span> <span class='ocrx_word' id='word_1_193' title='bbox 1462 1981 1624 2019; x_wconf 87' lang='lat' dir='ltr'>respon-</span> 
     </span>
    </p>

    <p class='ocr_par' dir='ltr' id='par_1_6' title="bbox 156 2026 1625 2080">
     <span class='ocr_line' id='line_1_23' title="bbox 156 2026 1625 2080; baseline 0.004 -17"><span class='ocrx_word' id='word_1_194' title='bbox 156 2026 277 2073; x_wconf 88' lang='lat' dir='ltr'>debit,</span> <span class='ocrx_word' id='word_1_195' title='bbox 296 2027 387 2078; x_wconf 91' lang='lat' dir='ltr'>quia</span> <span class='ocrx_word' id='word_1_196' title='bbox 406 2027 578 2079; x_wconf 90' lang='lat' dir='ltr'>Populus</span> <span class='ocrx_word' id='word_1_197' title='bbox 597 2027 710 2066; x_wconf 88' lang='lat' dir='ltr'>facile</span> <span class='ocrx_word' id='word_1_198' title='bbox 724 2028 952 2079; x_wconf 86' lang='lat' dir='ltr'>decipiatur,</span> <span class='ocrx_word' id='word_1_199' title='bbox 965 2035 1173 2080; x_wconf 87' lang='lat' dir='ltr'>propterea</span> <span class='ocrx_word' id='word_1_200' title='bbox 1192 2029 1320 2080; x_wconf 83' lang='lat' dir='ltr'>legem</span> <span class='ocrx_word' id='word_1_201' title='bbox 1339 2043 1380 2068; x_wconf 89' lang='lat' dir='ltr'>se</span> <span class='ocrx_word' id='word_1_202' title='bbox 1401 2029 1454 2068; x_wconf 88' lang='lat' dir='ltr'>ita</span> <span class='ocrx_word' id='word_1_203' title='bbox 1473 2029 1625 2069; x_wconf 84' lang='lat' dir='ltr'>tulisse.</span> 
     </span>
    </p>

    <p class='ocr_par' dir='ltr' id='par_1_7' title="bbox 156 2087 1625 2143">
     <span class='ocr_line' id='line_1_24' title="bbox 156 2087 1625 2143; baseline 0.004 -19"><span class='ocrx_word' id='word_1_204' title='bbox 156 2087 261 2130; x_wconf 82' lang='lat' dir='ltr'>Quid</span> <span class='ocrx_word' id='word_1_205' title='bbox 281 2088 396 2138; x_wconf 85' lang='lat' dir='ltr'>igitur</span> <span class='ocrx_word' id='word_1_206' title='bbox 422 2090 566 2135; x_wconf 87' lang='lat' dir='ltr'>obstat,</span> <span class='ocrx_word' id='word_1_207' title='bbox 586 2102 664 2140; x_wconf 90' lang='lat' dir='ltr'>quo</span> <span class='ocrx_word' id='word_1_208' title='bbox 685 2090 811 2128; x_wconf 88' lang='lat' dir='ltr'>minus</span> <span class='ocrx_word' id='word_1_209' title='bbox 833 2090 963 2128; x_wconf 88' lang='lat' dir='ltr'>omnia</span> <span class='ocrx_word' id='word_1_210' title='bbox 982 2092 1091 2129; x_wconf 88' lang='lat' dir='ltr'>vobis</span> <span class='ocrx_word' id='word_1_211' title='bbox 1110 2091 1333 2142; x_wconf 81' lang='lat' dir='ltr'>eripiantur,</span> <span class='ocrx_word' id='word_1_212' title='bbox 1353 2099 1394 2130; x_wconf 88' lang='lat' dir='ltr'>et</span> <span class='ocrx_word' id='word_1_213' title='bbox 1412 2092 1496 2143; x_wconf 86' lang='lat' dir='ltr'>ipsa</span> <span class='ocrx_word' id='word_1_214' title='bbox 1515 2092 1625 2132; x_wconf 88' lang='lat' dir='ltr'>deni-</span> 
     </span>
    </p>

    <p class='ocr_par' dir='ltr' id='par_1_8' title="bbox 158 2150 1627 2577">
     <span class='ocr_line' id='line_1_25' title="bbox 158 2150 1624 2203; baseline 0.003 -16"><span class='ocrx_word' id='word_1_215' title='bbox 158 2162 234 2201; x_wconf 86' lang='lat' dir='ltr'>que</span> <span class='ocrx_word' id='word_1_216' title='bbox 254 2150 575 2188; x_wconf 80' lang='lat' dir='ltr'>administrandae</span> <span class='ocrx_word' id='word_1_217' title='bbox 605 2151 827 2202; x_wconf 87' lang='lat' dir='ltr'>reipublicae</span> <span class='ocrx_word' id='word_1_218' title='bbox 845 2151 1010 2199; x_wconf 86' lang='lat' dir='ltr'>functio,</span> <span class='ocrx_word' id='word_1_219' title='bbox 1030 2152 1106 2190; x_wconf 88' lang='lat' dir='ltr'>ista</span> <span class='ocrx_word' id='word_1_220' title='bbox 1125 2152 1280 2203; x_wconf 89' lang='lat' dir='ltr'>quidem</span> <span class='ocrx_word' id='word_1_221' title='bbox 1303 2153 1482 2192; x_wconf 77' lang='lat' dir='ltr'>ratione?</span> <span class='ocrx_word' id='word_1_222' title='bbox 1538 2153 1624 2193; x_wconf 89' lang='lat' dir='ltr'>Nec</span> 
     </span>
     <span class='ocr_line' id='line_1_26' title="bbox 161 2211 1625 2264; baseline 0.003 -15"><span class='ocrx_word' id='word_1_223' title='bbox 161 2211 264 2249; x_wconf 90' lang='lat' dir='ltr'>enim</span> <span class='ocrx_word' id='word_1_224' title='bbox 284 2211 492 2262; x_wconf 90' lang='lat' dir='ltr'>quicquam</span> <span class='ocrx_word' id='word_1_225' title='bbox 513 2218 571 2249; x_wconf 92' lang='lat' dir='ltr'>est</span> <span class='ocrx_word' id='word_1_226' title='bbox 588 2225 711 2250; x_wconf 88' lang='lat' dir='ltr'>rerum</span> <span class='ocrx_word' id='word_1_227' title='bbox 732 2212 917 2258; x_wconf 89' lang='lat' dir='ltr'>omnium,</span> <span class='ocrx_word' id='word_1_228' title='bbox 935 2212 975 2250; x_wconf 89' lang='lat' dir='ltr'>in</span> <span class='ocrx_word' id='word_1_229' title='bbox 993 2226 1070 2264; x_wconf 93' lang='lat' dir='ltr'>quo</span> <span class='ocrx_word' id='word_1_230' title='bbox 1087 2213 1194 2251; x_wconf 86' lang='lat' dir='ltr'>vobis</span> <span class='ocrx_word' id='word_1_231' title='bbox 1215 2213 1289 2251; x_wconf 92' lang='lat' dir='ltr'>hoc</span> <span class='ocrx_word' id='word_1_232' title='bbox 1308 2227 1380 2251; x_wconf 90' lang='lat' dir='ltr'>usu</span> <span class='ocrx_word' id='word_1_233' title='bbox 1409 2228 1487 2252; x_wconf 87' lang='lat' dir='ltr'>non</span> <span class='ocrx_word' id='word_1_234' title='bbox 1507 2228 1625 2254; x_wconf 86' lang='lat' dir='ltr'>vene-</span> 
     </span>
     <span class='ocr_line' id='line_1_27' title="bbox 158 2273 1627 2327; baseline 0.003 -16"><span class='ocrx_word' id='word_1_235' title='bbox 158 2273 233 2312; x_wconf 88' lang='lat' dir='ltr'>rit:</span> <span class='ocrx_word' id='word_1_236' title='bbox 264 2273 333 2311; x_wconf 86' lang='lat' dir='ltr'>sed</span> <span class='ocrx_word' id='word_1_237' title='bbox 352 2287 457 2325; x_wconf 83' lang='lat' dir='ltr'>saepe</span> <span class='ocrx_word' id='word_1_238' title='bbox 473 2273 625 2325; x_wconf 89' lang='lat' dir='ltr'>decepti</span> <span class='ocrx_word' id='word_1_239' title='bbox 645 2273 766 2312; x_wconf 84' lang='lat' dir='ltr'>multa</span> <span class='ocrx_word' id='word_1_240' title='bbox 787 2274 1130 2313; x_wconf 86' lang='lat' dir='ltr'>senatusconsulta</span> <span class='ocrx_word' id='word_1_241' title='bbox 1148 2276 1286 2313; x_wconf 86' lang='lat' dir='ltr'>vestris</span> <span class='ocrx_word' id='word_1_242' title='bbox 1306 2275 1499 2327; x_wconf 85' lang='lat' dir='ltr'>suffragiis</span> <span class='ocrx_word' id='word_1_243' title='bbox 1520 2289 1627 2315; x_wconf 89' lang='lat' dir='ltr'>com-</span> 
     </span>
     <span class='ocr_line' id='line_1_28' title="bbox 160 2334 1626 2389; baseline 0.004 -17"><span class='ocrx_word' id='word_1_244' title='bbox 160 2335 368 2387; x_wconf 82' lang='lat' dir='ltr'>probastiS,</span> <span class='ocrx_word' id='word_1_245' title='bbox 389 2341 506 2386; x_wconf 89' lang='lat' dir='ltr'>atque</span> <span class='ocrx_word' id='word_1_246' title='bbox 540 2334 748 2387; x_wconf 88' lang='lat' dir='ltr'>aliquando</span> <span class='ocrx_word' id='word_1_247' title='bbox 782 2336 942 2374; x_wconf 87' lang='lat' dir='ltr'>adducti</span> <span class='ocrx_word' id='word_1_248' title='bbox 976 2336 1083 2383; x_wconf 82' lang='lat' dir='ltr'>estis,</span> <span class='ocrx_word' id='word_1_249' title='bbox 1100 2343 1144 2374; x_wconf 91' lang='lat' dir='ltr'>ut</span> <span class='ocrx_word' id='word_1_250' title='bbox 1175 2336 1326 2375; x_wconf 87' lang='lat' dir='ltr'>omissis</span> <span class='ocrx_word' id='word_1_251' title='bbox 1346 2338 1626 2389; x_wconf 86' lang='lat' dir='ltr'>potentioribus</span> 
     </span>
     <span class='ocr_line' id='line_1_29' title="bbox 161 2398 1626 2452; baseline 0.003 -16"><span class='ocrx_word' id='word_1_252' title='bbox 161 2398 386 2437; x_wconf 87' lang='lat' dir='ltr'>societatem</span> <span class='ocrx_word' id='word_1_253' title='bbox 405 2412 494 2437; x_wconf 90' lang='lat' dir='ltr'>cum</span> <span class='ocrx_word' id='word_1_254' title='bbox 513 2398 572 2436; x_wconf 89' lang='lat' dir='ltr'>his</span> <span class='ocrx_word' id='word_1_255' title='bbox 593 2412 756 2450; x_wconf 88' lang='lat' dir='ltr'>quorum</span> <span class='ocrx_word' id='word_1_256' title='bbox 769 2400 936 2438; x_wconf 89' lang='lat' dir='ltr'>minores</span> <span class='ocrx_word' id='word_1_257' title='bbox 950 2407 1083 2438; x_wconf 84' lang='lat' dir='ltr'>essent</span> <span class='ocrx_word' id='word_1_258' title='bbox 1097 2413 1190 2452; x_wconf 89' lang='lat' dir='ltr'>opes</span> <span class='ocrx_word' id='word_1_259' title='bbox 1204 2400 1359 2439; x_wconf 87' lang='lat' dir='ltr'>coiretis</span> <span class='ocrx_word' id='word_1_260' title='bbox 1375 2414 1384 2439; x_wconf 90' lang='lat'>:</span> <span class='ocrx_word' id='word_1_261' title='bbox 1414 2408 1454 2439; x_wconf 88' lang='lat' dir='ltr'>et</span> <span class='ocrx_word' id='word_1_262' title='bbox 1468 2402 1626 2452; x_wconf 87' lang='lat' dir='ltr'>quidem</span> 
     </span>
     <span class='ocr_line' id='line_1_30' title="bbox 160 2460 1626 2514; baseline 0.003 -17"><span class='ocrx_word' id='word_1_263' title='bbox 160 2461 200 2498; x_wconf 89' lang='lat' dir='ltr'>in</span> <span class='ocrx_word' id='word_1_264' title='bbox 219 2466 328 2498; x_wconf 85' lang='lat' dir='ltr'>tanta</span> <span class='ocrx_word' id='word_1_265' title='bbox 347 2460 449 2498; x_wconf 90' lang='lat' dir='ltr'>mole</span> <span class='ocrx_word' id='word_1_266' title='bbox 469 2460 714 2511; x_wconf 84' lang='lat' dir='ltr'>negotiorum</span> <span class='ocrx_word' id='word_1_267' title='bbox 735 2474 853 2513; x_wconf 87' lang='lat' dir='ltr'>prope</span> <span class='ocrx_word' id='word_1_268' title='bbox 872 2474 1035 2501; x_wconf 86' lang='lat' dir='ltr'>necesse</span> <span class='ocrx_word' id='word_1_269' title='bbox 1057 2468 1118 2501; x_wconf 87' lang='lat' dir='ltr'>est</span> <span class='ocrx_word' id='word_1_270' title='bbox 1150 2462 1265 2501; x_wconf 84' lang='lat' dir='ltr'>etiam</span> <span class='ocrx_word' id='word_1_271' title='bbox 1284 2463 1364 2502; x_wconf 88' lang='lat' dir='ltr'>tale</span> <span class='ocrx_word' id='word_1_272' title='bbox 1385 2463 1530 2514; x_wconf 85' lang='lat' dir='ltr'>aliquid</span> <span class='ocrx_word' id='word_1_273' title='bbox 1549 2477 1626 2503; x_wconf 85' lang='lat' dir='ltr'>usu</span> 
     </span>
     <span class='ocr_line' id='line_1_31' title="bbox 162 2522 1627 2577; baseline 0.003 -18"><span class='ocrx_word' id='word_1_274' title='bbox 162 2522 305 2560; x_wconf 88' lang='lat' dir='ltr'>venire.</span> <span class='ocrx_word' id='word_1_275' title='bbox 363 2523 429 2558; x_wconf 89' lang='lat' dir='ltr'>An</span> <span class='ocrx_word' id='word_1_276' title='bbox 461 2535 551 2560; x_wconf 92' lang='lat' dir='ltr'>vero</span> <span class='ocrx_word' id='word_1_277' title='bbox 585 2529 790 2574; x_wconf 83' lang='lat' dir='ltr'>propterea</span> <span class='ocrx_word' id='word_1_278' title='bbox 821 2523 947 2575; x_wconf 83' lang='lat' dir='ltr'>legem</span> <span class='ocrx_word' id='word_1_279' title='bbox 985 2524 1166 2572; x_wconf 87' lang='lat' dir='ltr'>feremus,</span> <span class='ocrx_word' id='word_1_280' title='bbox 1202 2531 1247 2563; x_wconf 87' lang='lat' dir='ltr'>ut</span> <span class='ocrx_word' id='word_1_281' title='bbox 1284 2524 1469 2577; x_wconf 88' lang='lat' dir='ltr'>deinceps</span> <span class='ocrx_word' id='word_1_282' title='bbox 1501 2539 1627 2576; x_wconf 87' lang='lat' dir='ltr'>neque</span> 
     </span>
    </p>

    <p class='ocr_par' dir='ltr' id='par_1_9' title="bbox 164 2582 1629 2945">
     <span class='ocr_line' id='line_1_32' title="bbox 169 2582 1629 2639; baseline 0.003 -18"><span class='ocrx_word' id='word_1_283' title='bbox 169 2582 343 2628; x_wconf 85' lang='lat' dir='ltr'>Senatui,</span> <span class='ocrx_word' id='word_1_284' title='bbox 364 2596 487 2633; x_wconf 87' lang='lat' dir='ltr'>neque</span> <span class='ocrx_word' id='word_1_285' title='bbox 508 2583 659 2635; x_wconf 85' lang='lat' dir='ltr'>Populo</span> <span class='ocrx_word' id='word_1_286' title='bbox 691 2585 820 2631; x_wconf 90' lang='lat' dir='ltr'>liceat,</span> <span class='ocrx_word' id='word_1_287' title='bbox 839 2586 900 2623; x_wconf 91' lang='lat' dir='ltr'>vel</span> <span class='ocrx_word' id='word_1_288' title='bbox 921 2586 1143 2633; x_wconf 88' lang='lat' dir='ltr'>decernere,</span> <span class='ocrx_word' id='word_1_289' title='bbox 1162 2587 1372 2639; x_wconf 83' lang='lat' dir='ltr'>veljubere</span> <span class='ocrx_word' id='word_1_290' title='bbox 1393 2587 1629 2639; x_wconf 74' lang='lat' dir='ltr'>quicquam?</span> 
     </span>
     <span class='ocr_line' id='line_1_33' title="bbox 164 2645 1626 2699; baseline 0.002 -15"><span class='ocrx_word' id='word_1_291' title='bbox 164 2645 345 2696; x_wconf 86' lang='lat' dir='ltr'>equidem</span> <span class='ocrx_word' id='word_1_292' title='bbox 366 2657 442 2682; x_wconf 89' lang='lat' dir='ltr'>non</span> <span class='ocrx_word' id='word_1_293' title='bbox 460 2645 607 2696; x_wconf 89' lang='lat' dir='ltr'>opinor.</span> <span class='ocrx_word' id='word_1_294' title='bbox 666 2646 753 2686; x_wconf 88' lang='lat' dir='ltr'>Nec</span> <span class='ocrx_word' id='word_1_295' title='bbox 774 2647 877 2686; x_wconf 88' lang='lat' dir='ltr'>enim</span> <span class='ocrx_word' id='word_1_296' title='bbox 907 2661 1064 2699; x_wconf 87' lang='lat' dir='ltr'>aequum</span> <span class='ocrx_word' id='word_1_297' title='bbox 1093 2658 1166 2695; x_wconf 90' lang='lat' dir='ltr'>est,</span> <span class='ocrx_word' id='word_1_298' title='bbox 1187 2656 1232 2687; x_wconf 91' lang='lat' dir='ltr'>ut</span> <span class='ocrx_word' id='word_1_299' title='bbox 1262 2649 1401 2699; x_wconf 86' lang='lat' dir='ltr'>quibus</span> <span class='ocrx_word' id='word_1_300' title='bbox 1438 2649 1476 2687; x_wconf 92' lang='lat' dir='ltr'>in</span> <span class='ocrx_word' id='word_1_301' title='bbox 1511 2650 1626 2687; x_wconf 85' lang='lat' dir='ltr'>rebus</span> 
     </span>
     <span class='ocr_line' id='line_1_34' title="bbox 165 2706 1629 2761; baseline 0.001 -15"><span class='ocrx_word' id='word_1_302' title='bbox 165 2706 319 2759; x_wconf 80' lang='lat' dir='ltr'>decepti</span> <span class='ocrx_word' id='word_1_303' title='bbox 340 2719 488 2753; x_wconf 81' lang='lat' dir='ltr'>sumuS,</span> <span class='ocrx_word' id='word_1_304' title='bbox 502 2720 558 2745; x_wconf 87' lang='lat' dir='ltr'>eae</span> <span class='ocrx_word' id='word_1_305' title='bbox 577 2709 689 2747; x_wconf 85' lang='lat' dir='ltr'>uobis</span> <span class='ocrx_word' id='word_1_306' title='bbox 710 2710 932 2761; x_wconf 86' lang='lat' dir='ltr'>eripiantur,</span> <span class='ocrx_word' id='word_1_307' title='bbox 948 2710 1044 2748; x_wconf 92' lang='lat' dir='ltr'>illud</span> <span class='ocrx_word' id='word_1_308' title='bbox 1063 2710 1219 2761; x_wconf 89' lang='lat' dir='ltr'>quidem</span> <span class='ocrx_word' id='word_1_309' title='bbox 1236 2711 1360 2756; x_wconf 87' lang='lat' dir='ltr'>decet,</span> <span class='ocrx_word' id='word_1_310' title='bbox 1377 2711 1522 2748; x_wconf 87' lang='lat' dir='ltr'>moneri</span> <span class='ocrx_word' id='word_1_311' title='bbox 1541 2723 1629 2758; x_wconf 88' lang='lat' dir='ltr'>nos,</span> 
     </span>
     <span class='ocr_line' id='line_1_35' title="bbox 166 2769 1628 2824; baseline 0.001 -16"><span class='ocrx_word' id='word_1_312' title='bbox 166 2784 215 2809; x_wconf 91' lang='lat' dir='ltr'>ne</span> <span class='ocrx_word' id='word_1_313' title='bbox 245 2769 408 2821; x_wconf 85' lang='lat' dir='ltr'>posthac</span> <span class='ocrx_word' id='word_1_314' title='bbox 439 2769 477 2806; x_wconf 88' lang='lat' dir='ltr'>in</span> <span class='ocrx_word' id='word_1_315' title='bbox 510 2770 672 2808; x_wconf 87' lang='lat' dir='ltr'>eandem</span> <span class='ocrx_word' id='word_1_316' title='bbox 702 2772 878 2810; x_wconf 84' lang='lat' dir='ltr'>fraudem</span> <span class='ocrx_word' id='word_1_317' title='bbox 912 2772 1149 2810; x_wconf 87' lang='lat' dir='ltr'>incidamus:</span> <span class='ocrx_word' id='word_1_318' title='bbox 1180 2773 1383 2824; x_wconf 83' lang='lat' dir='ltr'>legemque</span> <span class='ocrx_word' id='word_1_319' title='bbox 1414 2772 1516 2817; x_wconf 78' lang='lat' dir='ltr'>ferri,</span> <span class='ocrx_word' id='word_1_320' title='bbox 1550 2784 1628 2810; x_wconf 91' lang='lat' dir='ltr'>non</span> 
     </span>
     <span class='ocr_line' id='line_1_36' title="bbox 166 2831 1628 2885; baseline 0.002 -15"><span class='ocrx_word' id='word_1_321' title='bbox 166 2845 254 2883; x_wconf 85' lang='lat' dir='ltr'>quae</span> <span class='ocrx_word' id='word_1_322' title='bbox 280 2831 450 2869; x_wconf 86' lang='lat' dir='ltr'>muneris</span> <span class='ocrx_word' id='word_1_323' title='bbox 476 2831 543 2883; x_wconf 87' lang='lat' dir='ltr'>jus</span> <span class='ocrx_word' id='word_1_324' title='bbox 577 2832 686 2871; x_wconf 89' lang='lat' dir='ltr'>vobis</span> <span class='ocrx_word' id='word_1_325' title='bbox 719 2833 876 2880; x_wconf 85' lang='lat' dir='ltr'>adimat,</span> <span class='ocrx_word' id='word_1_326' title='bbox 894 2834 964 2873; x_wconf 87' lang='lat' dir='ltr'>sed</span> <span class='ocrx_word' id='word_1_327' title='bbox 983 2834 1113 2881; x_wconf 88' lang='lat' dir='ltr'>talem,</span> <span class='ocrx_word' id='word_1_328' title='bbox 1132 2834 1240 2885; x_wconf 90' lang='lat' dir='ltr'>cujus</span> <span class='ocrx_word' id='word_1_329' title='bbox 1261 2833 1401 2871; x_wconf 85' lang='lat' dir='ltr'>auxilio</span> <span class='ocrx_word' id='word_1_330' title='bbox 1420 2832 1628 2883; x_wconf 82' lang='lat' dir='ltr'>puniamus</span> 
     </span>
     <span class='ocr_line' id='line_1_37' title="bbox 170 2886 1339 2945; baseline 0.001 -14"><span class='ocrx_word' id='word_1_331' title='bbox 170 2893 413 2945; x_wconf 88' lang='lat' dir='ltr'>impostores.</span> <span class='ocrx_word' id='word_1_332' title='bbox 1335 2886 1339 2889; x_wconf 42' lang='lat'>⁸</span> 
     </span>
    </p>
   </div>
   <div class='ocr_carea' id='block_1_4' title="bbox 221 2954 1626 3007">
    <p class='ocr_par' dir='ltr' id='par_1_10' title="bbox 221 2954 1626 3007">
     <span class='ocr_line' id='line_1_38' title="bbox 221 2954 1626 3007; baseline 0.002 -15"><span class='ocrx_word' id='word_1_333' title='bbox 221 2957 258 2992; x_wconf 81' lang='lat'>2.</span> <span class='ocrx_word' id='word_1_334' title='bbox 289 2954 404 2999; x_wconf 84' lang='lat' dir='ltr'>Quod</span> <span class='ocrx_word' id='word_1_335' title='bbox 427 2954 458 2993; x_wconf 87' lang='lat' dir='ltr'>si</span> <span class='ocrx_word' id='word_1_336' title='bbox 477 2955 574 3006; x_wconf 82' lang='lat' dir='ltr'>quis,</span> <span class='ocrx_word' id='word_1_337' title='bbox 605 2955 663 2994; x_wconf 88' lang='lat' dir='ltr'>his</span> <span class='ocrx_word' id='word_1_338' title='bbox 695 2955 862 3003; x_wconf 80' lang='lat' dir='ltr'>omissis,</span> <span class='ocrx_word' id='word_1_339' title='bbox 894 2956 991 2996; x_wconf 90' lang='lat' dir='ltr'>illud</span> <span class='ocrx_word' id='word_1_340' title='bbox 1024 2956 1160 2996; x_wconf 83' lang='lat' dir='ltr'>saltem</span> <span class='ocrx_word' id='word_1_341' title='bbox 1187 2960 1365 2994; x_wconf 76' lang='lat' dir='ltr'>accurate</span> <span class='ocrx_word' id='word_1_342' title='bbox 1400 2956 1626 3007; x_wconf 77' lang='lat' dir='ltr'>perpendat,</span> 
     </span>
    </p>
   </div>
  </div>
 </body>
</html>
