1923 3149
697 159 900 199 ORATIO
932 159 1005 198 DE
1034 159 1187 199 PACE.
1616 161 1663 198 51

211 275 308 313 opes
337 263 749 312 augerentur—omnia
775 263 875 301 enim
903 261 1119 300 istiusmodi
1149 262 1220 300 sibi
1249 261 1411 301 adversa
1436 275 1519 300 esse
1550 261 1668 300 duce-

211 324 370 370 bant—-‚
388 324 457 361 sed
478 324 671 371 geminum
691 324 1016 361 consectabantur
1041 323 1354 369 emolumentum,
1372 330 1415 361 ut
1434 336 1571 374 nempe
1591 322 1669 374 Py-

210 384 322 421 laearn
345 391 383 422 et
396 384 487 435 jura
503 385 695 436 Delphica
713 385 954 427 obtinerent3
994 398 1205 435 eorumque
1225 384 1431 429 desiderio,
1450 385 1499 422 ad
1519 398 1584 422 eas
1604 397 1666 422 res

212 444 392 496 Philippo
413 446 606 497 adjutores
625 446 792 483 fuerunt.
851 445 916 483 Sic
933 446 982 483 ob
1003 445 1152 497 privata
1170 445 1397 496 compendia
1415 458 1590 496 quosque
1609 459 1667 483 re-

211 506 363 556 perietis
385 507 507 544 multa
534 507 659 544 facere
680 506 901 557 perductos,
919 520 1083 557 quorum
1109 506 1202 544 nihil
1230 506 1266 544 in
1288 506 1415 545 animo
1438 506 1667 544 habuerunt.

213 567 341 613 Quod,
370 581 457 605 cum
481 568 534 605 ita
565 568 626 613 sit,
647 567 863 605 cavendum
879 567 990 606 nobis
1008 574 1080 606 est.

266 629 304 665 6.
335 629 439 666 Num
462 628 646 679 imperata
662 629 788 667 facere
820 642 892 667 nos
919 636 1070 681 oportet
1087 628 1222 667 harum
1240 641 1367 668 rerum
1385 628 1522 667 metu?
1551 636 1668 679 tuque

209 689 304 726 illud
341 688 511 727 suades?
567 689 729 728 Minime
759 702 848 728 vero
881 691 1074 741 equidem,
1094 690 1164 729 sed
1184 704 1256 730 nos
1280 698 1319 729 et
1344 690 1437 728 nihil
1463 689 1666 741 indignum

208 750 318 788 nobis
339 751 507 788 facturos
526 763 652 800 neque
667 751 811 789 bellum
833 752 1084 799 conflaturos,
1103 760 1143 790 et
1158 752 1374 804 prudentiae
1388 751 1666 803 sententiaeque

207 823 310 849 verae
331 811 485 849 laudem
505 818 798 860 consecuturos,
817 813 902 851 haec
923 826 1000 864 quoe
1029 815 1132 851 docui
1159 820 1254 866 puto
1290 814 1582 865 comprobatum
1605 811 1664 852 iri.

211 872 301 909 Illos
340 878 481 918 autem,
520 872 585 922 qui
636 874 871 911 confidenter
907 874 1058 924 quidvis
1092 887 1179 913 esse
1213 874 1373 927 periculi
1421 874 1665 913 subeundum

208 939 368 971 censent
399 946 470 971 nec
501 931 592 969 belli
618 932 750 970 clades
780 934 828 971 ob
862 934 996 973 oculos
1029 935 1100 974 sibi
1129 943 1292 988 ponunt,
1324 936 1412 975 haec
1431 936 1546 975 velim
1576 948 1666 974 con-

209 993 388 1032 siderare.
446 994 526 1031 Nos
558 993 731 1044 Oropum
759 994 965 1032 Thebanos
993 1000 1124 1033 tenere
1155 997 1340 1034 sinimus:
1378 996 1484 1048 quod
1518 997 1551 1035 si
1578 995 1665 1049 quis

209 1068 280 1093 nos
300 1062 422 1106 roget,
448 1068 494 1092 ac
513 1067 602 1092 vera
617 1054 727 1093 fateri
738 1054 887 1105 jubeat,
908 1056 1191 1105 quamobrem?
1219 1069 1267 1094 ne
1290 1056 1433 1094 bellum
1452 1059 1665 1109 gerendum

206 1116 318 1154 nobis
333 1116 394 1161 sit,
416 1115 735 1166 responderimus.
777 1115 828 1152 Et
845 1115 1024 1166 Philippo
1043 1129 1147 1154 nunc
1165 1129 1214 1154 ex
1232 1116 1378 1155 foedere
1398 1118 1666 1171 Amphipolim

203 1175 484 1221 concessimus,
503 1182 541 1213 et
561 1175 776 1213 Cardianos
803 1188 826 1213 a
857 1175 1166 1215 Chersonesiotis
1185 1177 1341 1228 reliquis
1361 1186 1558 1230 exemptos
1578 1193 1667 1219 esse

204 1237 383 1289 patimur,
412 1244 451 1275 et
480 1237 604 1275 Cariae
638 1244 832 1288 satrapam
861 1236 1011 1275 insulas
1039 1250 1244 1289 occupare,
1265 1238 1394 1277 Chion
1430 1247 1471 1278 et
1502 1241 1589 1280 Con
1625 1248 1667 1281 et

207 1299 404 1346 Rhodum,
434 1305 474 1336 et
493 1298 699 1351 Byzantios
720 1298 757 1336 in
780 1299 876 1337 mari
896 1299 1053 1350 navigia
1081 1306 1214 1337 nostra
1244 1300 1485 1353 intercipere,
1513 1303 1563 1341 ob
1588 1303 1665 1344 hoc

206 1361 383 1399 nimirum
400 1361 503 1411 quod
517 1360 623 1411 pacis
642 1360 957 1411 tranquillitatem
971 1361 1087 1416 plura
1100 1361 1232 1400 afferre
1257 1363 1464 1403 commoda
1483 1371 1665 1417 putamus

206 1436 322 1474 quam
349 1422 565 1460 inimicitias
586 1428 626 1459 et
643 1422 912 1461 contentiones
931 1422 1039 1462 hisce
1059 1422 1108 1461 de
1127 1422 1491 1477 causiszsusceptas.
1522 1426 1664 1467 Nonne

206 1484 321 1535 igitur
342 1484 502 1521 stultum
534 1496 579 1521 ac
609 1483 722 1534 plane
735 1482 917 1523 miserum
936 1484 1065 1532 fuerit,
1085 1498 1174 1523 cum
1196 1484 1235 1523 in
1264 1487 1423 1539 propriis
1443 1494 1482 1527 et
1497 1489 1664 1529 maxime

206 1545 435 1583 necessariis
454 1546 569 1583 rebus
589 1545 810 1597 singulatim
831 1559 924 1598 erga
946 1547 1140 1599 quoslibet
1165 1560 1236 1586 nos
1255 1548 1352 1587 tales
1374 1550 1661 1602 praebueritnuS,

203 1619 295 1645 cum
314 1605 501 1646 universis
521 1606 572 1646 de
589 1608 725 1648 umbra
743 1607 940 1662 Delphica
959 1622 1062 1650 nunc
1081 1608 1340 1662 belligerare?
