1923 3149
619 411 670 465 A
701 411 754 464 U
786 412 841 464 G
871 411 920 464 Ε
951 411 1007 464 R
1034 410 1062 463 I

679 559 1005 608 ANALYSIS

223 701 580 744 ORATIONIS
611 700 700 743 AD
733 700 1031 743 PHILIPPI
1063 699 1446 742 EPISTOLAM.

722 843 960 889 Propositum.

158 942 278 987 Quum
298 947 441 982 timeret
457 946 724 980 Demosthenes
746 957 792 980 ne
806 946 1058 990 Athenienses,
1073 946 1230 991 Philippi
1252 945 1402 990 epistola
1418 944 1571 990 perculsi

112 1009 150 1041 et
168 1005 247 1049 ejus
271 1003 434 1048 potentia
457 1002 610 1043 attoniti,
633 1013 655 1035 a
671 1002 765 1035 bello
783 1002 1020 1043 abstinerent,
1037 1004 1171 1036 omittit
1188 1001 1331 1046 quidem
1349 1011 1412 1045 per
1430 1001 1572 1044 singula.

111 1063 267 1096 refutare
287 1058 488 1102 epistolam,
506 1060 543 1090 at
555 1057 716 1090 hortatur
734 1067 817 1089 suos
831 1057 928 1090 cives
944 1061 985 1091 ut
1007 1057 1088 1091 forti
1107 1057 1226 1091 animo
1245 1060 1282 1090 et
1295 1055 1477 1100 impavido
1495 1055 1569 1088 bel-

113 1117 188 1151 lum
208 1114 428 1148 indicentem
442 1113 648 1157 Philippum
662 1112 894 1146 ulciscantur.

737 1218 943 1252 Exordium.

161 1297 326 1332 Evidcns
343 1300 399 1330 est
423 1306 485 1340 per
501 1296 658 1341 Philippi
686 1298 821 1339 literas,
839 1297 939 1330 illum
957 1306 1027 1329 non
1056 1296 1181 1330 fecisse
1199 1307 1341 1341 pacem,
1358 1296 1422 1330 sed
1437 1295 1574 1330 bellum

115 1352 317 1387 distulisse:
344 1362 466 1385 verum
485 1351 535 1386 illi
556 1351 653 1385 haud
668 1351 795 1385 timide
809 1354 864 1385 est
878 1351 1131 1393 resistendum,
1148 1362 1215 1385 nec
1228 1350 1325 1385 illius
1341 1351 1502 1395 potentia
1519 1354 1576 1384 est

112 1407 413 1453 pertimescenda.

733 1477 969 1524 Confirmatio-

161 1559 210 1590 10.
228 1557 416 1601 Philippus
430 1556 576 1590 habebit
586 1560 711 1590 contra
725 1567 762 1591 se
774 1557 860 1590 deos
876 1556 1098 1591 immortales
1109 1567 1264 1601 quorum
1280 1556 1486 1600 religionem
1500 1555 1577 1589 vio-

114 1611 203 1645 lavit
226 1612 343 1645 soluta
360 1622 462 1656 pace,
478 1611 598 1654 plures
616 1611 766 1645 Graecos
784 1622 874 1656 quos
893 1611 1049 1655 decepit,
1069 1622 1109 1645 ac
1133 1612 1289 1656 denique
1307 1611 1500 1644 Persarum
1522 1621 1577 1644 re-

115 1677 198 1711 gem
213 1667 319 1711 cujus
335 1678 421 1712 opes
437 1670 474 1700 et
492 1667 668 1700 auxilium
688 1668 809 1710 magni
823 1669 907 1700 sunt
927 1666 1110 1700 momenti.

162 1724 215 1755 2⁰.
243 1721 396 1765 Philippi
413 1732 468 1754 res
484 1731 592 1764 parva
610 1722 804 1755 offensione
820 1722 1061 1755 dissolventur
1077 1732 1190 1765 quum
1208 1721 1324 1765 pravis
1342 1720 1477 1753 artibus
1494 1730 1578 1753 coa-

115 1776 265 1811 luerint:
292 1776 554 1810 Macedoniam
575 1787 638 1820 per
652 1787 689 1809 se
708 1775 889 1810 infirmam
905 1777 1062 1810 reddidit
1082 1777 1140 1809 ille
1154 1776 1384 1809 infirmiorem
1403 1775 1490 1819 ipsis
1505 1774 1579 1808 bel-

116 1831 160 1865 lis
177 1834 214 1865 et
230 1831 524 1876 expeditionibus
546 1842 628 1875 quae
643 1831 785 1876 plebem
805 1831 1085 1865 Macedonicam
1099 1834 1324 1866 vexaverunt
1340 1834 1377 1864 et
1393 1830 1574 1864 exhause-

114 1888 213 1920 runt.

161 1943 212 1975 3⁰.
237 1938 297 1973 Ita
310 1940 403 1974 male
418 1940 555 1974 habent
569 1939 594 1973 ii
612 1940 673 1985 qui
698 1939 794 1974 eirca
809 1939 926 1983 ipsum
945 1942 1031 1974 sunt
1044 1940 1228 1983 satellites,
1245 1942 1281 1973 et
1295 1941 1408 1974 duces
1426 1939 1580 1984 peregri-

116 2004 246 2027 norum
263 1994 433 2037 militum,
448 1997 489 2028 ut
502 1995 569 2038 ipsi
587 1995 624 2028 in
640 1995 710 2028 illis
727 2005 797 2027 non
812 1995 965 2028 multum
978 1995 1024 2028 sit
1037 1995 1205 2039 praesidii.
1256 1995 1447 2039 Expendit
1461 1997 1580 2028 orator

119 2060 185 2083 cur
200 2049 254 2083 illi
270 2049 446 2083 hactenus
463 2050 525 2084 fidi
551 2049 803 2093 remanserint,
822 2053 860 2084 et
880 2050 1062 2095 quomodo
1078 2051 1151 2085 illae
1169 2053 1281 2085 tantae
1299 2062 1386 2096 opes
1401 2061 1487 2084 mox
1506 2051 1578 2084 sint

118 2103 372 2138 dissolvendae.

163 2160 215 2192 4⁰.
240 2157 403 2191 Fortuna
417 2156 572 2202 Philippi
597 2168 670 2191 non
693 2160 749 2192 est
765 2160 1019 2203 anteponenda
1035 2160 1188 2194 sortunae
1206 2159 1505 2194 Atheniensium:
1540 2163 1579 2194 et

118 2212 174 2246 his
189 2213 285 2255 male
305 2223 361 2246 res
384 2216 636 2246 successerunt
654 2213 738 2246 dum
762 2213 813 2247 illi
840 2215 945 2256 bene,
969 2215 1054 2259 quia
1070 2216 1129 2249 ille
1157 2217 1321 2259 gnaviter
1338 2216 1414 2259 agit
1437 2215 1524 2249 dum
1541 2216 1577 2250 hi

119 2267 286 2310 segniter.
335 2267 438 2301 Illius
454 2267 639 2310 diligentia
656 2272 693 2301 et
707 2267 831 2301 horum
846 2269 991 2312 ignavia
1005 2269 1112 2312 paulo
1129 2270 1241 2304 fusius
1259 2272 1506 2314 exponuntur.

166 2324 217 2356 5⁰.
245 2321 444 2356 Concludit
461 2321 745 2356 Atheniensibus
756 2323 959 2367 promptius
976 2333 1054 2357 esse
1071 2325 1265 2367 agendum,
1285 2329 1326 2358 ut
1343 2325 1449 2368 digne
1465 2325 1579 2370 majo-

120 2376 217 2410 ribus
234 2387 272 2409 se
288 2379 426 2419 gerant,
442 2387 510 2410 nec
528 2377 660 2410 cedant
676 2377 754 2411 viro
771 2389 790 2411 e
808 2378 1030 2411 Macedonia
1055 2379 1229 2413 oriundo:
1256 2390 1340 2414 cum
1356 2379 1425 2424 ipsi
1443 2379 1579 2415 debent

122 2429 167 2463 ad
186 2430 319 2464 bellum
335 2441 372 2464 se
389 2441 525 2474 parare,
543 2433 621 2465 tum
641 2434 778 2466 ceteros
796 2433 944 2466 Graeeos
962 2432 1063 2466 factis
1079 2445 1149 2467 non
1165 2433 1287 2468 verbis
1304 2435 1475 2468 excitare.

168 2484 278 2518 Dicta
294 2487 348 2518 est
363 2486 478 2519 oratio
498 2486 627 2520 codem
654 2497 748 2520 anuo
766 2497 839 2531 quo
856 2487 989 2530 scripta
1005 2490 1061 2522 est
1077 2489 1240 2533 epistola,
1258 2490 1283 2524 i.
1298 2500 1330 2523 e.
1348 2488 1464 2534 primo
1481 2501 1576 2524 anno

124 2538 337 2583 olympiadis
353 2549 417 2582 cx,
433 2540 500 2575 sub
515 2539 764 2585 Theophrasto
782 2541 961 2575 archonte.
