1923 3149
219 151 294 187 502
577 150 630 187 IN
664 151 975 189 ONETOREM
1011 151 1162 190 UNDE
1193 153 1242 189 Vl
1277 152 1305 189 l.

217 251 440 302 oppositum
459 264 544 290 esse
564 252 669 298 dicit,
692 253 759 291 sed
778 254 826 291 ab
847 253 953 291 initio
966 254 1129 291 fortunis
1149 254 1242 291 meis
1263 253 1496 299 insidiatum,
1509 261 1662 303 praeter-

214 325 337 362 eaque
364 313 558 351 mulierem
589 314 699 365 cujus
728 315 879 352 nomine
900 328 960 352 me
981 328 1001 352 e
1021 315 1140 352 fundo
1161 315 1275 366 ejecit
1303 328 1380 353 non
1398 315 1622 353 discessisse
1642 328 1665 353 a

213 373 363 418 marito,
386 374 454 411 sed
481 376 624 412 eumin
646 375 820 413 fraudem
849 389 974 413 meam
996 375 1147 427 Aphobi
1175 389 1332 414 causam
1366 389 1481 427 agere
1513 383 1553 413 et
1580 375 1665 414 haec

206 433 355 485 judicia
374 435 513 482 subire,
533 435 632 473 adeo
653 436 803 487 magnis
824 436 943 486 signis
958 445 997 474 et
1017 436 1258 475 evidentibus
1275 437 1526 487 argumentis,
1542 444 1585 474 ut
1598 449 1666 474 vos

213 507 348 533 omnes
373 503 484 542 ‚certo
512 498 702 547 cognituri
730 498 825 542 sitis,
848 498 937 548 jure
964 497 1313 549 convenienterque
1333 511 1421 535 eum
1451 497 1525 536 hoc
1556 510 1579 535 a
1604 510 1664 535 me

205 556 353 607 judicio
373 558 559 596 accusari.
617 558 729 595 Dabo
750 566 876 596 autem
896 571 1051 608 operam
1071 565 1112 595 ut
1129 559 1219 595 inde
1238 559 1385 609 capiam
1402 556 1581 597 narrandi
1596 569 1664 595 ex-

213 617 375 663 ordium,
388 619 492 657 unde
512 632 578 656 vos
600 619 991 669 negotium'facillime
1007 619 1238 670 percipietis.

265 681 303 716 2.
334 680 522 718 Fortunas
543 692 662 725 meas,
682 679 856 725 Judices,
877 692 899 718 a
921 680 1109 725 tutoribus
1130 680 1230 718 male
1250 679 1520 725 administrari,
1537 691 1663 730 neque

209 741 325 778 istum
354 754 479 791 neque
508 741 649 779 multos
673 741 767 779 alios
788 740 1084 779 Atheniensium
1115 741 1241 787 latuit,
1263 742 1330 780 sed
1366 741 1496 780 statim
1529 740 1660 791 palam

210 801 284 839 fuit
301 801 474 852 injuriam
493 800 584 839 mihi
605 802 709 839 fieri:
739 801 838 839 adeo
871 801 1002 838 multae
1032 802 1281 839 tractationes
1312 809 1351 839 et
1380 800 1658 852 disputationes

211 875 299 900 cum
330 863 434 914 apud
467 869 669 913 praetorem
701 871 781 900 tum
814 863 919 914 apud
947 869 1107 901 caeteros
1133 863 1284 913 judices
1305 862 1448 900 fiebant
1475 862 1524 899 de
1543 863 1658 899 rebus

211 924 318 961 meis.
376 924 477 961 Nam
505 930 543 961 et
563 924 611 960 de
638 923 903 974 magnitudine
934 923 1055 960 relicti
1085 923 1176 960 mihi
1200 924 1415 974 patrimonii
1442 922 1659 966 constabat,

210 992 249 1021 et
268 990 414 1022 tutores
435 998 513 1022 non
533 984 681 1022 elocare
702 985 871 1032 domum,
893 991 937 1022 ut
964 984 1036 1034 ipsi
1060 984 1223 1034 pecunia
1243 985 1471 1029 fruerentur,
1492 995 1568 1020 non
1589 981 1658 1020 ob—

211 1058 364 1083 scurum
385 1053 478 1083 erat.
535 1047 664 1087 Quare
694 1045 913 1095 quicunque
940 1044 1006 1082 illa
1035 1051 1173 1082 norant
1199 1058 1274 1081 non
1304 1045 1548 1090 dubitabant,
1569 1042 1659 1092 quin

207 1120 296 1145 cum
315 1107 367 1145 ita
385 1107 491 1144 fieret
509 1119 596 1144 cum
611 1106 776 1158 primum
788 1107 933 1144 virilem
953 1113 1080 1156 togam
1098 1107 1363 1157 sumpsissem,
1383 1118 1518 1156 poenas
1534 1117 1657 1141 essem

207 1168 256 1205 de
288 1169 343 1206 eis
376 1175 621 1218 sumpturus:
652 1168 750 1205 inter
769 1181 868 1218 quos
889 1175 927 1205 et
946 1167 1183 1205 Timocrates
1210 1175 1249 1204 et
1277 1168 1425 1204 Onetor
1450 1167 1487 1203 in
1507 1179 1553 1203 ea
1573 1178 1661 1202 sen-

208 1229 330 1267 tentia
359 1237 544 1280 perpetuo
571 1230 738 1266 fuerunt.
810 1228 924 1272 Quod
945 1228 998 1265 ita
1017 1241 1099 1266 esse
1126 1219 1413 1266 maximo'illud
1433 1233 1660 1278 argumento

209 1299 278 1336 est,
299 1291 403 1341 quod
431 1292 503 1329 iste
522 1303 689 1329 sororem
712 1289 880 1342 Aphobo
900 1290 990 1327 dare
1012 1290 1145 1335 voluit,
1164 1303 1250 1328 cum
1278 1302 1354 1326 non
1384 1289 1498 1327 modo
1520 1294 1657 1338 suopte

210 1351 279 1389 sed
307 1360 346 1388 et
372 1364 457 1389 meo
483 1364 559 1388 non
588 1365 707 1402 parvo
737 1351 964 1402 patrimonio
995 1351 1155 1400 potitum
1174 1351 1335 1396 videret,
1364 1350 1494 1388 dotem
1525 1356 1655 1386 autem

209 1424 409 1450 numerare
435 1412 642 1462 pertimuit,
662 1418 844 1462 tanquam
865 1418 1031 1448 tutorum
1047 1423 1138 1460 opes
1160 1411 1315 1460 pupillis
1335 1410 1452 1447 veluti
1473 1409 1657 1460 oppigne-

209 1479 310 1510 ratas
339 1485 422 1510 esse
449 1472 662 1522 judicaret:
698 1486 742 1510 ac
775 1485 944 1509 sororem
970 1471 1125 1521 quidem
1159 1471 1280 1516 dedit,
1302 1470 1372 1509 sed
1392 1471 1522 1508 dotem
1542 1482 1660 1508 usura

208 1533 377 1584 quinque
395 1533 595 1572 obolorum
616 1547 656 1571 se
685 1534 718 1570 ei
748 1533 966 1570 debiturum
996 1532 1142 1583 pepigit
1170 1533 1419 1578 Timocrates,
1439 1533 1469 1569 is
1492 1532 1530 1568 in
1549 1530 1658 1582 cujus

208 1595 449 1633 matrimonio
481 1596 616 1633 mulier
644 1596 750 1646 prius
781 1595 919 1632 fuerat.
977 1593 1190 1644 Postquam
1214 1600 1342 1631 autem
1367 1606 1428 1630 me
1447 1599 1657 1630 accusante

206 1656 338 1694 tutelae
351 1656 501 1707 judicio
521 1656 802 1694 condemnatus
822 1655 893 1692 fuit
915 1655 1106 1705 Aphobus
1132 1668 1204 1693 nec
1226 1668 1312 1705 quae
1326 1655 1435 1705 justa
1453 1661 1562 1692 erant
1579 1653 1660 1690 ulla

207 1731 254 1756 ex
275 1725 383 1768 parte
410 1725 594 1769 praestare
615 1718 746 1763 voluit,
778 1717 952 1754 dirimere
972 1718 1272 1755 controversiain
1302 1717 1451 1755 Onetor
1469 1716 1569 1754 inter
1587 1728 1658 1754 nos

180 1821 186 1825 ,
210 1793 287 1817 non
306 1780 492 1818 instituit:
524 1780 592 1818 sed
613 1793 702 1818 cum
721 1779 851 1817 dotem
875 1792 952 1816 non
973 1786 1230 1825 numerasset,
1258 1791 1421 1829 eamque
1440 1778 1479 1815 in
1499 1790 1569 1815 sua
1587 1789 1657 1828 po-

205 1848 345 1879 testate
364 1841 536 1887 haberet,
556 1841 610 1879 sic
631 1848 772 1886 tamen,
789 1841 898 1891 quasi
918 1839 1117 1878 divortium
1135 1839 1292 1877 fecisset
1313 1852 1432 1884 soror,
1447 1845 1563 1888 atque
1576 1838 1658 1888 ipse

209 1903 339 1940 datam
361 1903 491 1940 dotem
510 1915 737 1952 recuperare
757 1914 832 1938 non
852 1908 995 1951 posset,
1014 1901 1085 1938 sibi
1106 1900 1291 1951 praedium
1310 1899 1405 1936 illud
1427 1899 1655 1949 oppignera-

207 1972 291 2002 tum
309 1978 393 2002 esse
413 1963 608 2009 dictitans,
637 1975 749 2000 exeo
771 1975 831 1999 me
852 1961 1004 2012 exigere
1032 1974 1108 1998 non
1137 1960 1338 1998 dubitavit.
1397 1960 1532 2010 Usque
1555 1958 1655 1997 adeo

209 2031 248 2063 et
265 2039 325 2064 me
345 2032 385 2063 et
402 2037 469 2062 vos
489 2031 528 2062 et
546 2032 722 2074 receptas
744 2023 850 2073 leges
866 2022 1110 2072 contempsit.

262 2089 298 2124 3.
330 2087 387 2124 At
405 2099 492 2136 quae
511 2084 616 2123 facta
634 2084 721 2127 sint,
741 2091 898 2135 propter
916 2096 1003 2133 quae
1022 2095 1110 2120 reus
1131 2089 1191 2120 est
1211 2090 1251 2120 et
1271 2082 1319 2119 de
1337 2081 1478 2132 quibus
1501 2087 1656 2119 senten-

208 2147 299 2185 tiam
319 2147 431 2185 laturi
449 2146 541 2184 estis
560 2145 733 2190 Judices,
747 2145 833 2182 haec
847 2152 937 2182 sunt
953 2157 961 2181 :
992 2143 1183 2181 exhibebo
1196 2149 1323 2180 autem
1338 2148 1471 2187 testes,
1492 2143 1654 2193 primum

206 2209 328 2259 ipsum
348 2208 615 2252 Timocratem,
645 2205 838 2256 pepigisse
858 2216 944 2241 eum
973 2216 1014 2241 se
1039 2203 1256 2240 debiturum
1285 2203 1414 2240 dotem
1442 2209 1482 2240 et
1501 2213 1657 2240 usuram

208 2269 309 2306 dotis
329 2280 553 2306 numerasse
570 2266 737 2317 Aphobo
752 2278 799 2302 ex
813 2264 936 2315 pactis
954 2271 993 2301 et
1004 2264 1218 2309 conventis,
1232 2263 1371 2301 deinde
1385 2264 1509 2314 ipsum
1522 2262 1655 2312 Apho-

208 2330 297 2365 bum
319 2328 533 2366 confecisse
551 2326 705 2366 tabulas
721 2326 769 2363 de
784 2337 902 2363 usura
922 2337 944 2361 a
962 2324 1178 2361 Timocrate
1198 2324 1435 2374 accipienda.
1476 2323 1581 2373 Cape
1604 2330 1656 2360 te-

209 2389 399 2428 stimonia.

757 2539 1107 2578 TESTIMONIA.

207 2637 297 2674 Jam
315 2635 478 2686 primum
498 2635 665 2673 omnium
686 2643 851 2678 constat,
872 2647 947 2671 non
967 2640 1204 2670 numeratam
1225 2647 1304 2671 esse
1322 2634 1465 2680 dotem,
1487 2647 1555 2672 nec
1569 2646 1651 2671 eam

208 2697 244 2734 in
266 2709 335 2734 sua
354 2703 542 2747 potestate
562 2696 740 2733 habuisse
763 2695 979 2746 Aphobum.

261 2759 299 2793 4.
329 2756 563 2807 lpsaautem
583 2769 644 2794 res
666 2755 839 2793 declarat
859 2755 964 2798 satis,
986 2762 1142 2804 propter
1161 2767 1206 2791 ca
1221 2767 1307 2804 quae
1322 2755 1414 2804 dixi,
1434 2768 1499 2792 eos
1515 2754 1654 2793 debere

208 2816 388 2854 maluisse
419 2817 563 2862 dotem,
595 2829 710 2867 quam
744 2816 956 2853 immiscere
987 2814 1024 2850 in
1059 2828 1137 2851 rcm
1164 2815 1386 2853 familiarem
1419 2815 1573 2866 Aphobi
1603 2814 1654 2851 sic

199 2877 518 2926 periclitaturam.
578 2878 676 2916 Nam
706 2891 776 2915 nec
801 2877 966 2928 inopiam
998 2883 1203 2925 praetexere
1235 2886 1398 2927 possunt
1429 2889 1506 2927 quo
1530 2875 1654 2913 minus
