1923 3149
640 148 862 188 CONTRA
894 149 1119 187 M1D1AM.
1537 151 1613 187 353

155 251 419 290 exsibilabatis
435 252 799 303 explodebatisque‚
821 252 920 289 adeo
934 259 977 289 ut
993 265 1079 302 quae
1099 252 1177 290 odii
1196 253 1307 303 signa
1326 260 1431 303 sunt,
1450 252 1535 290 haec
1555 253 1613 290 fa-

156 313 330 357 ciebatis,
349 313 522 363 quamvis
551 313 645 350 nihil
675 313 804 351 adhuc
833 325 854 350 e
880 325 940 350 me
970 312 1018 351 de
1050 325 1096 350 eo
1127 312 1346 351 audissetis.
1380 313 1613 365 Priusquam

156 374 271 424 igitur
299 374 445 412 factum
466 381 756 424 coargueretur,
776 373 1054 418 irascebamini,
1079 373 1211 412 laesum
1235 374 1286 411 ad
1315 374 1490 424 injuriam
1516 374 1614 413 ulci-

155 436 341 474 scendam
359 436 627 482 hortabamini,
649 435 962 488 applaudebatiS,
983 447 1071 472 cum
1096 448 1182 473 eum
1210 435 1313 485 apud
1342 435 1527 486 populum
1546 435 1615 473 de-

156 498 316 536 ferrem:
347 505 551 549 postquam
572 510 660 535 vero
679 498 880 535 convictus
900 502 972 542 est,
991 502 1032 533 et
1049 508 1236 534 consessu
1265 496 1395 546 populi
1414 497 1451 533 in
1471 496 1614 546 templo

156 560 274 606 facto,
303 559 526 610 praejudicio
555 558 774 604 damnatus,
804 564 843 595 et
871 556 947 595 alia
965 557 1102 594 nefarii
1129 557 1240 595 istius
1267 556 1440 594 facinora
1457 556 1616 607 insuper

159 621 307 658 suntin
337 620 464 657 lucem
491 619 693 670 producta,
713 625 752 656 et
770 630 838 655 vos
869 624 971 656 sorte
1001 618 1051 656 ad
1073 617 1259 669 judicium
1282 617 1374 655 estis
1400 617 1553 662 delecti,
1576 625 1614 655 et

157 681 197 718 in
219 694 335 719 manu
354 687 483 718 vestra
508 687 580 724 est,
599 686 643 717 ut
664 679 748 716 solo
777 677 959 730 suffragio
979 679 1190 717 conficiatis
1209 679 1351 725 omnia,
1370 691 1475 716 nunc
1504 678 1615 716 dubi-

157 742 286 780 tabitis
305 740 396 779 mihi
425 739 632 792 opitulari?
660 740 804 791 populo
825 739 1054 790 gratificari?
1087 748 1245 779 caeteros
1276 740 1527 778 modesfflores
1558 740 1615 778 fa-

157 802 273 841 cere?
293 809 332 840 et
358 802 399 839 id
432 801 630 852 consequi,
662 808 705 839 ut
733 802 773 839 in
800 809 1001 852 posterum
1030 801 1102 852 ipsi
1130 808 1239 839 extra
1266 814 1419 839 omnem
1455 801 1614 852 periculi

156 871 302 902 metum
316 876 449 902 secure
463 863 612 908 vivatis,
628 861 731 900 edito
746 862 785 899 in
800 863 915 901 istum
925 863 1116 913 exemplo,
1131 875 1208 913 quo
1221 862 1354 912 reliqui
1366 863 1615 901 moveantur?

156 926 291 976 Itaque
319 937 408 963 cum
430 931 586 975 propter
606 924 734 961 omnia
755 937 872 975 supra
898 924 1014 970 dicta,
1039 931 1120 961 tum
1143 936 1234 967 vero
1265 923 1428 961 maxime
1459 931 1614 974 propter

157 988 288 1038 deum,
308 987 418 1038 cujus
437 987 509 1025 iste
530 987 670 1024 festum
689 986 834 1026 nefario
849 986 993 1026 scelere
1012 986 1164 1040 polluit,
1184 993 1320 1025 sancta
1338 992 1378 1025 et
1389 986 1499 1038 justa
1526 1000 1615 1027 sen·

158 1050 280 1090 tentia
297 1049 388 1097 lata,
410 1049 524 1088 istum
543 1048 815 1087 condemnate.
