1923 3149
296 190 373 225 280
615 185 687 223 DE
718 183 870 223 MALE
898 183 1073 223 GESTA
1105 182 1426 226 LEGATIONE.

298 290 476 342 quopiam
493 288 694 326 commodo
709 288 853 327 bonum
873 289 991 326 virum
1013 294 1052 326 et
1070 287 1185 326 vestri
1216 287 1431 326 studiosum
1460 286 1662 337 praeditum
1692 285 1742 322 vi-

298 352 443 396 deritis,
470 349 728 399 congratulari
758 363 890 388 omnes
917 357 956 387 et
988 349 1162 386 excolere
1200 348 1346 386 debetis
1382 347 1436 396 (id
1468 348 1567 385 enim
1597 348 1741 385 bonum

297 414 405 452 vobis
429 412 606 449 omnibus
632 411 674 448 fit
701 412 934 458 commune),
963 411 1019 448 sin
1052 409 1245 447 hominem
1278 415 1497 460 corruptum
1531 416 1570 445 et
1602 408 1743 458 impro-

295 478 401 520 bum,
439 473 579 524 quique
616 472 718 509 omni
747 472 888 509 lucello
917 471 1094 515 vincitur,
1124 470 1343 515 excludere,
1383 478 1421 507 et
1456 470 1591 507 acerbe
1628 475 1742 518 atque

295 535 486 575 hostiliter
518 533 722 571 adversari.
780 532 1008 582 Improbitas
1038 531 1138 569 enim
1159 531 1354 568 facultatis
1374 530 1478 580 apud
1505 540 1575 567 vos
1601 529 1744 578 adepta

295 596 527 649 opinionem,
547 592 767 643 reipublicae
787 592 1002 643 perniciosa
1019 599 1089 630 est.
1145 591 1282 629 Videte
1303 591 1442 641 quibus
1471 589 1650 628 laudibus
1670 589 1743 626 iste

294 659 417 704 floret,
438 669 493 694 eae
511 654 645 692 laudes
665 653 702 690 in
733 666 819 703 quae
838 654 995 704 negotia
1012 652 1286 704 rempublicam
1305 650 1570 703 conjecerint?
1598 650 1657 687 Ac
1677 661 1743 687 ce-

295 727 387 758 terae
407 716 562 768 quidem
581 713 786 752 facultates
806 714 885 752 suis
911 714 1005 765 ipsae
1025 714 1166 751 viribus
1184 712 1383 750 nituntur:
1414 711 1483 749 sed
1510 710 1742 760 eloquentia,

296 781 328 820 si
349 780 568 818 auditorum
588 773 723 813 studiis
742 774 976 821 destituitur,
996 774 1200 812 intercidit.
1258 773 1321 811 Sic
1341 772 1456 823 igitur
1476 771 1605 810 audite
1624 771 1741 809 istum

294 849 338 880 ut
356 840 582 891 improbum,
603 843 645 875 ut
663 844 902 888 corruptum,
921 843 965 874 ut
983 836 1077 874 nihil
1097 837 1174 874 veri
1193 835 1396 874 dicturum.

348 903 414 940 97.
442 901 530 938 Jam
550 911 629 938 non
657 904 813 950 propter
845 904 973 936 cetera
1004 897 1193 935 duntaxat
1224 895 1394 946 negotia,
1415 894 1484 932 sed
1504 900 1657 945 propter
1675 893 1741 931 illa

294 967 377 1017 ipsa
391 963 518 1008 etiam,
535 974 621 1011 quae
641 972 730 998 cum
750 959 929 1011 Philippo
950 959 1058 997 vobis
1075 964 1179 1003 sunt,
1199 956 1355 995 omnino
1375 966 1462 994 esse
1482 955 1574 992 utile
1589 961 1632 992 ut
1649 967 1742 992 con-

294 1028 510 1069 demnetur,
530 1027 717 1073 spectate.
777 1020 865 1058 Sive
890 1019 990 1058 enim
1019 1018 1228 1069 aliquando
1258 1017 1297 1054 in
1327 1016 1596 1055 necessitatem
1614 1016 1744 1054 veniet

292 1084 501 1140 praestandi
521 1082 665 1133 aliquid
690 1081 907 1132 reipublicae
935 1080 1039 1131 quod
1059 1080 1188 1127 debet,
1203 1079 1368 1117 mutabit
1390 1077 1587 1129 ingenium
1621 1081 1743 1129 (nunc

294 1149 395 1188 enim
414 1145 577 1184 instituit
595 1143 783 1196 populum
802 1143 992 1194 decipere,
1013 1148 1052 1179 et
1066 1154 1211 1193 paucos
1227 1140 1366 1187 colere,
1387 1146 1428 1178 at
1447 1139 1479 1177 si
1498 1151 1565 1177 eos
1586 1139 1743 1190 periisse

292 1208 469 1253 audierit,
488 1205 632 1258 populo
651 1211 691 1243 et
707 1206 830 1251 vobis,
847 1217 965 1256 penes
985 1215 1081 1254 quos
1101 1214 1253 1241 summa
1266 1214 1393 1240 rerum
1411 1207 1482 1246 est,
1503 1207 1630 1239 cetera
1642 1213 1744 1252 prae-

292 1279 392 1311 stare
413 1270 542 1315 volet),
563 1268 620 1306 sin
640 1266 818 1312 eandem,
840 1279 918 1317 qua
935 1278 1038 1304 nunc
1056 1266 1187 1308 utitur,
1206 1264 1400 1302 licentiam
1432 1270 1469 1301 et
1488 1261 1742 1313 petulantiam

292 1332 483 1376 retinebit,
506 1342 570 1368 eos
589 1342 609 1367 e
628 1329 797 1374 civitate,
815 1328 880 1378 qui
899 1327 948 1365 ad
967 1333 1104 1365 nutum
1120 1326 1172 1363 illi
1190 1326 1313 1377 parati
1332 1331 1474 1370 essent,
1497 1324 1741 1370 sustuleritis,

291 1396 323 1435 si
342 1396 435 1433 istos
453 1390 697 1430 sustuleritis.
755 1390 797 1427 Si
812 1389 927 1434 enim,
945 1402 1033 1427 cum
1052 1393 1231 1439 putarent
1249 1400 1290 1425 se
1307 1399 1440 1437 poenas
1460 1385 1630 1430 daturos,
1650 1386 1744 1423 talia

291 1456 578 1499 commiserunt,
591 1465 673 1498 eOS,
686 1451 838 1489 sublato
852 1450 968 1489 vestri
985 1456 1104 1496 metu,
1119 1449 1212 1500 quid
1231 1449 1400 1485 facturos
1415 1445 1587 1496 putatis?
1615 1446 1742 1488 Quem

291 1513 597 1569 Euthycratem?
626 1525 742 1563 quem
760 1511 1022 1550 Lasthenem?
1050 1523 1165 1561 quem
1184 1508 1419 1560 proditorem
1438 1519 1515 1544 non
1542 1514 1744 1557 superatu-

290 1578 381 1618 ros?
414 1578 540 1620 Quem
558 1574 792 1624 reliquorum
818 1573 956 1610 civium
977 1584 1056 1610 non
1086 1569 1313 1609 deteriorem
1332 1567 1443 1607 fore?
1472 1568 1537 1619 qui
1556 1568 1686 1606 videat
1698 1569 1743 1607 iis

289 1639 356 1692 qui
373 1636 631 1676 vendiderunt
648 1633 791 1679 omnia,
812 1632 1032 1684 pecuniam,
1050 1631 1335 1676 auctoritatem,
1363 1642 1470 1680 opes,
1491 1628 1661 1680 Philippi
1672 1630 1744 1668 ho-

291 1700 445 1753 spitium
462 1702 666 1747 suppetere
681 1711 691 1732 2
709 1694 755 1732 iis
772 1700 901 1732 autem
920 1693 985 1744 qui
999 1705 1040 1731 se
1056 1693 1180 1730 bonos
1195 1691 1294 1729 viros
1308 1690 1565 1741 praebuerunt,
1584 1696 1622 1727 et
1636 1690 1744 1729 insu-

290 1775 360 1815 per
380 1760 493 1798 etiam
513 1761 687 1807 sumptus
712 1754 902 1800 fecerunt,
921 1753 1134 1797 molestias,
1155 1751 1387 1797 inimicitias,
1407 1750 1587 1789 invidiam
1610 1763 1744 1802 super-

291 1835 377 1862 esse
403 1819 509 1872 apud
529 1815 767 1856 nonnullos?
797 1815 912 1853 Absit
934 1813 1025 1861 hoc,
1049 1814 1163 1852 absit.
1205 1813 1344 1863 Neque
1377 1812 1477 1850 enim
1497 1811 1547 1849 ad
1568 1811 1742 1862 gloriam,

290 1895 416 1934 neque
436 1881 486 1918 ad
504 1879 700 1931 pietatem,
727 1889 854 1927 neque
880 1875 929 1913 ad
947 1875 1205 1921 securitatem,
1225 1885 1350 1924 neque
1371 1873 1420 1910 ad
1438 1872 1555 1910 ullam
1574 1872 1742 1923 denique

291 1957 372 1984 rem
391 1942 506 1981 aliam
525 1939 634 1979 vobis
648 1938 822 1990 prodest,
837 1937 954 1974 istum
974 1942 1019 1974 ut
1034 1935 1266 1974 absolvatis:
1303 1934 1372 1973 sed
1387 1940 1430 1971 ut
1449 1933 1590 1972 eumin
1610 1946 1741 1973 exem-

291 2007 398 2059 plum
417 2002 589 2042 omnium
609 2006 648 2040 et
661 1999 802 2039 civium
823 2005 864 2037 et
883 1997 1044 2038 aliorum
1065 1997 1291 2036 Graecorum
1309 1995 1491 2047 puniatis.
