1923 3149
225 136 302 174 460
557 137 778 175 CONTRA
810 134 1275 175 ARISTOGITONEM
1307 135 1336 172 Ι.

794 314 1110 353 DECRETUM.

288 408 348 444 14.
380 407 432 444 Et
450 419 526 445 non
545 406 700 458 pudeat,
720 407 988 454 Athenienses,
1007 420 1094 444 cum
1122 405 1295 444 homines
1321 411 1475 456 propter
1497 404 1675 454 improbi-

231 475 350 507 tatem
371 477 409 507 et
428 469 640 507 foedissima
654 469 824 507 facinora
838 469 1001 519 conjecti
1021 469 1058 506 in
1077 474 1403 512 carcerem‚tant0
1424 467 1534 503 istum
1553 479 1591 502 se
1607 467 1678 502 im-

232 530 447 580 probiorem
466 542 554 568 esse
583 529 773 573 duxerint,
795 536 837 567 ut
857 542 957 580 aqua
975 536 1014 566 et
1042 529 1120 579 igni
1147 527 1427 570 interdixerint,
1455 526 1484 563 si
1516 538 1581 563 vos
1611 538 1677 562 ex-

231 590 388 641 pulsum
407 603 494 628 eum
514 590 664 640 legibus
693 603 740 627 ex
761 590 959 640 republica
986 589 1024 626 in
1044 596 1215 626 vestrum
1236 599 1437 624 numerum
1463 584 1680 636 recipietis?
1715 617 1718 619 ,

233 650 350 692 Quod
366 651 448 702 ejus
468 651 632 697 facinus,
651 662 765 700 quarn
780 650 868 687 vitae
887 650 1072 688 rationem
1086 648 1319 688 laudabitis?
1350 649 1430 686 Aut
1441 646 1532 698 quid
1552 648 1680 698 potius

235 711 406 749 omnium
435 723 512 748 non
540 723 642 761 aegre
676 710 832 748 feretis?
874 711 1014 749 Nonne
1043 712 1180 762 impius
1211 709 1295 748 est?
1326 711 1464 747 Nonne
1493 708 1681 746 crudelis?

236 771 380 809 Nonne
401 770 599 822 impurus?
629 770 770 808 Nonne
797 770 1081 809 calumniator?
1110 771 1160 808 Et
1186 779 1315 809 tamen
1338 770 1426 816 talis
1446 783 1534 807 cum
1561 770 1623 814 sit,
1644 775 1683 806 et

235 831 538 882 talia—designet,
558 832 595 869 in
624 832 804 869 omnibus
822 845 970 883 semper
991 832 1241 870 concionibus
1261 832 1446 876 clamitat,
1477 843 1549 880 ego
1578 830 1683 867 solus

237 891 365 930 adhuc
397 892 504 930 vobis
541 893 640 930 bene
668 893 802 943 cupio:
833 906 964 931 omnes
992 893 1055 930 isti
1081 893 1372 944 conspirarunt:
1402 891 1540 942 proditi
1568 892 1684 929 estis:

237 952 323 990 sola
340 965 425 990 mea
438 953 707 992 benevolentia
726 961 784 992 est
805 953 964 1004 reliqua.
1001 953 1196 1004 Inquiram
1213 960 1340 990 autem
1361 953 1399 989 in
1420 952 1686 989 vehementem

238 1011 353 1050 istam
383 1012 466 1063 ejus
487 1019 526 1050 et
543 1013 738 1064 ingentem
762 1013 1084 1059 benevolentiam,
1104 1014 1206 1051 unde
1227 1027 1272 1051 ea
1291 1016 1354 1059 sit,
1373 1019 1413 1051 et
1426 1012 1529 1049 unde
1557 1024 1689 1050 revera

240 1080 364 1111 ortum
385 1073 549 1120 duxerit,
569 1081 612 1111 ut
631 1074 661 1112 si
682 1081 741 1112 est
761 1075 862 1121 talis,
889 1088 936 1113 ea
960 1075 1119 1112 utamini
1146 1081 1186 1112 et
1214 1074 1300 1112 freti
1320 1074 1428 1111 sitis:
1459 1074 1515 1111 sin
1549 1073 1687 1119 minus,

222 1127 295 1171 *uti
316 1135 499 1173 caveatis.
529 1134 715 1184 Nunquid
735 1135 837 1180 inde,
858 1135 963 1184 quod
982 1141 1130 1184 patrem
1149 1135 1232 1185 ejus
1252 1135 1385 1185 capitis
1406 1134 1629 1177 damnastis,
1651 1141 1691 1172 et

239 1202 399 1232 matrem
428 1195 510 1246 ejus
531 1195 742 1232 convictam
763 1195 926 1232 desertae
947 1195 1135 1232 clientelae
1165 1195 1403 1239 vendidistis,
1434 1203 1588 1245 propter
1606 1194 1690 1232 haec

241 1268 329 1293 eum
351 1256 457 1293 vobis
489 1257 586 1293 bene
614 1255 711 1293 velle
740 1254 988 1293 existimatis?
1018 1255 1071 1292 At
1099 1255 1186 1302 hoc,
1216 1256 1270 1293 ita
1298 1268 1357 1293 me
1386 1255 1537 1305 Jupiter
1563 1255 1692 1306 diique

242 1328 377 1353 omnes
397 1323 538 1360 ament,
559 1316 770 1353 absurdum
791 1323 861 1353 est.
904 1316 1003 1353 Nam
1024 1316 1056 1352 si
1075 1315 1147 1352 illis
1167 1317 1264 1353 bene
1284 1316 1401 1366 cupit,
1421 1323 1460 1352 et
1477 1314 1603 1365 legem
1623 1329 1692 1353 na-

247 1383 341 1414 turae
361 1385 502 1422 tuetur,
525 1390 611 1426 quae
631 1390 708 1414 una
726 1383 762 1414 et
779 1377 999 1414 hominibus
1020 1384 1058 1414 et
1077 1377 1165 1414 feris
1187 1390 1233 1414 ex
1257 1390 1370 1425 aequo
1390 1383 1449 1414 est
1467 1377 1628 1421 sancita,
1650 1384 1693 1414 ut

245 1444 421 1488 parentes
436 1437 613 1487 diligant,
626 1437 726 1475 male
742 1438 824 1475 vult
838 1438 897 1483 iis,
916 1437 979 1487 qui
998 1437 1082 1475 illos
1102 1445 1359 1488 peremerunt.
1393 1438 1564 1488 Apparet
1578 1437 1691 1488 igitur

245 1498 382 1536 eodem
403 1511 488 1535 esse
505 1498 632 1535 animo
653 1497 748 1535 etin
775 1498 895 1548 leges,
916 1505 956 1535 et
974 1498 1011 1535 in
1027 1498 1299 1549 rempublicam
1323 1497 1499 1536 illorum:
1530 1498 1588 1535 sin
1608 1499 1695 1536 nul-

244 1560 322 1596 lam
343 1559 479 1596 horum
498 1560 686 1596 rationem
705 1558 824 1604 ducit,
855 1572 1039 1609 perquam
1064 1560 1163 1597 scire
1183 1559 1308 1605 velim,
1337 1559 1422 1610 quis
1447 1572 1548 1606 eum,
1578 1573 1694 1611 quem

244 1619 551 1658 benevolentiam
574 1621 611 1657 in
632 1626 809 1670 parentes
830 1620 1019 1671 abjecisse
1038 1620 1198 1666 videret,
1220 1634 1266 1658 ea
1284 1633 1369 1658 esse
1383 1620 1598 1670 praeditum,
1617 1635 1696 1671 qua

247 1694 289 1718 se
322 1681 506 1731 populum
528 1693 632 1718 nunc
652 1680 979 1730 prosequijactat,
1000 1681 1185 1718 crederet.
1234 1681 1421 1731 Equidem
1449 1681 1591 1719 adduci
1617 1695 1694 1719 non

246 1754 419 1793 possum,
435 1748 474 1779 et
492 1741 564 1778 diis
583 1741 746 1779 invisum
767 1754 844 1778 non
863 1741 979 1778 modo
995 1742 1227 1786 horninibus,
1248 1755 1334 1779 eum
1349 1755 1433 1779 esse
1452 1749 1557 1792 puto,
1578 1755 1600 1780 a
1618 1756 1695 1793 quo

246 1809 424 1854 parentes
445 1802 705 1852 negligantur.
754 1802 805 1840 At
823 1801 979 1840 hercule
1000 1804 1104 1853 quod
1137 1803 1218 1850 ejus
1240 1803 1452 1840 delationes
1471 1803 1697 1850 damnastis,

249 1863 352 1914 quod
373 1863 430 1900 bis
460 1863 497 1900 in
526 1876 718 1901 carcerem
745 1863 979 1914 conjecistis‚
999 1870 1037 1900 et
1061 1864 1202 1913 ipsum,
1234 1870 1273 1900 et
1295 1863 1462 1908 fratrem,
1492 1871 1697 1913 propterea

248 1924 358 1962 vobis
373 1924 472 1960 bene
492 1923 625 1973 cupit?
656 1923 733 1960 Sed
754 1929 794 1960 et
810 1923 883 1960 hoc
898 1923 1107 1960 absurdum
1127 1931 1198 1961 est.
1228 1923 1289 1960 An
1311 1923 1414 1973 quod
1434 1923 1698 1973 mag-istratum

250 1986 315 2036 qui
337 1985 369 2022 ei
391 1992 491 2022 sorte
507 1985 727 2029 obvenerat,
744 1984 955 2033 abrogastis
970 1983 984 2019 ἲ
1015 1985 1080 2020 An
1095 1985 1197 2034 quod
1214 1984 1440 2021 violatarum
1458 1984 1587 2034 legum
1604 1997 1699 2023 con-

251 2044 488 2083 demnastis?
518 2045 577 2080 An
598 2044 702 2094 quod
722 2045 890 2093 quinque
910 2044 1064 2081 talentis
1083 2044 1326 2081 mulctastis?
1357 2046 1422 2081 An
1443 2045 1547 2095 quod
1571 2045 1700 2096 digitis

251 2120 340 2144 eum
359 2105 594 2150 monstratis,
615 2118 702 2141 cum
729 2111 940 2141 monstrare
970 2105 1083 2142 vultis
1113 2105 1284 2142 omnium
1313 2105 1532 2143 mortalium
1559 2106 1701 2158 impro-

250 2167 480 2205 bissimum?
513 2167 573 2203 An
594 2166 697 2215 quod
717 2165 830 2203 salvis
858 2165 1022 2215 legibus,
1051 2173 1090 2204 et
1109 2167 1306 2217 republica
1333 2166 1526 2212 incolumi,
1547 2167 1619 2207 hac
1644 2170 1702 2221 ig-

252 2228 421 2265 nominia
451 2226 601 2265 liberari
625 2226 730 2263 nullo
757 2226 870 2263 modo
891 2226 1047 2277 potest?
1087 2228 1166 2264 Cur
1195 2227 1350 2265 tandem
1370 2227 1476 2264 vobis
1505 2228 1575 2266 iste
1603 2230 1702 2268 bene

254 2288 386 2339 cupit?
418 2287 533 2331 Quod
553 2300 593 2325 se
614 2287 877 2338 impudentem
909 2300 994 2325 esse
1016 2287 1180 2325 fatetur?
1210 2289 1263 2326 At
1281 2286 1482 2338 impudens
1501 2301 1547 2326 ex
1569 2302 1644 2339 qua
1662 2304 1702 2329 re

255 2350 330 2387 alia
360 2363 499 2387 nomen
519 2356 579 2387 est
599 2349 766 2394 sortitus,
795 2348 866 2386 nisi
894 2349 1013 2399 quod,
1043 2363 1129 2400 quae
1157 2362 1282 2400 neque
1311 2356 1414 2394 sunt,
1443 2362 1568 2399 neque
1600 2352 1704 2391 sacta

255 2418 359 2456 sunt,
373 2424 419 2449 ea
438 2411 564 2448 dicere
583 2411 710 2456 audet,
731 2418 885 2461 propter
905 2410 1195 2461 impudentiam,
1219 2411 1255 2447 id
1271 2410 1373 2460 quod
1388 2411 1459 2448 iste
1480 2411 1598 2449 facit?

316 2474 375 2509 15.
405 2472 492 2509 Jaxn
514 2484 600 2521 quae
621 2471 660 2508 in
679 2471 927 2509 accusatione
948 2471 1037 2508 mihi
1058 2472 1343 2521 praetermittere
1363 2471 1468 2509 visus
1483 2479 1543 2509 est
1563 2472 1706 2524 Lycur-

258 2547 342 2584 gus,
363 2546 408 2570 ea
427 2532 534 2570 vobis
555 2538 712 2582 praestat
744 2545 947 2582 exponere.
990 2533 1163 2570 Arbitror
1188 2532 1287 2570 enim
1317 2539 1490 2582 oportere
1518 2545 1599 2579 vos,
1619 2542 1705 2572 tan-

259 2607 373 2644 quam
393 2594 423 2631 si
445 2593 491 2630 de
512 2593 657 2643 privato
678 2593 805 2643 aliquo
827 2593 956 2630 debito
974 2600 1101 2630 vestro
1133 2600 1324 2643 ageretur,
1351 2593 1406 2630 sic
1433 2593 1471 2630 in
1503 2593 1617 2631 istum
1648 2595 1706 2632 in·-

257 2655 418 2705 quirere,
439 2654 533 2691 etin
555 2665 682 2691 causae
709 2653 823 2703 hujus
843 2655 1077 2704 aequitatem.
1109 2654 1149 2690 Si
1171 2654 1254 2703 quis
1276 2654 1390 2704 igitur
1413 2654 1614 2704 pecuniam
1636 2656 1703 2693 de-

258 2718 347 2754 bere
368 2716 532 2765 aliquem
554 2715 828 2758 criminaretur,
852 2714 881 2751 is
912 2727 1000 2753 vero
1022 2722 1190 2765 negaret,
1222 2716 1252 2752 si
1273 2715 1530 2766 proferrentur
1549 2717 1704 2763 tabulae,

262 2776 473 2814 secundum
495 2789 590 2826 quas
612 2782 807 2813 mutuatus
827 2783 943 2821 esset,
964 2783 1001 2813 et
1021 2776 1125 2813 affixi
1145 2783 1271 2814 essent
1290 2776 1421 2822 libelli,
1441 2790 1527 2815 eum
1546 2779 1611 2827 qui
1639 2768 1716 2815 ne-⁸

263 2845 382 2888 garet,
403 2837 531 2887 utique
561 2837 819 2888 impudentem
840 2837 1046 2887 putaretis:
1077 2839 1132 2875 sin
1160 2838 1242 2876 haec
1273 2837 1424 2876 sublata
1451 2846 1589 2883 essent,
1619 2853 1706 2877 eum
