1923 3149
581 149 867 187 ADVERSUS
902 148 1206 188 LEPTINEM.
1547 152 1620 189 303

583 336 1193 377 SENATUSCONSULTUM.

165 431 298 471 Fuisse
330 432 445 483 igitur
476 433 661 484 majorum
688 446 842 484 quoque
872 438 1088 470 nostrorum
1119 431 1251 477 moris,
1285 432 1551 481 Athenienses,
1579 443 1622 473 ut

162 495 285 533 bonos
299 494 546 541 honorarent,
565 495 638 532 hoc
651 494 1027 532 senatusconsultum
1050 492 1219 530 indicat:
1240 491 1271 530 si
1291 506 1379 530 vero
1395 507 1471 532 non
1486 495 1621 533 iisdem

163 557 278 595 rebus
298 558 437 608 quibus
457 571 527 595 nos
548 569 666 603 nunc,
688 555 726 592 id
748 556 831 606 jam
851 555 956 593 aliud
976 555 1159 606 quiddam
1181 562 1253 594 est.
1284 555 1401 597 Quod
1431 556 1461 593 si
1481 570 1622 596 conce-

163 617 341 657 deremus
361 632 488 669 neque
507 617 756 669 Lysimacho,
775 630 900 667 neque
920 617 1100 667 cuiquam
1128 616 1252 661 alteri,
1274 617 1480 667 quicquam
1503 631 1525 656 a
1541 632 1622 657 ma-

156 680 304 731 joribus
341 681 481 719 nostris
521 680 642 717 suisse
672 692 916 725 concessum,
946 686 1201 730 proptereane
1227 681 1378 731 justum
1411 687 1526 725 esset,
1555 694 1622 719 eos

162 742 300 792 quibus
320 755 389 779 nos
409 742 552 793 aliquid
579 754 681 780 nunc
704 741 895 786 dedimus,
926 754 973 780 eo
1006 740 1190 791 spoliari?
1218 741 1304 779 Nec
1331 741 1432 778 enim
1461 742 1526 791 qui
1547 756 1623 780 non

162 803 365 850 dederunt,
383 805 487 855 quod
506 804 631 842 visum
646 803 701 842 eis
717 816 794 841 non
815 810 888 850 est,
904 802 1112 841 accusandi
1134 809 1222 841 sunt
1238 817 1247 841 :
1278 803 1345 840 sed
1360 802 1413 850 hi,
1435 803 1499 853 qui
1518 804 1623 854 quod

163 872 277 904 antea
297 866 499 912 dederant,
527 866 666 905 deinde
687 866 886 914 sinejusta
904 879 1022 904 causa
1040 879 1172 903 rursus
1201 866 1433 916 eripuerunt.
1477 866 1516 903 Si
1537 867 1623 916 quis

163 928 263 965 enim
283 929 547 967 demonstrare
566 936 706 980 potest,
729 929 844 966 etiam
864 928 951 966 illos
971 928 1116 979 aliquid
1136 928 1242 979 quod
1261 928 1446 965 dederant
1465 929 1531 966 ulli
1551 930 1625 967 eri-

161 990 302 1041 puisse,
337 1004 415 1029 non
445 992 557 1029 obsto
586 1004 662 1040 quo
694 990 820 1028 minus
841 991 954 1028 etiarn
988 1003 1059 1028 nos
1089 990 1127 1027 id
1157 989 1378 1041 exemplum
1407 990 1623 1035 imitemur;

162 1064 386 1102 quanquam
416 1053 455 1091 id
474 1065 585 1104 aeque
613 1052 858 1090 inhonestum
881 1058 1004 1090 esset:
1036 1051 1067 1089 si
1101 1065 1189 1090 vero
1219 1065 1332 1089 nemo
1358 1058 1417 1089 est
1449 1052 1513 1102 qui
1546 1053 1624 1090 ullo

162 1119 335 1165 tempore
356 1116 499 1153 factum
519 1115 559 1151 id
581 1127 666 1152 esse
687 1114 953 1152 demonstrare
973 1112 1111 1164 possit,
1133 1126 1200 1151 cur
1221 1125 1290 1150 nos
1311 1113 1421 1163 primi
1444 1113 1531 1152 talis
1553 1127 1621 1152 ex-

162 1176 279 1226 empli
294 1184 471 1214 auctores
493 1176 632 1214 erimus
649 1175 664 1212 ?

216 1239 282 1275 25.
314 1237 416 1274 Illud
448 1244 591 1282 autem,
624 1235 895 1280 Athenienses,
915 1249 1070 1286 quoque
1099 1236 1424 1273 considerandum
1446 1244 1504 1274 est
1528 1239 1625 1277 etin

161 1306 374 1350 conspectu
394 1298 628 1343 habendum,
649 1297 753 1348 quod
766 1297 885 1348 jurati
906 1297 956 1334 ad
970 1297 1161 1348 judicium
1180 1297 1353 1343 venistis,
1375 1311 1452 1335 non
1472 1299 1624 1349 legibus

160 1360 554 1408 Lacedaemoniorum,
572 1366 638 1397 aut
652 1359 939 1404 Thebanorum,
954 1371 1080 1409 neque
1095 1358 1140 1396 iis
1157 1372 1242 1408 quae
1259 1359 1348 1396 olim
1362 1360 1465 1410 apud
1480 1361 1623 1411 primos

160 1426 323 1472 majores
356 1429 508 1461 nostros
536 1423 575 1460 in
595 1435 668 1460 usu
695 1421 865 1466 fuerunt,
887 1420 957 1458 sed
986 1420 1030 1458 iis
1067 1420 1205 1472 quibus
1235 1421 1302 1467 illi,
1328 1434 1424 1471 quos
1445 1422 1516 1460 iste
1536 1423 1623 1474 lege

161 1497 233 1523 sua
252 1485 416 1536 spoliare
436 1491 611 1531 conatur,
630 1483 734 1521 dona
761 1483 959 1520 consecuti
979 1490 1092 1525 sunt3
1123 1489 1162 1520 et
1182 1495 1342 1533 quarum
1361 1496 1488 1521 rerum
1515 1484 1622 1536 leges

161 1545 279 1584 nullae
296 1553 396 1592 sunt,
414 1546 461 1583 de
476 1546 520 1583 iis
535 1552 578 1583 ut
590 1558 637 1582 ex
651 1557 762 1595 aequo
782 1550 821 1581 et
834 1545 937 1582 bono
954 1557 1068 1594 quam
1088 1544 1285 1582 verissime
1306 1545 1622 1597 sanctissimeque

159 1607 240 1646 fieri
258 1615 388 1659 potest
401 1607 596 1658 judicetis.
628 1606 772 1643 Recte!
804 1605 986 1644 Conferte
1002 1606 1115 1656 igitur
1134 1618 1285 1655 aequum
1306 1612 1345 1642 et
1364 1607 1509 1644 bonum
1534 1621 1623 1646 cum

160 1669 336 1708 universa
362 1669 470 1720 lege!
514 1669 634 1706 Estne
660 1681 829 1718 aequum,
862 1667 1134 1712 Athenienses,
1159 1667 1346 1706 honorem
1378 1670 1624 1709 benemeritis

159 1731 322 1770 haberi?
354 1731 546 1782 AEquum!
578 1730 683 1774 Quid
705 1729 854 1780 porro?
885 1736 995 1767 estne
1015 1743 1184 1780 aequum,
1210 1736 1253 1767 ut
1278 1744 1365 1780 quae
1390 1732 1508 1769 semel
1538 1733 1623 1782 quis

161 1793 325 1840 dederit,
339 1793 483 1831 habere
503 1793 631 1831 sinat?
663 1793 845 1842 AEquum.
888 1793 968 1830 Vos
989 1793 1106 1843 igitur
1134 1800 1216 1830 tum
1235 1793 1308 1843 ipsi
1326 1793 1410 1831 haec
1431 1794 1558 1841 facite,
1580 1804 1624 1835 ut

151 1855 403 1907 jurisjurandi
426 1855 650 1905 religionem
685 1854 867 1893 servetis:
901 1861 981 1891 tum
1012 1854 1066 1892 eis
1095 1854 1160 1905 qui
1187 1858 1350 1903 majores
1371 1856 1454 1894 haec
1483 1857 1622 1897 fecisse

158 1924 317 1968 negant,
356 1923 582 1954 succensete
599 1930 608 1954 :
646 1923 728 1953 tum
760 1916 855 1954 istos
888 1916 952 1966 qui
981 1916 1076 1953 talia
1092 1917 1281 1968 ,exempla
1312 1924 1528 1963 recensent,
1557 1933 1623 1958 eos

158 1979 310 2030 magnis
329 1978 527 2016 beneficiis
548 1977 707 2016 affectos
723 1978 866 2015 nemini
886 1978 1070 2015 honorem
1091 1978 1290 2023 habuisse,
1312 1985 1352 2016 et
1369 1979 1563 2030 improbos
1584 1989 1625 2020 et

157 2040 366 2078 inurbanos
386 2052 473 2077 esse
492 2039 750 2080 arbitramini3
782 2038 989 2088 improbos,
1005 2039 1111 2088 quod
1129 2039 1338 2090 majoribus
1358 2041 1493 2092 vestris
1522 2043 1622 2083 falso

157 2102 301 2141 crimen
319 2098 607 2151 ingratitudinis
623 2098 864 2149 impingunt3
894 2100 1119 2145 inurbanos,
1139 2101 1245 2151 quod
1261 2102 1294 2139 si
1310 2103 1474 2140 maxime
1488 2117 1623 2143 verum

156 2163 195 2202 id
215 2169 333 2209 esset,
355 2160 489 2212 negari
507 2159 636 2211 potius
656 2159 697 2197 id
717 2160 765 2197 ab
784 2159 843 2206 iis,
865 2173 982 2212 quam
998 2161 1303 2208 commemorari,
1320 2163 1436 2200 officii
1456 2163 1607 2204 fuisset.

211 2225 276 2262 26.
306 2223 481 2261 Arbitror
504 2228 635 2260 autem
662 2221 779 2260 etiam
799 2221 875 2260 hoc
895 2221 1097 2272 Leptinem
1117 2221 1326 2270 dicturum,
1347 2224 1432 2274 lege
1453 2238 1525 2264 sua
1549 2240 1622 2266 nec

155 2286 344 2338 imagines
363 2298 437 2324 nec
454 2284 599 2323 victum
619 2284 659 2322 in
688 2284 795 2322 curia
823 2284 915 2336 eripi
944 2285 998 2322 eis
1020 2286 1085 2336 qui
1118 2287 1350 2337 acceperint,
1380 2301 1453 2326 nec
1481 2289 1623 2331 civitati

156 2348 381 2387 facultatem
400 2347 518 2387 adimi
540 2346 755 2385 honorandi
788 2360 855 2385 eos
874 2359 973 2398 quos
995 2347 1133 2398 dignos
1154 2349 1373 2388 censuerit:
1404 2350 1475 2388 sed
1502 2351 1622 2392 licere

156 2419 197 2450 et
213 2423 334 2449 aereas
364 2416 512 2448 statuas
533 2408 702 2455 decerni,
730 2414 770 2446 et
789 2409 932 2447 victum
952 2409 992 2447 in
1012 2409 1130 2456 curia,
1155 2416 1195 2448 et
1221 2409 1406 2462 quicquid
1433 2420 1622 2464 praeterea

155 2472 367 2519 volueritis,
379 2472 454 2510 hoc
467 2484 546 2510 uno
566 2470 759 2510 duntaxat
776 2479 952 2522 excepto.
983 2471 1069 2522 Ego
1087 2484 1193 2519 vero,
1211 2473 1319 2523 quod
1334 2473 1386 2512 ad
1405 2487 1451 2513 ea
1470 2476 1622 2525 attinet,

155 2547 242 2586 quae
273 2533 419 2572 civitati
445 2546 488 2572 se
513 2532 732 2584 relinquere
765 2532 872 2579 dicit,
893 2539 1043 2572 tantum
1071 2534 1315 2585 respondeo:
1344 2535 1377 2574 si
1397 2537 1492 2587 quid
1516 2538 1621 2588 prius

156 2596 293 2635 datum
313 2596 494 2647 cuiquam
511 2595 738 2646 eripueritis,
757 2595 947 2645 efficietis,
960 2609 1008 2634 ne
1027 2596 1231 2648 quisquam
1249 2598 1366 2636 etiam
1386 2598 1436 2638 de
1454 2599 1542 2637 ullis
1560 2612 1622 2637 re-

155 2659 272 2711 liquis
302 2657 577 2697 donationibus
597 2670 757 2697 securus
776 2671 864 2697 esse
883 2659 1020 2710 possit.
1068 2657 1171 2697 Nam
1203 2673 1291 2711 quae
1324 2659 1445 2711 major
1475 2660 1621 2699 fiducia

155 2735 243 2761 esse
262 2721 380 2761 debet
399 2720 448 2758 de
467 2720 648 2771 imagine,
668 2721 717 2759 de
735 2721 855 2768 victu,
887 2734 1006 2771 quam
1025 2720 1075 2759 de
1104 2721 1359 2768 immunitate,
1381 2734 1496 2772 quam
1516 2722 1620 2773 prius

156 2783 288 2822 datam
307 2781 542 2834 quibusdam
557 2781 796 2832 eripueritis?
823 2783 942 2826 Quod
963 2782 994 2821 si
1013 2782 1109 2820 nihil
1128 2797 1175 2822 ea
1193 2784 1233 2821 in
1251 2796 1292 2821 re
1311 2782 1543 2821 incommodi
1559 2783 1619 2822 in-

157 2853 271 2892 esset,
285 2851 414 2883 tamen
428 2857 476 2882 ne
495 2842 595 2881 illud
613 2841 770 2894 quidem
789 2845 1008 2883 consultum
1027 2844 1119 2882 mihi
1139 2844 1344 2890 videretur,
1365 2857 1452 2882 eam
1477 2844 1621 2886 civitati

158 2912 306 2945 nostrae
322 2906 594 2945 necessitatem
608 2905 768 2956 imponi,
788 2919 867 2957 qua
883 2906 947 2946 vel
977 2906 1136 2945 minima
1161 2905 1352 2945 beneficia
1363 2919 1521 2958 aequare
1535 2921 1616 2948 ma-
