1923 3149
268 102 339 138 162
780 92 1194 133 ARGUMENTUM.

264 210 332 232 eum
344 199 456 230 Orator
470 203 589 229 creatus
604 204 698 234 esset,
713 207 771 229 non
787 203 820 228 nt
835 197 936 228 caeteri
952 195 1194 236 procurationem
1210 197 1321 223 tantum
1338 192 1452 232 negotii
1469 189 1578 226 obivit,
1592 197 1697 219 verum

265 256 296 281 et
310 261 385 290 opus
400 249 522 290 egregie
536 249 659 289 quidem
674 248 814 288 perfecit,
824 247 1044 288 pecuniamque
1066 246 1105 275 de
1120 255 1174 275 suo
1188 243 1363 284 reipublicae
1379 242 1503 284 largitus
1517 246 1575 271 est.
1621 240 1700 269 Lau-

266 300 352 330 davit
362 301 437 330 hano
451 302 517 340 ejus
529 299 768 330 benevolentiam
790 303 922 334 senatus,
936 302 967 328 et
991 296 1124 326 studium
1142 296 1173 325 in
1196 304 1291 333 remp.
1313 297 1520 324 remuneratus
1538 296 1588 322 est
1609 299 1700 320 aurea

266 362 392 384 corona:
417 353 550 394 prompti
567 353 645 384 enirn
660 352 858 383 Athenienses
876 352 913 382 ad
932 350 1057 391 gratiam
1071 351 1146 380 bene
1163 347 1345 379 merentibus
1361 347 1555 376 referendam.
1601 343 1699 374 ctesi-

266 404 348 443 phon
362 409 460 435 autem
473 410 547 441 crat,
560 404 612 444 qui
633 404 813 434 sententiam
829 403 919 438 dixit,
943 404 986 433 Ut
1008 411 1118 431 corona
1140 401 1302 430 donaretur
1329 397 1549 427 Demosthenes
1564 400 1700 434 tempore

267 454 521 491 Bacchanalibus,
535 456 603 486 loco
620 455 733 485 Bacchi
750 455 877 489 theatro,
900 452 1120 492 spectatoribus
1145 450 1281 480 omnibus
1307 447 1435 484 Graecis,
1449 457 1523 486 quos
1543 445 1703 476 celebritas

267 510 426 545 coegerat3
451 511 543 545 utque
568 516 668 535 coram
692 505 761 534 istis
787 514 888 544 praeco
914 503 1106 543 praedicaret,
1132 501 1365 532 Demosthenem
1383 496 1597 528 Demosthenis
1609 495 1703 525 filium

266 556 476 587 Paeaniensem
492 557 644 587 civitatem
660 565 770 586 corona
795 556 905 585 donare
932 555 1080 585 nniversae
1097 552 1216 584 virtutis
1232 562 1303 591 ergo
1316 552 1441 590 ejusque
1456 558 1528 587 erga
1542 547 1639 587 ipsam
1651 547 1706 576 be-

266 607 458 638 nevolentiae.
502 607 577 637 Erat
591 607 685 646 igitur
697 606 794 636 honos
810 606 1007 645 undecunque
1021 604 1206 634 admirabilis
1220 614 1226 631 ε
1251 603 1353 641 itaque
1370 606 1399 631 et
1413 600 1494 630 livor
1509 599 1607 638 ipsum
1625 607 1706 626 arro-

268 657 318 694 sit,
335 664 366 688 et
380 662 484 688 contra
498 658 557 687 hoc
573 657 682 686 scitum
697 655 776 686 actio
795 657 857 685 lata
879 661 925 686 est
939 657 977 686 de
992 657 1116 686 decreto
1132 654 1251 694 legibus
1267 653 1407 682 adverso.
1451 648 1611 680 AEschines
1626 646 1705 677 enirn

269 708 486 738 Demosthenis
501 707 638 737 inimicus
654 706 847 746 ctesiphonti
863 707 901 736 de
917 707 1040 736 decreto
1057 711 1160 736 contra
1182 705 1267 744 leges
1287 703 1400 742 scripto
1422 702 1504 731 diem
1525 700 1617 736 dixit,
1638 708 1707 728 cum

269 758 503 789 Demosthenem
525 757 684 787 affirmaret
699 757 911 795 Magistratum
926 768 992 788 esse
1008 762 1039 787 et
1053 758 1184 786 nondum
1200 755 1304 786 relatis
1319 753 1487 784 rationibus
1510 752 1619 782 iisdem
1640 760 1707 780 esse

269 807 445 844 obnoxium,
457 807 557 847 legem
573 812 672 837 autern
689 811 791 837 vetare
807 811 841 836 ut
863 807 986 836 obnoxii
1011 811 1203 842 coronentur,
1223 806 1371 844 aliamque
1383 805 1507 844 insuper
1523 803 1622 842 legem
1637 810 1708 841 pro-

266 859 366 889 ferens
381 868 448 898 qnae
459 859 561 898 jubet,
577 857 601 888 si
615 868 705 897 quem
716 857 848 897 populus
864 857 1058 887 Atheniensis
1081 864 1218 893 coronet,
1234 857 1264 887 in
1280 856 1425 886 concione
1443 864 1583 885 coronam
1600 851 1710 894 praedi-

266 908 341 945 cari,
356 909 402 939 sin
419 914 551 945 senatus,
574 908 605 938 in
631 908 726 944 curia,
749 907 821 937 alibi
843 913 943 937 autem
958 917 1020 938 non
1035 908 1138 938 licere.
1182 909 1341 937 Postremo
1357 906 1398 936 ait
1413 906 1503 935 salsas
1518 915 1585 935 esse
1600 904 1707 934 laudes

266 969 335 1000 quae
353 959 550 990 Demostheni
576 958 769 988 tribuuntur:
795 968 852 987 non
870 958 948 987 enim
972 958 1047 987 bene
1073 957 1300 987 administrasse
1316 967 1412 995 remp.
1430 959 1590 989 oratorem,
1607 954 1660 984 sed
1676 959 1708 983 et

267 1011 442 1041 muneribus
457 1020 526 1039 esse
541 1013 727 1048 corruptum,
744 1013 775 1038 et
788 1008 950 1038 multorum
966 1007 1111 1037 malorum
1131 1012 1284 1038 auctorem
1309 1007 1464 1037 exstitisse
1479 1004 1610 1035 civitati.
1652 1004 1708 1035 At-

267 1070 327 1100 que
349 1061 407 1090 hoc
429 1061 460 1090 in
483 1059 674 1090 accusatione
688 1069 743 1089 sua
758 1059 864 1089 ordine
882 1068 954 1088 usus
969 1063 1017 1089 est
1032 1058 1204 1093 AEschines,
1226 1063 1260 1088 nt
1283 1058 1410 1098 primum
1431 1058 1471 1087 de
1496 1057 1711 1091 obnoxiorum,

268 1111 378 1140 deinde
393 1111 432 1141 de
446 1110 667 1151 praeconiornm
679 1110 758 1150 lege,
767 1109 858 1140 tertio
869 1109 998 1144 loco‚de
1013 1109 1271 1140 administratione
1285 1108 1463 1148 reipublicae
1478 1108 1612 1138 diceret:
1636 1116 1709 1144 enp-

270 1162 400 1201 demque
416 1162 551 1191 ordinem
576 1166 610 1191 ut
637 1161 859 1191 Demosthenes
885 1164 1019 1190 servaret
1045 1159 1223 1199 postulavit.
1269 1159 1310 1189 At
1333 1159 1553 1188 Demosthenes
1568 1162 1599 1187 et
1614 1167 1631 1187 a
1645 1157 1711 1187 suis

269 1212 360 1241 rebus
371 1211 465 1250 gestis
480 1211 598 1241 initium
615 1211 698 1245 fecit,
713 1215 743 1240 et
758 1210 788 1239 in
811 1210 931 1239 easdem
944 1209 1110 1239 orationem
1129 1209 1260 1246 reduxit,
1284 1220 1399 1240 summa
1421 1209 1451 1239 in
1470 1220 1506 1238 eo
1530 1213 1593 1238 arte
1619 1218 1710 1238 usus:

269 1266 390 1301 oportet
405 1262 484 1291 enim
508 1271 525 1291 a
542 1260 725 1290 firmioribus
741 1260 893 1300 auspicari
907 1259 936 1289 in
955 1260 1052 1299 iisque
1069 1260 1156 1290 finem
1171 1261 1269 1290 facere
1285 1271 1293 1298 ;
1317 1259 1345 1289 in
1371 1260 1470 1290 medio
1499 1264 1597 1290 autem
1618 1259 1711 1288 collo-

269 1312 362 1348 cavit,
378 1322 445 1351 quae
461 1312 498 1341 ad
515 1312 614 1350 Leges
628 1310 789 1349 pertinent.
836 1312 881 1340 Ao
896 1310 957 1349 legi
972 1311 1011 1340 de
1027 1311 1167 1341 obnoxiis
1184 1311 1311 1350 opponit
1335 1311 1499 1341 sententias
1523 1316 1551 1340 et
1575 1310 1713 1340 volunta⁴

271 1369 327 1393 tem
353 1362 535 1402 legislatoris,
550 1361 639 1392 alteri
655 1371 727 1391 vero
752 1362 791 1391 de
814 1361 976 1401 praeconiis
991 1362 1092 1400 legem
1115 1362 1202 1391 aliam
1220 1366 1272 1391 aut
1286 1361 1363 1401 legis
1383 1366 1513 1400 partem,
1528 1366 1561 1391 ut
1576 1361 1618 1391 ait
1641 1361 1712 1396 iste,

268 1415 298 1445 in
309 1424 369 1455 qua
384 1424 562 1445 concessum
575 1418 621 1444 est
638 1414 727 1443 etiam
740 1414 770 1443 in
784 1413 915 1443 Theatro
928 1414 1175 1452 praedicationem
1195 1414 1271 1450 fieri,
1285 1415 1309 1444 si
1325 1415 1356 1444 id
1370 1414 1502 1454 populus
1519 1420 1569 1444 aut
1582 1418 1707 1444 senatus

270 1465 454 1496 decreverit.

340 1596 510 1635 ALIUD
540 1595 933 1634 ARGUMENTUM
964 1596 1264 1636 ORATIONIS
1295 1597 1368 1635 DE
1397 1597 1648 1636 CORONA.

314 1701 556 1731 Arnnmmsns
572 1704 603 1730 et
616 1699 752 1730 Thebani
764 1699 876 1728 bellum
892 1709 960 1728 cum
974 1699 1120 1738 Philippo
1134 1706 1271 1738 gerentes
1288 1701 1326 1729 ad
1343 1700 1549 1736 Chaeroneam,
1565 1700 1711 1741 oppidum

274 1751 413 1788 Boeotiae,
428 1750 501 1781 victi
516 1754 585 1780 sunt
599 1761 604 1779 :
629 1749 726 1780 victor
744 1749 837 1788 igitur
853 1750 981 1779 Macedo
1007 1750 1178 1789 praesidium
1201 1750 1316 1780 Thebis
1332 1751 1487 1790 imposuit,
1504 1757 1533 1781 et
1549 1752 1578 1781 in
1595 1762 1648 1781 sua
1659 1762 1714 1791 po-

272 1806 380 1832 testate
396 1802 501 1831 habuit
520 1802 595 1840 jugo
615 1799 772 1829 servitutis
789 1809 964 1838 oppressus.
986 1802 1088 1838 Quare
1105 1801 1194 1831 veriti
1215 1802 1416 1832 Athenienses
1433 1813 1469 1832 ne
1491 1803 1550 1841 ipsi
1565 1803 1645 1833 idem
1661 1813 1713 1844 pa-

273 1856 420 1886 terentur,
433 1849 638 1890 snspicatique
649 1854 805 1888 tyrannum
819 1854 922 1878 contra
931 1850 1112 1889 semetipsos
1123 1851 1218 1889 primo
1230 1862 1349 1891 quoque
1359 1857 1495 1892 tempore
1505 1854 1717 1891 deventurum,

274 1902 498 1933 constituerunt
519 1904 670 1931 vetustate
694 1899 890 1928 labefactatas
907 1900 983 1929 muri
998 1906 1100 1939 partes
1127 1902 1312 1933 instaurare:
1337 1907 1427 1942 atque
1450 1904 1493 1933 ita
1520 1915 1560 1935 ex
1583 1915 1716 1945 unaqua—

277 1964 334 1993 que
349 1954 430 1983 tribu
453 1952 595 1982 moenium
611 1954 766 1980 curatores
781 1950 931 1989 designati
948 1956 1026 1981 sunt.
1049 1954 1185 1991 Quorum
1201 1964 1291 1983 unum
1308 1954 1475 1984 Pandionia
1491 1956 1587 1986 tribus
1600 1957 1717 1996 delegit

276 2006 314 2035 ad
328 2004 482 2043 negotium
502 2004 671 2032 Oratorem.
698 2002 775 2030 Cum
790 2001 884 2040 igitur
899 2002 928 2031 in
954 2003 1090 2032 manibus
1112 2009 1194 2034 esset
1213 2015 1300 2044 opus,
1316 2010 1346 2035 et
1366 2006 1541 2045 ampliorem
1558 2008 1716 2048 pecuniam

276 2056 465 2086 desideraret
486 2064 574 2094 quam
590 2063 658 2092 quae
674 2053 744 2082 data
766 2053 864 2082 fuerat
880 2063 918 2083 ex
945 2053 1063 2089 aerario,
1078 2065 1141 2084 earn
1161 2057 1273 2085 Orator
1294 2057 1332 2086 de
1353 2067 1407 2086 suo
1431 2057 1604 2097 insumpsit,
1619 2069 1717 2099 neque

277 2107 394 2137 civitati
410 2115 578 2144 expensum
592 2103 674 2140 tulit,
690 2103 743 2132 sed
753 2103 849 2142 gratis
865 2103 931 2142 ipse
946 2103 1081 2133 donavit.
1105 2106 1193 2135 Hanc
1206 2106 1396 2137 occasionem
1409 2108 1575 2147 Ctesiphon
1588 2119 1665 2139 unns
1675 2120 1714 2139 ex

276 2157 315 2188 iis
331 2157 383 2196 qui
398 2167 494 2195 remp.
511 2154 761 2185 administrabant
786 2159 904 2189 nactus,
920 2154 958 2184 de
975 2154 1027 2184 illo
1043 2155 1080 2184 ad
1095 2161 1230 2186 senatum
1244 2156 1286 2186 ita
1300 2157 1423 2187 retulit:
1443 2169 1461 2196 q
1474 2158 1626 2188 uoniam
1643 2160 1672 2189 D
1685 2170 1717 2190 e·

278 2208 518 2238 mosthenes
545 2205 773 2236 Demosthe
789 2205 849 2234 nis
876 2205 896 2234 f.
914 2216 986 2244 per
1010 2210 1140 2236 totum
1164 2207 1260 2237 vitae
1285 2218 1447 2238 cursum
1475 2219 1587 2240 suam
1612 2221 1717 2250 erga

278 2270 400 2299 remp.
424 2257 779 2289 benevolentiam
804 2256 1037 2287 declarare
1060 2268 1138 2287 non
1162 2259 1360 2295 desistat,
1383 2264 1424 2289 et
1447 2270 1557 2290 nune
1579 2262 1717 2293 muris

279 2309 530 2341 reficiendis
554 2313 745 2342 curator,
775 2318 855 2337 cum
880 2308 1095 2346 ampliore
1120 2309 1308 2348 pecunia
1337 2309 1569 2349 indigeret,
1596 2313 1717 2343 domo

280 2361 327 2391 de
343 2363 588 2399 promptam
619 2357 811 2397 largitus
842 2358 915 2392 sit,
944 2358 1108 2396 placeat
1131 2369 1233 2398 ergo
1264 2361 1431 2390 senatui
1469 2363 1715 2403 populoque

278 2423 362 2444 eum
388 2422 510 2442 aurea
533 2420 690 2440 corona
713 2409 855 2439 donari
879 2409 917 2438 in
934 2409 1121 2439 Theatro
1145 2410 1228 2440 dum
1252 2411 1458 2451 tragoediae
1485 2424 1534 2443 no
1549 2425 1601 2444 vas
1625 2425 1718 2455 age-

277 2467 366 2494 rent
378 2471 395 2491 n
411 2471 434 2495 r,
451 2461 578 2490 fortasse
594 2459 674 2498 qnod
691 2470 727 2488 eo
742 2464 876 2499 tempore
893 2459 1032 2498 frequens
1048 2460 1210 2490 multitudo
1227 2462 1390 2498 concurrit,
1406 2472 1498 2493 novas
1513 2464 1629 2496 fabulas
1649 2477 1720 2507 spe-

279 2513 378 2546 ctandi
396 2512 518 2551 cupida.
539 2511 614 2540 Cum
631 2511 730 2549 itaque
748 2511 804 2539 hoc
822 2514 944 2540 senatus
958 2512 1190 2550 praeconsultum
1216 2513 1252 2542 ad
1279 2514 1420 2553 populum
1436 2515 1630 2554 perferretur,
1645 2528 1719 2550 exo-

278 2566 355 2597 ritur
369 2563 577 2603 Ctesiphontis
592 2566 748 2592 aecusator
766 2561 938 2597 AEschines,
954 2563 992 2591 ob
1014 2563 1125 2592 diversa
1146 2563 1176 2592 in
1191 2573 1255 2603 rep.
1279 2564 1514 2596 administranda
1536 2568 1636 2599 studia
1658 2570 1720 2601 De·

280 2614 430 2647 mostheni
451 2612 600 2648 inimicus,
616 2612 769 2641 decretum
785 2612 864 2641 istud
881 2621 1018 2641 asserens
1034 2616 1138 2642 contra
1153 2618 1213 2642 tres
1229 2614 1311 2653 leges
1327 2625 1396 2644 esse
1411 2615 1532 2651 sactum,
1549 2627 1635 2648 unam
1651 2629 1718 2658 quae

283 2673 315 2698 ut
329 2664 495 2696 rationibus
508 2662 673 2694 referendis
687 2662 840 2692 obnoxius
857 2667 1017 2692 coronetur
1031 2668 1124 2700 vetat,
1137 2665 1307 2704 priusquam
1321 2665 1452 2696 rationes
1467 2677 1516 2697 eas
1530 2668 1699 2699 reddiderit
1712 2681 1718 2700 :

277 2717 379 2748 nond
392 2726 449 2746 um
471 2718 604 2745 autem
627 2713 1074 2752 has,inquit‚Dcmosthen
1086 2725 1124 2745 es
1146 2717 1359 2753 retulerat,
1383 2729 1464 2748 oum
1489 2723 1526 2748 et
1550 2719 1719 2751 theatra-

282 2769 357 2798 lem
382 2765 590 2807 pecuniam
614 2768 804 2794 tractaret
826 2769 863 2794 et
887 2765 1004 2794 muris
1028 2767 1264 2805 reparandis
1288 2774 1448 2799 curator
1470 2775 1590 2806 esset,
1613 2781 1720 2812 opor-

284 2818 363 2848 tuit
396 2821 529 2847 antem
558 2825 713 2846 munere
737 2815 1016 2854 praemiumque
1044 2816 1081 2846 di
1095 2817 1224 2853 ll'erre,
1246 2818 1379 2850 donec
1412 2819 1523 2850 facta
1551 2820 1722 2861 inquisi-
