1923 3149
273 188 350 224 272
579 181 650 221 DE
679 181 842 222 MALE
872 182 1049 221 GESTA
1079 181 1408 221 LEGATIONE.

272 289 368 328 ierit.
426 286 560 337 Neque
591 285 682 326 mihi
713 286 844 326 terrori
875 293 934 324 est
966 285 1182 337 Philippus,
1200 285 1230 323 si
1248 298 1316 323 vos
1336 284 1420 323 sani
1447 284 1540 329 sitis,
1561 281 1630 321 sed
1651 282 1683 320 si
1702 293 1727 319 a

273 349 380 388 vobis
399 347 606 398 impunitas
626 355 859 399 proponetur
879 348 937 393 iis,
958 347 1022 398 qui
1057 347 1107 384 illi
1139 346 1316 385 mercede
1341 345 1480 383 servire
1509 357 1586 382 non
1615 355 1726 381 recu-

275 417 373 455 sant,
395 411 427 448 si
459 410 533 449 illis
563 410 717 460 quidam
745 411 1104 461 patrocinabuntur,
1125 409 1264 460 quibus
1284 420 1353 445 vos
1374 407 1491 445 fidem
1508 405 1674 452 habetis,
1692 404 1724 442 si

277 472 302 511 ii
320 471 386 522 qui
402 471 505 510 omni
525 472 719 522 superiore
738 478 909 522 tempore
938 477 1128 521 negarunt
1157 483 1198 508 se
1231 482 1385 507 causam
1414 466 1582 517 Philippi
1601 478 1726 517 agere,

277 546 383 571 nunc
408 539 636 583 suggestum
663 533 950 571 conscendent:
980 532 1064 569 haec
1096 530 1188 568 mihi
1219 530 1352 568 terrori
1382 536 1484 567 sunt.
1541 527 1642 564 Nam
1661 538 1730 563 cur

277 595 450 639 tandem,
472 594 637 640 Eubule,
659 595 870 644 Hegesileo
890 607 968 640 reo,
988 594 1051 644 qui
1071 593 1323 632 consobrinus
1351 598 1440 629 tuus
1460 596 1533 635 est,
1552 595 1592 626 et
1609 587 1731 624 Thra-

277 657 416 708 sybulo
443 656 590 694 dudum
623 655 792 693 Nicerati
821 656 1025 701 avunculo,
1053 668 1139 694 cum
1172 655 1294 705 prima
1323 652 1503 702 suffragia
1532 651 1733 691 ferrentur,

278 717 491 758 advocatus
510 729 611 763 esse,
625 729 715 754 cum
734 717 905 764 citarere,
920 717 1088 762 noluisti,
1111 723 1149 755 et
1167 716 1217 753 ad
1236 715 1312 753 litis
1332 713 1626 752 aestimationem
1646 722 1734 761 pro—

280 792 451 831 gressus,
470 791 540 815 nec
573 790 642 828 pro
673 771 834 815 illorum‘
852 778 1078 816 defensione
1111 777 1235 814 dixisti
1266 776 1487 826 quicquam,
1521 780 1560 811 et
1582 771 1734 823 judices

282 846 462 892 precatus
482 852 536 884 es,
556 845 600 876 ut
626 839 776 875 veniam
795 839 863 876 tibi
889 839 1026 876 darent
1043 851 1052 875 :
1082 839 1197 882 itane,
1219 850 1306 874 cum
1325 836 1543 873 hominibus
1562 831 1736 883 cognatis

282 908 322 939 et
339 899 564 938 necessariis
584 910 660 935 non
690 897 954 948 patrocineris,
983 897 1154 935 AEschini
1186 895 1512 946 patrocinaberis?
1542 894 1632 938 Qui,
1649 905 1736 931 cum

284 959 498 1011 Aristopho
511 972 618 997 reum
639 965 771 1007 ageret
791 957 1049 1002 Philonicum,
1062 963 1101 993 et
1119 969 1186 1007 per
1205 955 1313 992 illum
1335 962 1400 992 tua
1419 962 1505 992 acta
1523 959 1737 997 accusaret,

282 1035 363 1061 una
380 1034 467 1059 cum
487 1020 552 1058 illo
571 1026 609 1058 te
629 1019 853 1064 accusabat,
871 1024 911 1056 et
942 1017 980 1055 in
1011 1016 1249 1054 inimicorum
1269 1023 1424 1054 tuorum
1443 1015 1636 1053 subselliis
1655 1026 1741 1052 ver·

285 1086 462 1126 sabatur;
491 1088 697 1132 postquam
716 1087 846 1118 autem
873 1086 964 1130 post
982 1078 1077 1117 istos
1099 1078 1269 1116 oratione
1289 1077 1422 1116 habita
1441 1076 1654 1121 affirmasti,
1675 1082 1742 1113 aut

280 1147 360 1198 jam
380 1146 419 1182 in
439 1144 629 1182 Piraeeum
648 1155 735 1180 esse
754 1140 1083 1187 descendendum,
1104 1147 1143 1178 et
1161 1140 1366 1191 pecuniam
1382 1137 1671 1182 conferendam,
1702 1144 1741 1174 et

285 1206 516 1245 theatralem
544 1204 584 1242 in
615 1203 816 1241 militarem
848 1202 1164 1247 convertendam,
1198 1209 1265 1240 aut
1289 1201 1466 1253 jubenda
1484 1214 1571 1251 quae
1601 1207 1642 1238 et
1670 1200 1743 1237 iste

285 1267 525 1312 defenderat,
551 1272 590 1303 et
607 1264 774 1303 nefarius
805 1263 1045 1301 Philocrates
1066 1263 1302 1309 decreverat,
1322 1263 1425 1300 unde
1446 1262 1592 1299 factum
1611 1267 1682 1306 est,
1701 1267 1746 1298 ut

287 1343 357 1382 pro
375 1329 541 1366 honesta
559 1340 653 1378 pace
680 1339 756 1377 pax
774 1326 894 1377 turpis
915 1325 1037 1372 fieret,
1058 1331 1265 1376 postquam
1284 1324 1399 1375 igitur
1422 1324 1497 1370 isti,
1516 1322 1746 1374 perpetratis

290 1399 427 1444 postea
447 1389 654 1428 sceleribus
674 1388 801 1426 omnia
819 1388 1083 1439 perdiderunt,
1103 1395 1184 1426 tum
1215 1387 1371 1425 demum
1402 1387 1441 1423 in
1461 1386 1623 1437 gratiam
1648 1385 1747 1423 redi-

290 1452 383 1492 isti?
413 1452 513 1490 Cum
532 1463 600 1502 pro
630 1450 814 1488 concione
847 1449 1066 1500 Philippum
1086 1448 1302 1494 insecteris,
1323 1455 1363 1485 et
1392 1461 1459 1499 per
1486 1448 1627 1485 liberos
1658 1454 1746 1484 tuos

283 1514 441 1566 juraris,
469 1512 576 1551 haud
598 1511 712 1550 dubie
744 1510 955 1562 periturum
988 1510 1222 1562 Philippum,
1257 1511 1287 1547 si
1319 1509 1485 1560 populus
1503 1508 1618 1547 velit:
1645 1520 1748 1546 nunc

289 1575 355 1614 isti
375 1573 649 1627 opitulaberis?
680 1573 756 1616 Qui
770 1572 911 1623 peribit
929 1572 1058 1623 igitur,
1077 1571 1108 1610 si
1125 1584 1192 1609 eos
1212 1583 1309 1621 quos
1330 1571 1394 1608 ille
1410 1570 1618 1621 corrumpit
1635 1568 1749 1620 largi-

294 1636 475 1683 tionibus,
500 1641 539 1672 tu
556 1633 745 1672 servaris?
776 1633 878 1670 Nam
897 1646 965 1671 cur
983 1633 1140 1670 tandem
1170 1631 1385 1683 Myroclem
1405 1632 1629 1678 accusabas,
1647 1630 1753 1680 quod

293 1710 318 1736 a
336 1697 494 1748 singulis
515 1709 645 1734 eorum
666 1694 732 1746 qui
751 1693 906 1732 metalla
923 1693 1176 1739 redemerant,
1196 1693 1350 1731 vicenas
1372 1693 1576 1730 drachmas
1598 1692 1754 1741 exegis-

296 1758 382 1797 set?
412 1758 492 1796 Cur
514 1755 870 1808 Cephisophontem
889 1755 1081 1805 sacrilegii
1099 1767 1207 1792 reum
1227 1755 1386 1805 agebas,
1404 1754 1511 1804 quod
1521 1753 1647 1796 triduo
1666 1761 1755 1804 post

295 1826 438 1858 statam
453 1819 554 1856 diem
568 1824 714 1868 septem
733 1817 856 1854 minas
876 1814 1140 1853 numerasset?
1170 1814 1250 1852 Eos
1267 1827 1357 1852 vero
1377 1814 1443 1864 qui
1461 1814 1619 1861 habent,
1633 1814 1756 1851 faten-

296 1890 373 1926 tur,
405 1879 569 1918 convicti
603 1884 707 1924 sunt,
735 1878 943 1928 palamque
971 1875 1201 1926 deprehensi
1232 1875 1370 1913 fecisse
1401 1875 1466 1913 illa
1493 1875 1533 1913 in
1566 1875 1755 1914 sociorum

297 1941 521 1995 perniciem,
544 1952 609 1978 eos
628 1952 706 1977 non
722 1938 837 1976 modo
858 1951 936 1975 non
955 1949 1130 1982 accusaS,
1148 1936 1215 1974 sed
1234 1943 1274 1973 et
1293 1936 1435 1974 servari
1450 1936 1595 1986 jubes?

356 2004 420 2041 82.
451 2002 569 2052 Atqui
595 2000 679 2038 haec
712 2013 797 2037 esse
826 1998 1093 2045 formidabilia,
1113 2004 1153 2035 et
1173 2010 1352 2048 magnam
1372 1997 1563 2048 requirere
1591 1998 1757 2048 pruden-

300 2066 395 2104 tiam
414 2072 454 2103 et
470 2063 703 2108 cautionem,
719 2074 766 2098 ea
786 2073 890 2104 vero,
913 2072 1075 2110 quorum
1090 2065 1133 2096 tu
1151 2058 1236 2096 illos
1257 2059 1463 2105 accusasti,
1479 2058 1654 2105 ridicula,
1669 2058 1757 2097 inde

300 2126 552 2179 perspicietis.
612 2124 834 2162 Fueruntue
855 2121 966 2159 Elide
986 2120 1141 2172 quidam
1161 2119 1284 2158 aerarii
1303 2119 1626 2171 depeculatores?
1666 2120 1760 2159 Om-

300 2190 393 2229 nino
420 2186 617 2240 probabile
646 2191 708 2225 est
735 2184 871 2222 fuisse.
926 2183 987 2221 An
1007 2195 1097 2220 vero
1115 2182 1315 2233 quisquam
1334 2195 1465 2220 eorum
1493 2188 1637 2228 auctor,
1651 2181 1759 2232 adju-

301 2260 412 2293 ‚torve
433 2251 506 2290 fuit
523 2247 736 2299 abrogandi
764 2252 888 2285 status
915 2244 1142 2297 popularis?
1182 2243 1338 2282 Nullus.
1395 2243 1530 2285 Quid?
1558 2243 1762 2282 fueruntne

304 2314 480 2368 Olyntho
501 2309 683 2350 incolumi
717 2308 780 2347 alii
799 2308 958 2360 quidam
979 2305 1106 2345 tales?
1157 2305 1360 2357 Equidem,
1376 2304 1522 2354 opinor.
1580 2302 1763 2354 Nunquid

304 2391 371 2429 per
388 2377 482 2419 istos
502 2372 612 2425 periit
623 2369 847 2423 Olynthus?
881 2365 990 2408 Non.
1047 2367 1151 2411 Quid
1170 2365 1312 2417 igitur?
1359 2365 1534 2416 Megaris
1547 2377 1672 2404 nonne
1693 2378 1763 2416 pu-

304 2439 393 2477 tatis
414 2436 576 2486 aliquem
597 2433 714 2470 fuisse
732 2430 1006 2482 peculatorem,
1028 2436 1067 2467 et
1091 2442 1137 2466 ex
1170 2427 1303 2466 aerario
1323 2426 1616 2477 surripientem?
1673 2427 1763 2465 Non

307 2500 417 2539 aliter
434 2497 515 2536 fieri
533 2501 676 2547 potest,
695 2493 900 2544 palamque
924 2492 1071 2531 sactum
1091 2496 1163 2529 est.
1218 2488 1316 2533 Quis
1337 2489 1452 2540 igitur
1471 2489 1523 2527 ibi
1545 2494 1679 2527 auctor
1691 2488 1767 2526 fuit

304 2573 449 2606 rerum,
469 2571 556 2610 quae
573 2569 675 2595 nunc
696 2555 773 2594 illic
792 2552 1044 2593 acciderunt?
1086 2552 1210 2590 Nemo
1231 2550 1379 2588 horum.
1413 2550 1559 2594 Quales
1579 2549 1706 2600 igitur,
1719 2556 1765 2588 et

307 2624 490 2675 quisunt,
511 2619 576 2671 qui
595 2624 704 2657 tanta
721 2623 761 2656 et
778 2615 873 2654 talia
896 2614 1066 2654 facinora
1088 2612 1321 2664 designent?
1365 2612 1443 2654 Qui
1458 2612 1505 2650 ‘se
1522 2611 1660 2662 dignos
1681 2623 1765 2649 esse

307 2691 463 2737 putant,
481 2681 545 2733 qui
567 2679 735 2730 Philippi
751 2677 925 2728 hospites
953 2683 992 2715 et
1013 2675 1123 2714 amici
1144 2674 1400 2725 appellentur,
1418 2674 1557 2724 quibus
1573 2672 1763 2710 exercitus

309 2754 350 2785 et
368 2756 519 2785 summa
538 2754 663 2782 rerum
688 2739 913 2784 creduntur,
940 2736 1004 2788 qui
1033 2749 1112 2787 prae
1146 2749 1188 2773 se
1221 2734 1508 2773 multitudinem
1536 2732 1766 2784 despiciunt.

312 2809 452 2847 Nonne
472 2804 642 2856 Megaris
662 2801 836 2842 Perilaus
864 2811 986 2850 nuper
1018 2798 1120 2849 apud
1148 2804 1340 2836 trecentos
1360 2808 1519 2834 causam
1538 2794 1646 2841 dixit,
1663 2794 1769 2846 quod

312 2870 362 2908 ad
393 2869 612 2919 Philippum
631 2864 814 2910 venisset,
844 2861 1076 2900 Ptoeodorus
1111 2867 1240 2899 autem
1272 2871 1497 2910 progressus
1530 2869 1598 2908 pro
1629 2868 1675 2894 eo
1703 2855 1771 2894 de-

309 2938 494 2983 precatus
517 2935 589 2975 est,
605 2934 644 2967 et
661 2938 816 2979 genere,
831 2930 871 2964 et
884 2923 1038 2976 opibus,
1060 2929 1100 2962 et
1113 2921 1342 2962 auctoritate
1361 2919 1539 2972 princeps
1561 2917 1770 2970 Megaren-
