1923 3149
488 189 564 227 DE
596 190 753 228 MALE
783 188 954 228 GESTA
985 187 1312 226 LEGATIONE.
1542 186 1621 225 259

150 301 268 326 causa
290 288 398 336 istos,
420 290 593 329 insontes
615 292 645 329 si
666 299 809 336 essent,
830 302 1010 328 accusare
1031 288 1294 326 instituissem.
1337 285 1495 324 Nullam
1515 284 1615 322 enim

152 350 362 400 reperietis.
394 352 494 389 Num
517 365 634 390 suave
654 359 725 398 est,
746 352 888 390 multos
913 350 1054 388 habere
1080 349 1281 387 inimicos?
1313 348 1395 385 Imo
1416 360 1463 384 ne
1487 352 1613 384 tutum

150 411 318 459 quidem.
373 413 425 450 At
448 427 535 451 eum
557 414 630 451 isto
662 414 789 464 aliqua
821 411 911 448 mihi
940 411 1113 448 simultas
1143 408 1432 447 intercedebat?
1481 407 1612 444 Nulla.

151 472 255 514 Quid
276 474 421 523 igitur?
453 475 511 511 De
530 481 567 512 te
588 475 669 525 ipse
691 475 957 525 pertimueraS,
978 481 1017 509 ct
1037 477 1194 522 propter
1214 478 1354 508 metum
1376 470 1450 506 hoc
1470 469 1534 506 tibi
1555 481 1614 505 sa-

149 532 217 569 luti
240 535 319 572 fore
340 536 532 586 putabas?
565 536 648 573 Hoc
665 536 762 572 enim
785 547 872 572 eum
894 534 1018 571 dicere
1039 532 1192 569 audivi:
1225 538 1263 568 at
1283 530 1376 567 nihil
1405 537 1488 567 erat
1513 530 1612 580 peri-

149 594 238 640 culi,
262 596 458 642 AEschine,
483 596 577 633 nihil
599 606 799 647 peceatum
818 600 912 640 erat,
932 601 974 631 ut
994 601 1034 631 tu
1062 593 1130 631 ais.
1182 592 1283 630 Nam
1316 591 1347 628 si
1376 590 1461 628 haec
1494 592 1610 636 dicet,

148 656 402 702 considerate,
419 657 586 708 judices,
602 658 631 694 si
653 664 740 694 acta
760 655 947 704 ejusmodi
968 655 1137 700 fuerunt,
1158 660 1201 692 ut
1215 666 1287 704 ego
1302 664 1460 704 prorsus
1476 650 1609 689 insons

147 717 318 755 timerem
333 732 380 756 ne
394 726 549 769 propter
561 719 655 756 istos
670 718 760 755 mihi
776 716 1013 768 pereundum
1024 723 1140 761 esset,
1153 728 1230 765 quo
1245 721 1358 765 pacto
1374 725 1440 750 eos
1455 713 1612 749 tractari
1666 708 1674 717 ⁸

147 779 365 825 conveniat,
386 779 450 829 qui
469 779 541 830 ipsi
563 778 835 830 deliquerunt?
866 778 1009 815 Verum
1043 790 1120 815 non
1142 782 1297 828 propter
1323 775 1424 820 haec,
1452 773 1520 811 sed
1546 786 1612 810 cur

144 844 182 876 te
201 839 369 877 accuso?
400 840 474 877 Per
487 840 720 878 calumniam
735 839 926 884 nimirum,
945 845 989 876 ut
1009 839 1078 876 abs
1092 845 1129 876 te
1148 849 1327 874 nummos
1345 842 1608 885 extorqueam.

147 899 284 937 Utrum
306 907 432 938 autem
452 901 706 952 praestabilius
727 900 817 938 mihi
837 900 988 945 fuisset,
1008 912 1031 936 a
1050 898 1229 949 Philippo
1250 897 1425 947 accipere
1445 895 1610 933 multum

146 960 347 1011 largffinte,
367 969 406 1000 et
427 963 579 1000 nemine
600 963 756 1000 istorum
777 962 917 1007 minus,
939 968 977 999 et
997 961 1162 998 amicum
1182 959 1295 996 etiam
1317 958 1424 995 illum
1451 956 1608 1002 habere,

147 1028 186 1060 et
205 1022 499 1070 istos‚—essent
518 1024 633 1070 enim,
654 1030 787 1062 essent
806 1022 919 1076 amici
938 1021 1045 1068 mihi,
1065 1021 1095 1058 si
1116 1021 1153 1058 in
1174 1019 1382 1058 earundem
1405 1031 1531 1055 rerum
1549 1030 1610 1055 so-

146 1084 324 1124 cietatem
344 1086 534 1123 venissem
551 1099 560 1129 ;
593 1099 717 1137 neque
737 1085 837 1123 enim
857 1098 960 1122 nunc
978 1091 1157 1135 paternas
1177 1081 1393 1119 inimicitias
1411 1086 1607 1117 exercent.

146 1145 317 1193 Mecum,
337 1148 406 1185 sed
433 1154 590 1199 propter
610 1154 783 1185 actorum
816 1146 1130 1184 communitatem
1163 1150 1450 1187 recusatam---⁵
1483 1155 1531 1179 an
1560 1142 1608 1179 ab

143 1207 224 1245 istis
245 1208 390 1259 aliquid
410 1209 458 1246 de
473 1209 643 1259 acceptis
664 1207 983 1253 emendicantem,
1003 1215 1085 1244 tum
1105 1205 1220 1252 illius,
1243 1212 1321 1243 tum
1341 1205 1501 1242 istorum
1522 1217 1608 1241 sus-

144 1268 270 1319 cipere
286 1269 529 1307 inimicitias?
550 1283 638 1307 cum
655 1270 827 1320 captivos
843 1269 1001 1320 privatis
1018 1267 1235 1318 sumptibus
1256 1266 1352 1304 tanti
1368 1265 1607 1311 redemerim,

142 1343 268 1381 pauca
283 1332 441 1382 turpiter
461 1331 507 1369 ab
529 1332 612 1369 istis
632 1331 730 1368 velle
749 1343 885 1382 capere
901 1337 940 1367 et
954 1343 1024 1380 per
1044 1329 1279 1367 simultatem
1295 1327 1310 1363 3
1341 1326 1432 1365 Non
1447 1326 1500 1363 ita
1516 1332 1608 1364 sunt

143 1391 241 1430 haee.
284 1392 362 1430 Sed
384 1400 422 1430 et
443 1406 531 1430 vera
550 1392 786 1437 renunciavi,
814 1398 853 1429 et
873 1405 895 1429 a
914 1390 1139 1441 corruptelis
1167 1389 1351 1435 abstinui,
1376 1394 1532 1439 propter
1545 1387 1608 1438 ju-

142 1453 283 1491 stitiam
297 1461 336 1492 et
345 1455 543 1493 veritatem
554 1462 592 1492 et
603 1454 720 1491 vitam
735 1454 932 1504 reliquam,
949 1452 1172 1490 existimans
1187 1451 1281 1497 fore,
1298 1458 1340 1488 ut
1354 1449 1457 1495 mihi,
1471 1461 1606 1500 quem-

144 1514 352 1552 admodum
373 1522 412 1553 et
442 1515 525 1553 aliis
553 1515 786 1565 quibusdam
808 1514 911 1565 apud
931 1526 1011 1559 vos,
1033 1513 1065 1551 si
1083 1513 1210 1550 bonus
1231 1512 1287 1549 vir
1314 1524 1455 1556 essem,
1484 1510 1607 1548 honos

142 1575 364 1623 haberetur,
384 1590 510 1628 neque
530 1576 847 1614 commutandum
867 1588 954 1613 esse
973 1574 1064 1612 mihi
1087 1573 1202 1611 vestri
1217 1572 1382 1611 studium
1405 1571 1483 1609 ullo
1503 1584 1609 1609 emo-

142 1636 327 1676 lumento.
360 1639 459 1676 Istos
480 1644 607 1675 autem
629 1637 707 1683 odi,
727 1636 831 1687 quod
850 1636 1045 1687 improbos
1066 1648 1165 1680 esse,
1185 1640 1224 1671 et
1245 1632 1467 1683 sacrilegos,
1494 1632 1533 1669 in
1554 1632 1609 1670 le—

141 1700 298 1749 gatione
327 1700 592 1745 animadverti,
614 1706 652 1736 et
679 1713 746 1750 per
765 1698 924 1736 istorum
946 1696 1201 1748 corruptelas,
1220 1695 1333 1733 etiam
1354 1695 1502 1745 privato
1520 1707 1607 1732 meo

141 1759 284 1798 honore
312 1775 396 1800 sum
413 1761 612 1813 spoliatus,
633 1774 721 1812 cum
743 1773 809 1797 vos
830 1760 901 1797 toti
921 1758 1106 1810 legationi
1127 1756 1420 1796 succenseretis.
1452 1756 1607 1794 Accuso

141 1828 270 1860 autem
286 1837 404 1869 nunc,
425 1830 464 1861 et
485 1824 668 1860 rationem
690 1822 798 1860 reddi
824 1821 992 1873 postulo,
1010 1826 1166 1871 propter
1185 1831 1317 1856 euram
1346 1830 1473 1855 rerum
1499 1817 1605 1854 futu-

138 1896 280 1930 rarum,
299 1891 339 1922 et
358 1884 426 1922 lite
440 1883 664 1934 judicioque
685 1883 872 1921 declarari
891 1882 980 1921 volo
998 1881 1102 1932 apud
1121 1894 1202 1925 vos,
1218 1893 1263 1918 ea
1279 1893 1367 1930 quae
1384 1891 1407 1915 a
1425 1891 1486 1916 me
1503 1885 1542 1915 et
1558 1879 1606 1916 ab

139 1944 221 1982 istis
242 1945 346 1984 facta
371 1945 459 1993 sint,
479 1945 577 1983 inter
598 1959 638 1983 se
659 1958 832 1996 pugnare
864 1943 1006 1982 omnia.
1038 1943 1088 1980 Et
1107 1954 1252 1987 vereor,
1272 1940 1603 1986 vereor‚—dicam

140 2007 243 2044 enim
256 2007 424 2058 judices,
443 2007 627 2058 quicquid
649 2008 786 2052 sentio,
804 2007 907 2058 apud
919 2019 1054 2052 vos—-,
1066 2018 1115 2043 ne
1128 2011 1209 2042 tum
1227 2017 1288 2042 me
1302 2016 1455 2054 quoque
1469 2002 1605 2040 eodem

140 2081 228 2105 cum
250 2068 332 2106 istis
355 2069 426 2106 reti
445 2069 664 2119 implicetis,
683 2069 852 2106 criminis
882 2067 1006 2105 omnis
1028 2073 1236 2117 expertem,
1256 2078 1361 2102 nunc
1391 2071 1518 2102 autem
1546 2064 1603 2100 ni-

140 2129 256 2166 mium
276 2130 358 2167 sitis
373 2130 629 2181 negligentes,
642 2136 682 2167 et
701 2130 839 2180 supini.
871 2129 1036 2166 Prorsus
1053 2128 1167 2173 enim,
1184 2127 1458 2172 Athenienses,
1481 2125 1603 2163 disso-

138 2190 209 2227 luti
228 2190 318 2228 mihi
346 2204 432 2229 esse
462 2190 656 2237 videmini,
683 2197 722 2229 et
745 2203 791 2228 eo
822 2202 944 2240 usque
973 2188 1125 2226 differre
1154 2188 1410 2232 severitatem,
1440 2187 1532 2224 dum
1564 2187 1602 2224 in

138 2252 240 2290 mala
265 2251 465 2297 incidatis3
495 2252 634 2303 quibus
665 2252 758 2290 dum
794 2251 889 2289 alios
909 2250 1122 2288 conflictari
1151 2248 1300 2294 videtis,
1330 2261 1409 2286 non
1443 2248 1601 2294 cavetis,

136 2328 261 2366 neque
291 2315 509 2362 movemini,
538 2315 690 2353 tametsi
714 2313 932 2365 respublica
959 2313 1088 2350 multis
1109 2311 1270 2364 jamdiu,
1302 2317 1341 2349 et
1361 2310 1453 2349 diris
1474 2311 1600 2351 modis

138 2375 316 2414 laedatur.
347 2377 409 2414 An
428 2390 505 2415 non
524 2389 641 2428 grave
661 2390 706 2415 ac
722 2390 820 2428 pene
836 2374 1060 2414 incredibile
1077 2374 1230 2412 videtur
1246 2386 1332 2412 esse
1351 2373 1461 2411 vobis
1477 2372 1492 2409 ἲ
1515 2372 1602 2415 Etsi

139 2437 241 2475 enim
268 2437 413 2488 aliquid
443 2439 603 2476 reticere
632 2444 858 2485 statueram,
890 2450 993 2476 nunc
1025 2442 1155 2474 tamen
1181 2436 1310 2474 facere
1335 2447 1415 2473 non
1440 2447 1599 2486 possum

138 2497 230 2548 quin
257 2498 426 2549 eloquar.
480 2499 617 2537 Nostis
645 2499 778 2551 utique
809 2499 1041 2552 Pythoclem
1070 2497 1200 2545 istum,
1222 2496 1437 2550 Pythodori
1463 2496 1598 2534 filium.

139 2559 241 2597 Cum
260 2573 306 2598 eo
330 2573 404 2610 ego
419 2561 734 2612 conjunctissime
754 2561 844 2598 vixi.
885 2561 1024 2612 Neque
1051 2559 1133 2597 ulla
1152 2559 1251 2598 inter
1277 2571 1338 2596 me
1366 2564 1405 2595 et
1431 2557 1538 2594 illum
1560 2558 1599 2594 in

136 2623 240 2661 hune
259 2636 383 2674 usque
402 2624 503 2662 diem
521 2617 666 2663 exstitit
685 2624 857 2663 offensio.
890 2625 928 2663 Is
948 2637 1052 2662 nunc
1072 2622 1218 2663 devitat
1235 2634 1436 2660 occursum
1455 2633 1597 2663 meum,

137 2697 185 2722 ex
203 2698 281 2735 quo
300 2684 350 2722 ad
370 2685 590 2736 Philippum
609 2687 805 2737 profectus
823 2687 909 2724 fuit.
944 2686 994 2723 Et
1014 2684 1135 2724 sicubi
1154 2696 1302 2722 mecum
1323 2681 1508 2732 congredi
1529 2694 1597 2718 ne-

137 2759 247 2785 cesse
269 2747 399 2792 habet,
420 2747 540 2784 resilit
566 2748 710 2795 statim,
731 2762 779 2786 ne
798 2761 838 2786 se
854 2748 940 2799 quis
961 2760 1112 2785 mecum
1133 2746 1263 2783 videat
1283 2744 1566 2792 colloquentem
1586 2754 1595 2779 :

137 2821 227 2846 cum
248 2809 430 2847 AEschine
450 2817 578 2846 autem
599 2810 902 2861 circumquaque
922 2810 1003 2848 obit
1016 2810 1155 2853 forum,
1175 2815 1214 2845 et
1239 2806 1437 2850 deliberat,
1458 2810 1497 2841 et
1514 2816 1594 2842 me-

137 2869 294 2908 ditatur.
323 2870 583 2908 Peracerbum
602 2871 773 2921 profecto
793 2879 866 2919 est,
887 2871 1158 2916 Athenienses,
1178 2875 1216 2906 et
1234 2866 1448 2917 indignum,
1469 2864 1508 2902 in
1527 2878 1593 2904 eos

135 2930 202 2981 qui
227 2931 354 2973 colere
373 2930 594 2984 Philippum
616 2932 879 2981 instituerunt,
899 2932 998 2972 adeo
1015 2931 1208 2970 excitatos
1227 2928 1310 2979 ejus
1331 2927 1369 2967 in
1390 2933 1593 2982 utramque
