1923 3149
482 198 557 238 DE
588 199 739 238 MALE
767 198 942 238 GESTA
973 196 1303 237 LEGATIONE.
1537 197 1614 232 243

157 299 434 348 obtinentibus,
456 309 496 339 et
517 303 775 341 Phocensium
796 304 907 341 urbes
927 300 1059 338 multae
1079 307 1202 345 erant,
1229 307 1269 337 et
1288 305 1510 350 expugnatu
1536 299 1610 336 ‹lif-

155 360 287 407 ficiles,
307 362 379 400 nisi
402 375 519 409 mora,
536 371 576 403 et
603 365 818 402 obsidione.
875 363 977 400 Nam
1006 362 1038 400 si
1069 360 1233 412 singulis
1267 361 1404 398 diebus
1435 361 1609 411 singulas

152 422 323 476 cepisset
353 425 478 469 urbes,
501 426 587 462 duae
620 432 658 463 ct
675 425 807 476 viginti
838 425 992 462 fuerunt
1015 435 1189 459 numero.
1251 421 1412 471 Propter
1431 434 1477 459 ea
1495 421 1610 471 igitur

155 484 286 521 onmia
305 497 352 522 ne
373 485 465 537 quid
486 499 616 524 eorum
638 486 849 529 mutaretis,
872 483 910 521 in
932 483 1071 534 quibus
1092 483 1244 534 decepti
1262 482 1391 526 cratis,
1410 483 1525 519 istum
1545 482 1609 520 hic

153 545 401 596 reliquerunt.
460 547 539 585 Sed
560 550 719 595 ejurare,
741 546 848 583 nulla
881 545 1000 583 allata
1032 558 1162 592 causa,
1189 559 1264 583 non
1295 543 1493 580 ferendum
1513 551 1608 587 erat,

153 612 191 643 et
222 606 468 645 vehementer
499 615 733 658 suspectum.
791 607 895 649 Quid
927 606 1012 644 ais?
1041 607 1089 644 ad
1122 613 1181 645 tot
1211 613 1249 644 et
1278 612 1386 643 tanta
1403 605 1505 641 bona
1523 617 1610 654 quae

152 667 358 714 nunciasti,
387 681 464 706 non
492 668 588 715 abis,
608 681 680 706 nec
713 668 906 718 legatione
932 667 1138 719 fungeris?
1167 667 1234 706 sed
1261 665 1495 704 manendum
1516 672 1612 703 erat.

152 728 256 769 Quid
275 728 347 766 fit?
377 729 559 767 Morbum
579 729 756 768 simulat:
786 729 904 767 frater
924 730 1020 779 ejuS,
1039 729 1210 768 adducto
1233 729 1424 766 Execesto
1444 727 1608 771 medico,

147 788 295 826 curiam
317 790 527 840 ingressus,
557 803 687 829 coram
717 797 854 828 senatu
879 790 1000 841 jurat,
1031 798 1219 840 aegrotare
1253 789 1392 827 istum:
1423 789 1505 839 ejus
1525 788 1609 826 vice

147 849 230 900 ipse
243 850 434 901 deligitur.
494 852 547 889 Ut
565 859 695 890 autern
715 852 910 903 perierant
929 851 1168 898 Phocenses,
1188 851 1362 902 quinque
1387 850 1526 888 diebus
1547 858 1612 888 aut

149 923 217 949 sex
239 919 340 961 post,
363 919 401 950 et
420 926 465 950 ea
485 914 625 952 locatio
649 915 696 951 ab
725 914 798 951 isto
823 913 1003 951 confecta
1033 919 1127 959 erat,
1159 913 1270 964 quasi
1300 911 1405 949 aliud
1424 911 1610 961 quiddam

148 974 413 1019 conduxisset,
431 975 636 1028 Dercyllus
645 974 831 1012 Chalcide
846 987 1033 1020 reversus,
1047 975 1155 1012 vobis
1168 974 1396 1013 concionem
1412 973 1448 1009 in
1463 973 1609 1011 Piraeeo

145 1033 374 1073 habentibus
389 1038 559 1083 nunciat,
575 1036 802 1074 Phocenses
831 1036 1012 1087 periisse;
1043 1049 1119 1086 quo
1140 1049 1222 1082 vos,
1243 1034 1517 1078 Athenienses,
1539 1047 1607 1071 au-

146 1095 241 1142 dito,
257 1103 297 1134 et
316 1097 467 1135 illorum
483 1099 604 1136 vicem
619 1097 824 1142 dolebatis,
837 1104 882 1134 ut
898 1110 968 1148 par
987 1104 1082 1144 erat,
1097 1105 1134 1135 et
1154 1097 1226 1148 ipsi
1242 1095 1445 1148 perterriti,
1466 1095 1605 1133 liberos

146 1164 186 1194 et
205 1170 344 1195 uxores
364 1171 410 1196 ex
431 1159 534 1210 agris
555 1159 593 1196 in
614 1160 747 1197 urbem
776 1158 1064 1197 transferendos
1085 1158 1368 1204 decernebatis,
1389 1164 1427 1194 ct
1445 1158 1608 1195 castella

145 1218 406 1265 instauranda,
426 1228 464 1258 et
484 1221 674 1258 Piraeeum
689 1219 954 1265 muniendum,
970 1227 1010 1258 et
1029 1220 1254 1258 Herculana
1267 1232 1376 1257 sacra
1392 1219 1429 1256 in
1443 1219 1536 1256 urbe
1551 1219 1608 1256 fa·

145 1279 295 1317 cIenda.
354 1281 453 1318 Cum
473 1281 557 1320 haec
577 1282 726 1331 fierent,
741 1289 781 1320 et
797 1288 903 1319 tanta
918 1281 1169 1332 perturbatio,
1190 1288 1399 1330 tantusque
1420 1280 1606 1317 tumultus

145 1342 279 1380 urbem
297 1343 513 1389 invasisset,
535 1350 616 1381 tum
637 1341 710 1382 iste
730 1344 786 1382 vir
803 1343 988 1393 eloquens
1011 1349 1048 1380 et
1069 1343 1220 1393 sapiens
1249 1350 1288 1380 et
1316 1342 1476 1387 vocalis,
1495 1353 1566 1378 nec
1587 1355 1610 1379 a

143 1407 295 1451 senatu,
321 1419 392 1444 nec
413 1419 436 1443 a
454 1406 599 1456 populo
620 1405 809 1452 delectus,
830 1405 983 1456 legatus
1010 1405 1089 1442 abit
1107 1404 1157 1442 ad
1177 1403 1365 1456 eum,f⁴qui
1386 1403 1452 1440 illa
1471 1415 1605 1453 perpe·

142 1472 275 1504 trarat.
298 1467 415 1505 Nulla
434 1468 566 1506 habita
580 1468 726 1506 ratione
746 1467 806 1505 vel
825 1467 959 1512 morbi,
979 1479 1056 1517 quo
1081 1466 1262 1504 simulato
1280 1456 1514 1515 legationem
1534 1465 1607 1503 du-

144 1528 235 1565 dum
254 1531 431 1577 ejurarat,
450 1543 522 1568 nec
549 1529 654 1581 quod
690 1530 787 1568 alius
819 1529 939 1581 ipsius
972 1528 1059 1566 loeo
1092 1528 1243 1579 legatus
1275 1534 1367 1574 erat.
1402 1540 1473 1565 nec
1500 1528 1606 1578 quod

142 1589 229 1640 lege
257 1589 350 1628 talia
378 1591 551 1629 facinora
580 1591 707 1642 capite
739 1591 887 1628 sancita
917 1596 1020 1635 sunt,
1053 1602 1139 1635 nec,
1165 1589 1270 1639 quod
1287 1589 1606 1627 absurdissimum

141 1659 258 1697 esset,
277 1658 479 1703 postquam
501 1652 754 1697 renunciarat,
772 1665 813 1689 se
841 1665 864 1689 a
893 1651 1087 1688 Thebanis
1116 1663 1202 1688 esse
1226 1651 1493 1701 proscriptum,
1515 1664 1604 1689 cum

142 1714 166 1750 ii
187 1721 326 1764 practer
345 1714 505 1752 Boeotiae
535 1715 653 1752 totius
685 1714 900 1765 imperium,
930 1713 1044 1751 etiarn
1071 1712 1282 1750 Phocensis
1309 1712 1478 1762 regionis
1495 1713 1607 1763 potiti

139 1778 289 1820 essent,
309 1782 389 1813 tum
406 1776 444 1813 in
460 1776 607 1814 medias
629 1775 802 1821 Thebas,
825 1782 865 1812 et
885 1775 1155 1812 Thebanorum
1175 1779 1302 1812 castra
1320 1773 1476 1811 vadere.
1526 1774 1604 1813 Ve-

142 1849 225 1874 rum
246 1837 299 1875 ita
318 1843 401 1875 erat
423 1844 531 1875 extra
550 1851 590 1875 se
610 1843 757 1888 raptus,
777 1838 831 1874 ita
861 1843 965 1874 totus
999 1836 1037 1872 in
1070 1842 1264 1885 quaestum
1297 1842 1340 1872 et·
1363 1834 1605 1886 largitionem

140 1896 357 1945 immersus,
377 1906 420 1937 ut
441 1899 602 1937 sublatis
623 1905 661 1937 et
681 1898 877 1949 despectis
897 1897 1035 1936 ceteris
1055 1899 1171 1934 rebus
1192 1897 1370 1935 omnibus
1392 1898 1526 1935 abiret.

194 1963 259 1998 40.
290 1962 388 2003 Quae
409 1974 469 1999 res
489 1974 577 1999 cum
601 1960 688 1998 talis
714 1960 775 2006 sit,
809 1960 932 1997 multo
963 1959 1078 1997 etiarn
1113 1959 1288 2009 graviora
1321 1965 1414 1996 sunt
1439 1953 1498 2005 ea,
1517 1973 1604 2010 qua]

138 2028 345 2072 postquam
364 2022 457 2061 illuc
480 2023 598 2067 venit,
619 2022 864 2073 perpetravit.
921 2022 1019 2059 Cum
1040 2020 1141 2058 enirn
1165 2033 1248 2066 vos,
1269 2020 1334 2070 qui
1359 2019 1503 2058 adestis
1523 2033 1604 2058 orn-

141 2096 226 2128 nes,
246 2090 285 2120 et
299 2083 415 2121 ceteri
437 2084 710 2129 Athenienses,
731 2090 809 2121 tam
830 2083 966 2120 misere
983 2089 1022 2120 et
1041 2081 1248 2120 crudeliter
1266 2095 1354 2120 curn
1373 2082 1522 2120 miseris
1543 2084 1605 2139 agi

146 2143 417 2182 Phocensibus
438 2145 640 2190 duceretis,
659 2152 703 2182 ut.
722 2158 846 2194 neque
862 2145 1077 2182 senatorios
1093 2149 1347 2195 spectatores,
1366 2157 1491 2194 neque
1519 2158 1606 2183 sex-

139 2205 240 2243 viros
260 2205 310 2244 ad
341 2205 482 2258 Pythia
502 2205 718 2252 mitteretis,
749 2206 818 2243 sed
846 2205 1015 2256 patrium
1045 2205 1313 2256 spectaculum
1345 2205 1602 2244 desereretis:

139 2268 212 2305 iste
229 2268 278 2306 ad
297 2267 549 2318 triumphales
568 2267 717 2318 epulas,
738 2266 906 2317 negotiis
926 2272 966 2303 et
982 2266 1086 2304 bello
1102 2266 1292 2312 confecto,
1313 2279 1410 2316 quas
1427 2266 1603 2305 Thebani

140 2335 180 2367 et
198 2329 401 2381 Philippus
429 2329 468 2366 in
496 2328 682 2367 honorem
703 2328 863 2366 deorum
895 2328 1172 2372 instruxerant,
1191 2326 1372 2373 accessit,
1392 2333 1433 2365 et
1452 2341 1539 2365 cum
1560 2328 1605 2365 li-

140 2390 355 2436 bationum,
371 2397 453 2428 tum
475 2396 649 2428 votorum
666 2391 738 2428 fuit
751 2389 964 2441 particeps,
982 2402 1070 2440 quae
1088 2389 1152 2427 ille
1172 2389 1222 2427 ob
1238 2389 1430 2428 sociorum
1451 2397 1604 2428 nostro-

142 2464 226 2489 rum
246 2452 387 2489 moenia
400 2458 440 2489 et
459 2464 572 2502 agros
601 2458 641 2489 et
666 2464 773 2490 arma
798 2450 949 2502 perdita
977 2452 1241 2502 nuncupabat,
1269 2458 1309 2489 et
1331 2464 1410 2489 una
1440 2465 1603 2490 coronas

143 2512 323 2562 gestavit,
344 2518 383 2550 et
403 2525 543 2562 paeana
561 2512 758 2550 concinuit
787 2525 875 2550 cum
896 2512 1090 2562 Philippo,
1106 2518 1146 2550 et
1165 2511 1401 2550 familiariter
1420 2514 1601 2564 propina-

141 2573 206 2611 vit.
229 2572 368 2623 Neque
388 2586 460 2623 ego
479 2573 561 2611 baec
582 2574 650 2619 sic,
669 2573 742 2612 iste
760 2573 870 2611 aliter
889 2586 1042 2611 narrare
1061 2574 1215 2624 poterit,
1237 2573 1308 2612 sed
1329 2574 1488 2625 ejuratio
1505 2576 1602 2612 inter

142 2634 300 2685 publica
324 2640 454 2671 vestra
482 2635 720 2673 monimenta
742 2635 782 2673 in
808 2635 1012 2680 tabulario,
1039 2635 1181 2685 quibus
1217 2634 1390 2673 minister
1423 2635 1601 2686 publicus

140 2703 296 2747 praeest,
310 2702 541 2742 asservatur,
561 2703 600 2735 et
621 2697 818 2735 decretum
834 2697 964 2748 palam
987 2696 1035 2734 de
1055 2696 1128 2734 ista
1151 2710 1194 2735 re
1213 2704 1274 2735 est
1293 2697 1492 2747 scriptum,
1514 2709 1601 2746 quae

142 2763 272 2795 autem
303 2756 354 2794 ibi
388 2757 626 2807 perpetrarit,
647 2757 827 2808 collegati
847 2758 945 2810 ejus,
964 2764 1003 2796 et
1030 2758 1055 2795 ii
1084 2758 1149 2809 qui
1181 2758 1406 2801 adfuerunt,
1428 2757 1602 2796 testimo-

139 2818 246 2863 nium
264 2820 304 2856 in
324 2831 411 2856 eum
434 2818 588 2856 dicent:
619 2819 686 2869 qui
709 2820 826 2857 iidem
843 2815 929 2858 haec
948 2820 1041 2858 mihi
1055 2821 1281 2858 retulerunt.
1339 2818 1478 2870 Neque
1498 2820 1600 2858 enim

142 2893 216 2931 ego
234 2893 315 2919 una
333 2880 370 2918 in
390 2879 581 2931 legatione
601 2879 669 2926 fui,
690 2880 759 2919 sed
786 2894 870 2919 eam
886 2883 1040 2935 ejuravi.
1098 2882 1197 2933 Age,
1218 2881 1336 2919 recita
1357 2879 1449 2918 mihi
1465 2880 1598 2920 decre-

141 2949 237 2990 tum,
252 2949 290 2981 et
310 2941 457 2989 literas,
472 2949 510 2980 ct
529 2947 648 2980 testes
668 2954 838 2982 accerse.
1460 2951 1462 2953 ’
