1923 3149
322 66 373 103 24
783 64 1133 105 OLYNTHIACA
1165 65 1180 102 I
1208 64 1293 115 (11).

373 168 411 202 5.
443 165 575 215 Itaque
595 177 737 204 censeo
757 177 780 205 a
804 166 912 205 vobis
931 179 1042 218 opem
1061 166 1254 204 ferendam
1273 178 1358 204 esse
1383 163 1588 217 Olynthiis,
1608 177 1653 203 ac
1682 177 1762 215 quo

316 225 487 277 pulcrius
517 232 555 265 et
576 226 735 265 celerius
762 227 844 277 quis
871 228 950 265 fieri
971 227 1143 278 jusserit,
1169 240 1214 264 eo
1243 227 1379 276 magiss
1399 226 1488 262 mihi
1517 225 1761 277 probabitur:

320 293 359 324 et
378 287 427 324 ad
446 287 651 326 Thessalos
664 288 891 338 legationem
911 288 1150 334 mittendam,
1170 300 1256 337 quae
1276 287 1368 324 alios
1388 287 1471 323 haec
1483 286 1656 332 edoceat,
1671 286 1765 323 alios

319 347 561 386 exhortetur:
591 362 694 387 nuuc
713 349 813 387 enim
836 349 1005 398 Pagasas
1026 361 1224 400 reposcere
1251 355 1289 386 et
1308 348 1356 385 de
1379 347 1580 396 Magnesia
1610 360 1697 385 cum
1718 359 1764 384 eo

318 421 430 459 agere
450 409 710 448 decreverunt.
768 410 867 447 Illud
899 418 1027 447 tamen
1059 409 1269 460 providete,
1289 408 1559 454 Athenienses,
1579 421 1626 445 ne
1645 409 1763 445 verba

316 471 509 508 duntaxat
533 471 693 509 afferant
713 472 828 522 legati
848 472 977 517 nostri,
1006 472 1072 509 sed
1093 479 1134 509 ut
1160 484 1256 522 opus
1278 471 1422 520 aliquid
1449 470 1651 508 ostendere
1670 483 1763 520 pos-

316 532 403 577 sint,
428 532 608 582 profectis
629 533 736 570 nobis
755 546 824 583 pro
851 533 1034 583 dignitate
1053 532 1213 570 civitatis
1231 533 1278 568 acl
1295 533 1419 568 bellam
1439 538 1478 569 et
1506 532 1590 582 ipsa
1609 545 1647 568 re
1677 544 1763 568 sus-

316 599 440 643 cepta,
461 605 547 630 nam
572 606 659 630 cum
679 593 801 631 omnis
821 595 954 639 oratio,
974 594 1003 631 si
1024 607 1083 631 res
1116 593 1257 642 absint,
1285 593 1462 630 frivolum
1489 593 1673 643 quiddam
1696 592 1766 630 ha-

314 653 452 691 beatur
466 660 503 691 et
520 654 646 700 inane,
666 662 746 692 tum
765 668 853 692 vero
869 656 1033 693 maxime
1048 667 1095 692 ea
1107 667 1193 705 quae
1208 667 1230 692 a
1241 662 1372 692 nostra
1385 655 1477 692 urbe
1493 654 1763 704 proficiscitur:

315 721 460 765 quanto
479 715 575 752 enim
590 716 798 765 promptius
818 728 863 752 ea
881 715 935 752 uti
954 715 1138 759 videmur,
1158 727 1203 751 eo
1225 715 1344 764 magis
1363 714 1397 751 ei
1417 714 1596 752 diffidunt
1615 727 1762 752 omnes.

368 777 405 813 6.
436 775 689 814 Ostendenda
720 776 833 826 igitur
857 783 914 813 est
945 775 1102 826 insignis
1129 775 1327 813 conversio
1359 782 1399 813 et
1423 788 1564 825 magna
1589 775 1764 821 mutatio,

313 836 546 874 conferendo
565 837 714 883 tributa,
729 836 940 882 militando,
955 836 1082 874 omnia
1094 836 1268 874 alacriter
1283 837 1465 886 gerendo,
1481 837 1512 873 si
1526 836 1642 874 modo
1659 835 1764 886 quis-

313 910 426 947 quam
448 898 554 936 vobis
573 898 686 935 fidem
700 904 760 935 est
777 897 988 935 habiturus.
1030 896 1126 940 Quae
1141 898 1171 934 si
1186 897 1320 934 voletis
1338 903 1380 934 ut
1400 897 1578 934 convenit
1600 903 1640 934 et
1651 909 1764 946 opor-

311 963 369 996 tet
383 959 590 1004 absolvere,
610 971 686 996 non
712 958 849 1005 solum,
864 958 1136 1002 Athenienses,
1149 957 1356 995 foederatos
1382 957 1548 995 infirmos
1564 964 1602 995 et
1626 957 1765 995 infidos

315 1019 511 1069 apparebit
530 1032 612 1057 esse
632 1019 820 1069 Philippo,
845 1019 913 1056 sed
933 1018 1047 1056 etiam
1067 1018 1319 1055 domesticum
1340 1018 1422 1069 ejus
1435 1017 1633 1069 imperium
1649 1025 1688 1055 et
1699 1030 1765 1055 eo-

313 1080 397 1130 pias
425 1079 595 1117 laborare
614 1079 933 1130 deprehendetur.
991 1078 1159 1116 Omnino
1189 1078 1288 1116 enirn
1309 1078 1565 1116 Macedonica
1591 1079 1766 1129 potentia

315 1146 355 1177 et
367 1139 577 1191 imperium,
595 1140 843 1177 additamenti
863 1139 1013 1191 quidem
1030 1139 1126 1185 viee,
1141 1151 1217 1176 non
1229 1151 1388 1188 parvum
1403 1138 1587 1189 quiddam
1606 1146 1676 1184 est,
1698 1152 1767 1178 cu-

307 1200 476 1251 jusmodi
487 1200 593 1238 vobis
610 1200 815 1250 aliquando
831 1200 914 1245 fuit,
926 1201 1151 1250 imperatore
1164 1199 1379 1246 Timotheo,
1391 1206 1526 1237 contra
1537 1199 1762 1251 Olynthios:

312 1267 428 1310 atque
469 1261 605 1298 iterum
633 1267 766 1298 contra
792 1260 1004 1298 Potidaeam
1034 1259 1230 1311 Olynthiis
1264 1260 1388 1298 visum
1415 1267 1476 1298 est
1503 1273 1587 1298 esse
1617 1260 1762 1310 aliquid

313 1328 516 1370 utrumque
540 1321 810 1372 conjunctum:
839 1334 940 1358 nunc
953 1321 1158 1358 Thessalos
1182 1320 1400 1358 laborantes
1418 1334 1464 1359 ac
1491 1321 1762 1360 dissentientes

317 1388 356 1419 et
366 1383 613 1419 conturbatos
625 1382 725 1419 idem
739 1389 871 1419 contra
890 1382 1127 1432 tyrannicam
1146 1382 1389 1418 Aleuaclarum
1402 1381 1583 1419 familiam
1603 1382 1762 1433 adjuvit.

319 1443 420 1486 Quin
447 1442 664 1492 ubicunque
693 1442 839 1493 aliquis,
867 1442 1011 1493 opinor,
1031 1442 1090 1480 vel
1110 1455 1246 1493 parvas
1266 1442 1448 1493 adjecerit
1467 1443 1580 1490 vires,
1601 1457 1761 1482 summae

314 1503 366 1540 rei
386 1503 555 1553 prodest.
612 1503 741 1553 Ipsum
760 1516 849 1540 vero
869 1516 935 1553 per
956 1516 996 1540 se
1015 1503 1204 1540 infirmum
1226 1516 1269 1540 ae
1292 1503 1419 1541 multis
1439 1504 1547 1542 malis
1568 1511 1627 1542 est
1644 1505 1763 1542 reser-

316 1569 412 1600 tum.
451 1562 600 1600 Etenim
622 1562 693 1600 iste
718 1562 778 1600 his
798 1565 908 1601 rebus
928 1563 1117 1608 omnibus,
1141 1565 1189 1601 ob
1210 1577 1305 1614 quas
1326 1577 1508 1615 magnum
1528 1577 1616 1603 eum
1636 1573 1764 1617 putes,

314 1622 422 1660 bellis
442 1629 480 1660 et
498 1623 820 1673 expeditionibus,
841 1624 1031 1662 ruinosius
1056 1624 1169 1661 etiarn
1190 1624 1243 1671 id,
1263 1638 1376 1675 quarn
1397 1632 1532 1676 suapte
1552 1633 1687 1664 natura
1703 1627 1765 1664 fu-

317 1689 410 1729 erat,
436 1683 584 1720 sibimet
602 1682 740 1721 effecit.
797 1684 932 1735 Neque
953 1684 1051 1722 enim
1072 1684 1228 1734 putetis,
1244 1684 1514 1732 Athenienses,
1531 1686 1667 1724 iisdem
1695 1687 1764 1725 de-

317 1743 450 1781 lectari
475 1745 588 1781 rebus
609 1749 648 1781 et
667 1743 884 1795 Philippum
904 1751 943 1782 et
966 1744 1150 1795 populum
1176 1745 1271 1796 ejus,
1291 1745 1353 1783 ille
1386 1745 1487 1783 enim
1513 1743 1672 1796 gloriam
1696 1761 1765 1799 ap-

317 1804 426 1854 petit,
447 1816 604 1854 eamque
624 1817 700 1842 rem
722 1811 903 1849 sectatur,
929 1813 1046 1855 atque
1075 1805 1238 1842 instituit
1255 1805 1432 1856 gerendis
1459 1807 1570 1844 rebus
1602 1814 1641 1845 et
1665 1809 1764 1859 peri-

317 1864 413 1902 culis
441 1864 627 1902 adeundis
654 1865 799 1901 nullum
822 1878 954 1903 casum
982 1878 1171 1912 recusare,
1191 1872 1230 1903 et
1256 1866 1356 1904 hanc
1382 1867 1610 1917 opinionem,
1645 1875 1689 1906 ut
1717 1882 1764 1907 ea

316 1925 521 1975 perfecisse
541 1925 688 1962 dicatur
708 1939 792 1976 quae
811 1926 940 1964 nullus
959 1926 1056 1964 alius
1073 1926 1335 1964 Macedonum
1357 1940 1438 1973 rex,
1455 1928 1542 1965 vitae
1565 1929 1761 1968 securitati

317 1986 533 2036 anteponit:
564 1985 612 2023 ad
639 1985 708 2023 hos
733 1999 821 2024 vero
840 1986 988 2024 illarum
1007 2000 1132 2024 rerum
1154 1987 1274 2037 gloria
1292 1987 1384 2025 nihil
1410 1988 1559 2034 attinet,
1589 1989 1679 2040 quin
1701 2004 1763 2029 as-

316 2045 434 2083 siduis
447 2046 520 2084 illis
541 2059 690 2083 sursum
703 2046 882 2084 deorsum
901 2047 1205 2098 expeditionibus
1218 2048 1334 2085 attriti
1354 2048 1528 2087 molestia
1551 2049 1764 2088 afficiuntur

316 2116 355 2147 et
373 2110 561 2160 perpetuis
581 2111 758 2148 aerumnis
777 2117 973 2157 vexantur,
997 2118 1039 2148 ut
1057 2112 1120 2161 qui
1141 2124 1213 2149 nec
1239 2111 1415 2162 operibus
1441 2113 1661 2151 incumbere
1690 2127 1763 2152 nec

319 2170 560 2208 facultatibus
580 2170 657 2208 suis
676 2171 746 2207 frui
760 2171 1037 2221 permittantur,
1050 2185 1120 2209 nec
1140 2179 1286 2222 partam
1303 2172 1649 2224 quomodocunque
1664 2187 1762 2225 prae-

319 2231 408 2268 dam
427 2230 604 2268 addicere
622 2232 782 2282 possint,
802 2231 941 2270 clausis
961 2239 1112 2282 propter
1127 2232 1270 2270 bellum
1290 2233 1556 2271 Macedonicis
1569 2234 1762 2285 emporiis.

371 2294 407 2328 7.
439 2292 641 2334 Quomodo
661 2293 772 2342 igitur
790 2292 928 2342 vulgus
950 2292 1208 2331 Macedonum
1231 2305 1322 2344 erga
1342 2293 1561 2345 Philippum
1592 2295 1640 2333 sit
1669 2295 1761 2334 affe-

319 2359 436 2397 ctum,
455 2365 499 2390 ex
520 2352 577 2390 his
598 2353 708 2391 facile
741 2353 986 2403 intelligitur:
1017 2353 1081 2403 qui
1103 2361 1230 2391 autem
1259 2367 1347 2392 cum
1367 2367 1412 2392 eo
1431 2362 1634 2393 versantur
1654 2370 1762 2407 pere-

317 2413 414 2464 grini
435 2413 570 2451 milites
589 2420 626 2451 ct
645 2413 890 2464 phalangitae,
905 2414 1119 2465 opinionem
1137 2415 1189 2452 illi
1203 2415 1354 2465 quidem
1370 2416 1598 2463 excitarunt,
1625 2432 1665 2456 se
1693 2419 1762 2457 ad-

316 2474 508 2512 mirandos
523 2487 607 2511 esse
622 2488 667 2512 ac
684 2481 857 2512 strenuos
868 2475 1084 2521 bellatores,
1105 2476 1174 2514 sed
1199 2483 1241 2513 ut
1264 2489 1337 2526 ego
1357 2490 1378 2514 e
1401 2478 1566 2528 quodam
1579 2479 1616 2516 in
1631 2479 1762 2518 Mace-

318 2535 433 2572 donia
452 2542 541 2571 nato
560 2535 698 2580 audivi,
712 2536 865 2585 optimae
888 2536 974 2573 fidei
992 2537 1085 2581 viro,
1107 2536 1224 2574 nihilo
1245 2543 1336 2574 sunt
1356 2538 1437 2575 aliis
1464 2541 1762 2589 praestantiores.

320 2595 418 2632 Nam
439 2595 468 2633 si
489 2595 572 2645 quis
593 2595 689 2632 inter
709 2596 792 2633 illos
812 2596 866 2633 vir
883 2597 931 2635 sit
950 2597 1000 2634 rei
1021 2597 1191 2635 militaris
1211 2604 1249 2635 et
1263 2599 1507 2636 certaminum
1524 2601 1681 2651 peritus,
1695 2615 1761 2640 eos

317 2669 446 2693 omnes
462 2656 582 2706 inquit
600 2656 712 2693 istum
734 2657 942 2707 cupiditate
961 2658 1090 2708 gloria:
1107 2671 1128 2696 a
1147 2671 1188 2696 se
1205 2658 1410 2704 dimovere,
1431 2674 1516 2697 cum
1534 2662 1661 2699 omnia
1672 2662 1763 2700 velit

319 2715 484 2756 facinora
503 2716 618 2756 videri
634 2730 703 2756 sua
715 2725 989 2770 essepraeter
1009 2719 1108 2758 enini
1123 2726 1263 2759 caetera
1278 2727 1316 2759 ct
1336 2721 1578 2760 ambitionem
1598 2722 1774 2764 hominis,
