1923 3149
435 215 635 252 ORATIO
667 214 774 252 PRO
805 212 1264 253 MEGALOPOLITIS.
1484 208 1571 253 ‘137

127 315 177 353 cti
208 316 361 364 suerint,
386 318 493 369 justo
524 319 686 370 majores
719 330 794 356 non
827 322 942 355 erunt
960 317 1258 363 Lacedaemonii,
1279 318 1382 369 quod
1404 318 1573 358 Arcades

127 376 364 417 adversarios
383 379 421 417 in
440 380 578 418 vicinia
596 379 814 422 habebunt:
846 378 904 416 sin
924 378 1095 417 Thebani
1113 378 1211 417 forte
1230 381 1455 419 emerserint
1467 381 1574 420 inco·

124 438 322 492 lumesque
351 442 560 482 manserint
588 448 626 480 et
657 455 733 480 non
765 439 1013 486 conciderint,
1033 441 1170 479 saltem
1205 441 1429 480 infirmiores
1448 449 1575 490 erunt,

124 508 325 552 postquam
345 503 383 541 hi
403 504 497 541 socii
515 504 623 541 nobis
643 503 747 549 facti,
768 509 807 540 et
833 515 902 552 per
932 515 1003 540 nos
1023 502 1236 541 conservati
1264 503 1426 541 suerint:
1459 518 1576 555 quare

124 563 249 601 modis
281 565 457 602 omnibus
482 563 648 615 expedit,
673 570 714 601 ut
742 564 916 602 Arcades
938 576 1063 615 neque
1084 563 1305 603 deseramus
1324 578 1450 616 neque
1471 579 1575 604 com-

123 623 332 671 mittamus,
352 626 383 663 si
402 626 497 663 forte
515 625 723 663 manserint
741 625 970 672 incolumes,
991 631 1036 663 ut
1051 631 1118 663 aut
1138 627 1216 663 suis
1237 627 1405 664 evasisse
1432 627 1574 665 viribus

126 692 192 723 aut
211 687 368 725 aliorum
388 699 504 737 opera
523 700 567 725 ac
582 700 658 724 non
676 693 803 725 vestra
821 700 892 738 ope
913 687 1126 725 conservati
1146 700 1230 725 esse
1248 687 1460 726 videantur.

181 748 240 785 11.
271 747 355 798 Ego
375 747 542 798 quidem,
561 748 831 795 Athenienses,
852 748 957 787 Deos
976 754 1110 795 testor,
1125 762 1186 787 me
1205 756 1360 788 neutros
1373 748 1433 787 vel
1449 762 1576 789 amare

123 808 183 846 vel
203 808 332 847 odisse
351 808 551 860 privatim;
583 811 652 849 sed
671 823 717 849 ea
735 810 875 849 dixisse
896 824 983 861 quae
1002 811 1110 849 vobis
1129 811 1328 862 profutura
1351 818 1506 863 putem:
1536 817 1575 850 et

123 881 192 907 vos
222 869 351 909 hortor
381 877 494 922 atque
519 885 671 920 moneo,
705 886 754 911 ne
789 872 1090 924 Megalopolitas
1110 872 1308 920 deseratis,
1327 881 1395 912 aut
1418 872 1574 913 omnino

123 931 244 971 ullum
260 932 544 974 imbecilliorem
561 934 748 987 objiciatis
767 934 959 974 violentiae
980 934 1244 987 potentiorum.
