1923 3149
643 171 1042 210 ARGUMENTUM
1066 202 1074 208 .
1472 209 1475 213 ,
1516 174 1591 209 5223

119 310 121 315 Ι
150 277 239 304 betur
255 273 340 314 prius
357 274 471 304 crimen
487 275 524 304 de
543 275 764 305 Phocensibus.
785 276 861 305 Haec
879 279 909 304 et
924 275 989 304 haec
1006 279 1182 314 argumento
1200 279 1281 310 sunt,
1295 274 1466 314 inquit,illa
1481 285 1604 315 compa·

151 330 213 355 rata
229 330 260 354 et
271 326 419 355 instructa
434 336 615 365 esse‚—per
625 336 691 365 quae
709 326 798 355 simul
812 325 902 355 etiarn
921 324 1002 354 tollit
1018 324 1173 354 AEschinis
1184 326 1314 356 colorem
1329 327 1365 355 ad
1383 327 1603 365 ignorationem

151 380 181 405 et
198 375 444 416 deprecationem
462 376 726 415 confugientis—,
744 380 834 414 atque
857 379 1103 413 argumentorum
1121 375 1181 404 alia
1198 385 1233 404 ex
1252 371 1478 415 praetermissis,
1491 377 1550 406 alia
1565 388 1605 406 ex

151 427 240 457 sactis
254 427 352 466 petiit.
370 428 459 466 Quod
478 428 660 466 suffragatus
675 428 765 457 suerit
778 426 959 462 Philocrati,
975 435 1080 465 pacem
1096 426 1161 455 sine
1179 427 1391 456 Phocensibus
1406 428 1583 457 decernenti
1601 438 1607 456 z

149 478 230 515 quod
245 487 302 506 non
316 478 456 516 exegerit
468 478 680 516 jusjurandum
697 488 714 507 a
727 477 898 513 Thessalis,
916 476 1053 515 Philippi
1072 476 1175 512 sociis,
1193 477 1245 516 qui
1263 487 1321 506 non
1338 478 1517 508 militassent
1533 489 1605 508 con-

150 533 197 558 tra
216 530 404 565 Phocenses,
420 529 445 558 si
463 530 679 568 jusjurandum
695 529 872 559 dedissent:
898 528 980 567 quod
998 528 1131 567 spatium
1148 528 1296 568 Philippo
1313 529 1477 568 praebuerit
1494 529 1605 558 instru-

151 581 238 610 endae
253 586 359 611 contra
382 581 557 610 Phocenses
574 579 794 619 expeditionis,
811 584 1029 609 commoratum
1047 580 1126 609 enirn
1143 579 1237 610 fuisse
1254 580 1293 609 de
1309 579 1472 615 industria,
1489 584 1520 609 et
1535 590 1608 609 con-

152 633 320 671 sumpsisse
338 636 470 670 tempus,
487 641 522 660 ne
539 631 630 660 missa
654 630 754 660 classe
771 631 905 669 populus
921 630 1015 669 Pylas
1039 631 1211 660 clauderet:
1237 630 1319 669 quod
1336 630 1493 669 deceperit
1509 641 1606 669 popu-

153 683 210 712 lum
229 683 299 712 data
315 692 408 720 opera
433 681 551 720 duplici
567 691 633 719 spe,
651 690 719 715 una,
735 680 799 710 fore
817 685 849 710 ut
863 680 1001 710 Thebani
1017 681 1231 719 perderentur,
1255 681 1360 716 altera,
1385 686 1418 710 nt
1435 681 1607 711 Phocenses

151 737 414 767 conservarentur,
435 742 471 761 ne
495 731 628 770 spatium
645 732 768 761 daretur
792 731 832 761 de
855 731 1064 761 incolumitate
1092 732 1294 761 Phocensium
1317 732 1519 767 deliberandi,
1541 743 1607 762 curn

149 783 293 818 dixisset,
309 782 398 812 fidem
416 782 585 811 habendam
607 792 676 812 esse
698 782 856 821 Philippo,
872 782 924 821 qui
949 793 982 812 se
1001 782 1064 812 illis
1085 783 1115 817 in
1139 783 1266 821 gratiam
1294 787 1406 813 nostrae
1422 783 1507 814 urbis
1527 784 1608 814 velle

151 843 277 871 parcere
294 833 499 872 promisisset.
515 832 560 862 Ac
569 832 680 872 prioris
689 833 866 872 quaestionis
884 834 948 863 haec
963 839 1143 873 argumenta
1156 839 1226 863 sunt
1239 846 1244 863 :
1259 835 1437 875 posterioris
1447 839 1559 870 autem,
1571 835 1610 864 de

150 883 378 924 largitionibus,
394 884 466 913 dum
483 884 619 914 ostendit
633 885 792 924 accepisse
810 885 988 914 AEschinem
1005 885 1179 923 pecuniam,
1195 886 1261 915 haec
1276 891 1462 925 argumenta,
1483 897 1611 925 quorum

149 935 222 965 item
237 935 296 964 alia
310 946 326 965 e
342 935 556 974 praetermissis
573 935 670 974 petita
686 939 766 971 sunt,
783 935 843 966 alia
859 946 875 965 e
892 936 993 965 factis.
1009 936 1078 965 Non
1091 935 1168 970 odit,
1184 936 1297 975 inquit,
1312 937 1498 977 Philippum,
1516 947 1611 977 quan-

150 997 240 1025 quam
264 988 300 1016 ab
317 996 353 1016 eo
371 987 529 1026 deceptus,
547 990 580 1015 ut
596 985 657 1015 ait:
684 986 890 1025 patrocinatus
907 991 954 1016 est
970 986 1132 1026 Philippo,
1150 991 1182 1016 ut
1197 987 1385 1027 Amphictyo
1407 987 1504 1024 fieret,
1517 999 1610 1027 quum

152 1047 187 1066 ea
204 1038 242 1067 de
256 1047 288 1067 re
302 1037 484 1077 legationem
503 1037 560 1066 huc
577 1036 733 1067 misissent
749 1037 1011 1076 Amphictyones:
1038 1042 1192 1077 perpetua
1207 1039 1429 1069 consuetudine
1452 1039 1610 1070 Philocra-

152 1088 191 1117 tis
208 1088 312 1123 utitur‚
329 1087 467 1126 corrupti
485 1087 721 1127 largitionibus:
746 1088 921 1127 postulatus
938 1088 975 1116 ad
992 1088 1155 1119 dicendum
1179 1090 1397 1126 testiinonium,
1413 1101 1482 1120 cum
1499 1091 1611 1130 Hype-

151 1139 234 1168 rides
250 1130 455 1169 1511itocratem
469 1138 646 1174 detulisset,
659 1148 830 1177 quanquam
842 1148 993 1181 praesenS,
1011 1148 1045 1168 os
1059 1149 1119 1168 non
1134 1141 1253 1178 aperuit
1270 1152 1277 1169 ε
1305 1146 1423 1171 creatus
1443 1142 1564 1180 legatus
1579 1142 1611 1172 in

152 1190 320 1219 Phocidem
337 1190 375 1219 ad
389 1189 568 1229 Philippum
579 1190 618 1219 de
633 1189 908 1228 pollicitationibus
922 1189 1088 1225 firmandis,
1100 1196 1249 1229 aegrotare
1266 1202 1298 1221 se
1317 1192 1489 1222 simulavit:
1513 1192 1613 1232 captis

152 1241 366 1270 Phocensibus
379 1244 450 1279 post
464 1239 676 1278 ejurationem,
691 1239 772 1269 ultro
788 1239 852 1270 sine
864 1240 1047 1269 auctoritate
1061 1241 1187 1279 publica
1203 1247 1249 1271 est
1263 1243 1433 1281 profectus,
1449 1253 1508 1282 quo
1521 1244 1613 1274 etiarn

151 1295 288 1330 ternpore
310 1301 420 1321 cavere
446 1301 514 1320 eum
540 1291 712 1330 oportebat.
740 1291 818 1320 Haec
835 1295 1012 1330 argumenta
1036 1296 1108 1321 sunt
1124 1293 1268 1322 secundae
1290 1293 1450 1323 orationis.
1475 1294 1561 1323 Inter
1578 1305 1614 1324 ea

151 1346 252 1372 antem
265 1342 471 1372 firmissimum
487 1346 547 1378 est,
564 1352 686 1381 quoque
702 1342 835 1371 maxime
853 1341 969 1378 nititur,
981 1342 1143 1382 promissio
1157 1348 1187 1372 et
1199 1342 1382 1382 pollicitatio
1394 1344 1561 1381 AEschinis,
1574 1345 1613 1375 de

151 1392 305 1423 Thebanis
319 1396 350 1422 et
374 1393 598 1422 Phocensibus.
621 1393 844 1432 Argumentum
861 1392 1008 1422 orationis
1023 1393 1231 1432 conjecturale
1247 1398 1317 1431 est3
1340 1404 1439 1433 neque
1455 1395 1535 1425 enim
1554 1395 1615 1425 cri-

151 1444 233 1474 mina
247 1445 358 1474 fatetur
370 1443 545 1480 AEschines,
562 1444 616 1473 sed
633 1444 757 1474 omnino
769 1448 872 1482 negat.
885 1444 994 1474 Causae
1013 1453 1108 1483 genus
1122 1444 1173 1473 alii
1189 1444 1321 1483 simplex
1332 1450 1453 1484 putant,
1465 1452 1497 1476 et
1508 1448 1615 1486 copio-

153 1504 216 1524 sam
233 1494 261 1524 in
276 1506 335 1524 uno
352 1494 478 1525 crimine
489 1495 647 1534 probando
663 1494 853 1524 concurrisse
866 1495 1021 1524 materiam
1037 1505 1043 1524 ε
1064 1495 1116 1525 alii
1129 1495 1219 1525 simul
1233 1496 1402 1526 confirmari
1415 1497 1476 1526 duo
1488 1497 1615 1528 crimina

153 1550 299 1582 statuunt,
315 1557 407 1576 unum
419 1547 595 1582 Phocense,
610 1547 737 1576 alterurn
754 1547 938 1576 Thracense.
957 1547 1126 1577 Menander
1139 1551 1240 1577 autem
1256 1548 1423 1578 incidentia
1438 1555 1535 1579 vocat.
1553 1551 1615 1580 Ex·

154 1598 273 1627 ordinm
288 1602 441 1637 sumptum
456 1603 504 1628 est
518 1609 535 1628 a
546 1599 706 1628 calumnia.
723 1600 804 1628 Dum
817 1598 897 1628 enim
912 1597 1134 1633 adversarium,
1151 1598 1291 1628 timidum
1306 1603 1335 1629 et
1347 1600 1515 1639 supplicem
1529 1601 1615 1636 facit,

152 1649 267 1679 indicat
281 1660 350 1679 eum
363 1660 455 1679 causa
466 1660 572 1689 parum
585 1660 653 1680 esse
667 1651 790 1680 fretum.
807 1650 903 1680 Simul
915 1650 1006 1680 etiam
1020 1651 1057 1680 ad
1074 1651 1177 1679 odium
1191 1650 1403 1681 concitandum
1417 1662 1452 1681 ea
1465 1652 1615 1682 sententia

154 1701 306 1740 pertinere
322 1705 438 1740 potest,
452 1712 511 1740 quo
528 1701 630 1731 statim
647 1706 710 1731 turn
724 1701 947 1737 adversarium,
961 1705 1024 1730 tum
1042 1706 1186 1739 patronos
1204 1702 1384 1737 adversarii,
1401 1707 1434 1732 ut
1451 1702 1615 1739 Eubulum,

153 1757 183 1781 et
206 1753 272 1792 ejus
297 1752 474 1787 familiares,
495 1752 684 1791 perstringit.
722 1754 850 1792 Semper
881 1753 964 1782 enim
987 1752 1128 1781 Eubulus
1159 1752 1288 1782 infestus
1318 1753 1377 1783 fuit
1406 1754 1616 1789 Demostheni,

155 1808 281 1842 propter
293 1802 408 1832 crimen
421 1803 497 1832 illud
514 1803 698 1839 Aristarchi,
713 1807 747 1832 ut
760 1813 799 1832 ex
817 1803 956 1832 oratione
973 1802 1111 1832 Midiana
1127 1803 1338 1843 cognovimuS.

589 2099 1176 2154 DEMOSTHENIS

387 2247 476 2294 DE
514 2248 701 2297 MALE
739 2248 954 2296 GESTA
992 2248 1384 2297 LEGATIONE

755 2373 1018 2415 ORATIO.

215 2482 248 2518 l.
280 2481 468 2524 QUANTA
490 2480 527 2518 in
554 2480 629 2518 hoc
647 2478 796 2532 judicio
829 2480 1076 2519 contentione
1106 2487 1265 2520 utantur
1291 2480 1511 2527 adversarii,
1533 2483 1616 2532 qui-

156 2543 229 2580 bus
244 2542 615 2593 prehensationibus‚
631 2542 905 2588 Athenienses,
925 2541 1004 2579 fere
1025 2554 1158 2579 omnes
1178 2555 1246 2580 vos
1263 2542 1424 2580 arbitror
1443 2544 1617 2581 animad-

156 2605 330 2650 vertisse,
356 2616 444 2641 cum
476 2604 593 2654 paulo
626 2610 714 2642 ante
745 2603 927 2641 videretis
962 2602 1163 2654 quosdam,
1187 2603 1279 2641 dum
1301 2605 1540 2650 sortiremini,
1561 2605 1618 2643 fa-

156 2679 309 2704 cessere
329 2665 525 2716 negotium
545 2672 584 2703 et
601 2665 819 2716 supplicare
840 2664 971 2703 vobis:
1003 2671 1133 2715 petam
1155 2671 1284 2703 autem
1311 2678 1334 2702 a
1355 2664 1458 2702 vobis
1493 2664 1616 2702 omni-

157 2729 228 2766 bns
251 2741 310 2774 ea,
330 2740 418 2778 quae
450 2726 564 2764 etiam
595 2740 674 2764 non
704 2727 930 2777 rogantibus
962 2727 1138 2777 praestari
1166 2733 1224 2763 est
1243 2739 1411 2776 aequum,
1431 2732 1474 2762 ut
1492 2737 1617 2775 neque

158 2790 321 2841 gratiam
340 2789 475 2833 ullam,
491 2801 614 2838 neque
636 2788 756 2826 virum
771 2788 892 2839 pluris
910 2788 1073 2834 faciatis,
1093 2801 1210 2838 quam
1229 2787 1465 2836 aequitatem,
1480 2792 1518 2824 et
1531 2785 1617 2836 jus-

151 2851 374 2899 jurandum,
400 2863 476 2901 quo
496 2863 596 2887 unus
616 2849 780 2899 quisque
801 2856 973 2887 vestrum
993 2849 1085 2887 dato
1117 2849 1194 2886 huc
1213 2855 1273 2885 est
1304 2847 1525 2897 ingressus;
1555 2847 1620 2890 vel

157 2911 230 2951 hae
262 2913 310 2952 de
330 2924 463 2960 causa,
484 2911 591 2961 quod
609 2910 684 2948 hoc
704 2923 725 2948 e
747 2922 789 2948 re
808 2917 937 2950 vestra
955 2917 1028 2956 est,
1049 2917 1089 2948 et
1110 2909 1227 2948 totius
1248 2907 1426 2953 civitatis,
1450 2908 1616 2948 advoca-
