1923 3149
282 127 351 164 182
824 128 897 166 DE
927 129 1168 167 CORONA.

276 228 331 265 ita
350 227 511 265 duarum
537 227 761 267 trierarchus
781 232 900 269 evasit
919 233 982 282 qui
1012 238 1099 268 ante
1126 230 1164 268 in
1194 243 1307 268 unam
1331 231 1514 268 triremem
1535 231 1708 269 decimus

278 296 410 327 sextus
429 290 628 340 pecuniam
644 293 881 337 contulerat:
912 307 1034 344 neque
1064 294 1164 331 enim
1188 293 1414 331 trierarchos
1433 306 1486 339 se,
1505 294 1573 331 sed
1593 292 1709 331 colla-

278 356 380 388 tores
398 351 655 402 appellabant.
713 355 840 395 Quare
861 362 903 392 ut
923 355 1004 391 haec
1024 354 1245 392 tollerentur
1264 367 1359 392 neve
1376 354 1446 404 ipsi
1461 354 1567 404 justa
1585 354 1708 391 facere

276 420 516 463 cogerentur,
547 413 638 451 nihil
671 422 731 452 est
757 415 859 465 quod
888 428 963 453 non
986 416 1127 453 fuerint
1154 415 1290 453 daturi.
1345 416 1402 453 Ac
1431 415 1520 451 mihi
1548 415 1709 465 primum

278 473 396 511 recita
414 474 611 512 decretum
644 475 750 520 illud,
779 489 854 526 quo
874 477 911 513 in
934 477 1118 524 judicium
1136 477 1328 515 adductus
1349 489 1446 522 sum,
1466 475 1601 513 deinde
1622 487 1709 512 cen-

279 547 389 572 suum
409 535 696 586 descriptiones,
715 545 796 574 tum
813 538 917 575 illam
932 551 1016 588 quae
1035 539 1155 589 priore
1175 539 1260 589 lege
1281 546 1362 575 tum
1379 537 1478 575 hanc
1509 549 1596 586 quae
1627 548 1712 572 mea

278 595 451 633 instituta
467 604 536 634 est.
594 597 742 634 Recita.

836 733 1161 770 DECRETUM.

321 823 475 855 Archonte
491 823 756 862 Polycle,mensis
772 825 1008 855 Boedromionis
1030 826 1080 855 die
1106 835 1190 861 xvr„
1214 826 1294 855 tribu
1325 825 1589 866 Hippothoontide
1610 822 1717 862 praesi-

279 875 379 909 dente,
396 874 616 903 Demosthenes
634 874 848 904 Demosthenis
865 875 884 905 f.
909 875 1093 905 Paeaniensis
1109 876 1207 914 legem
1225 877 1345 905 induxit
1360 876 1389 904 in
1407 876 1519 905 curiam
1546 872 1715 904 trierarchi-

278 936 343 955 cam
358 925 426 954 loco
441 924 619 963 superioriS,
630 925 720 963 juxta
731 935 820 963 quam
835 925 1014 955 tributorum
1025 926 1203 955 collationes
1219 926 1331 956 fiebant
1345 937 1361 955 a
1373 926 1544 955 trierarchis
1559 937 1564 954 :
1589 933 1713 963 eamque

278 976 431 1014 suffragiis
455 976 517 1004 suis
537 975 746 1015 comprobavit
771 981 892 1006 senatus
913 987 948 1006 ac
971 977 1111 1016 populus.
1142 977 1183 1006 Et
1197 977 1364 1016 postulavit
1380 977 1615 1006 Demosthenem
1638 973 1715 1012 legis

277 1036 336 1055 non
348 1026 483 1065 legitime
499 1031 612 1064 rogatae
627 1026 780 1055 Patrocles
798 1026 969 1065 Phlyensis,
982 1027 1068 1066 isque
1080 1027 1184 1066 quinta
1199 1027 1409 1067 suffragiorum
1419 1032 1504 1066 parte
1514 1037 1573 1056 non
1589 1029 1715 1064 accepta

278 1076 440 1106 mulctatus
456 1081 504 1106 est
515 1075 686 1115 quingentis
698 1076 859 1107 drachmis.

281 1152 363 1203 Age
378 1152 504 1204 profer
519 1158 558 1190 et
576 1152 770 1203 egregiam
789 1153 892 1191 illam
910 1166 1049 1191 census
1066 1153 1375 1205 descriptionem.

820 1300 1163 1339 DESCRIPTIO.

319 1386 493 1416 Trierarchi
513 1387 550 1416 ad
567 1386 718 1416 triremem
736 1387 935 1417 instruendam
950 1394 1097 1418 vocentur
1113 1388 1248 1419 senideni
1265 1389 1303 1418 ad
1322 1388 1468 1418 rationem
1491 1397 1591 1417 earum
1615 1387 1719 1416 tributi

282 1437 476 1466 collationum
490 1446 556 1475 quae
570 1437 600 1466 in
618 1437 780 1476 manipulis
797 1438 951 1467 observari
968 1439 1077 1474 solent,
1088 1439 1124 1467 ab
1137 1449 1214 1467 anno
1227 1439 1324 1467 aetatis
1342 1438 1485 1468 vicesimo
1497 1437 1602 1476 quinto
1618 1447 1715 1475 usque

281 1488 318 1517 ad
337 1487 608 1527 quadragesimum,
621 1487 710 1526 hique
727 1493 863 1528 sumptus
882 1499 920 1517 ex
937 1499 1023 1527 aequo
1037 1489 1240 1528 suppeditent.

282 1562 414 1600 Profer
438 1563 519 1613 jam
550 1576 635 1600 cum
668 1563 740 1600 hac
772 1563 1016 1614 conferendam
1046 1577 1183 1602 census
1216 1564 1510 1615 descrIptionem
1530 1577 1615 1614 quae
1635 1575 1720 1600 mea

281 1623 366 1674 lege
386 1623 612 1661 decernitur.

827 1734 1171 1772 DESCRIPTIO.

323 1827 496 1857 Trierarchi
511 1828 548 1857 ad
565 1827 695 1857 triremis
712 1833 861 1867 sumptum
888 1829 1061 1868 deligantur
1086 1840 1143 1868 pro
1169 1839 1202 1858 re
1227 1827 1378 1863 familiari,
1399 1839 1477 1867 quae‚
1493 1838 1586 1858 censu
1602 1828 1716 1863 habito,

281 1879 386 1908 decem
401 1879 545 1908 talentum
562 1879 619 1908 sit:
643 1880 724 1918 qnod
747 1878 773 1908 si
795 1879 891 1918 pluris
908 1880 1056 1909 aestimata
1071 1880 1163 1909 suerit
1175 1890 1223 1909 res
1239 1879 1405 1916 familiaris,
1420 1890 1476 1918 pro
1493 1880 1549 1909 hac
1564 1880 1717 1919 proporti-

282 1940 340 1959 one
357 1940 452 1968 usque
466 1930 503 1958 ad
519 1929 576 1959 tria
586 1929 706 1969 navigia
718 1935 748 1960 et
762 1931 903 1970 scapham
915 1931 1087 1961 conserendi
1103 1942 1209 1961 munus
1222 1931 1445 1971 progrediatur.
1493 1932 1605 1961 Eadem
1617 1936 1716 1962 autem

282 1980 359 2010 ratio
376 1984 512 2009 servetur
525 1980 554 2009 iu
570 1980 607 2009 iis
629 1990 753 2019 quorum
770 1982 846 2010 bona
861 1981 987 2010 minoris
1005 1981 1064 2011 sint
1076 1992 1164 2021 quam
1179 1982 1283 2011 decem
1299 1982 1458 2018 talentum,
1472 1981 1653 2012 consociatis
1670 1982 1717 2012 in-

283 2034 331 2061 ter
342 2041 374 2061 se
388 2041 484 2070 usque
500 2031 570 2060 dum
586 2031 692 2061 decem
708 2031 821 2062 talenta
837 2031 1032 2061 confecerint.

336 2125 398 2161 31.
427 2123 611 2172 Nunquid
630 2123 735 2161 vobis
756 2137 889 2174 parum
905 2125 1034 2162 videor
1054 2124 1181 2161 auxilii
1200 2125 1426 2175 pauperibus
1444 2126 1628 2173 attulisse,
1651 2136 1717 2166 aut

282 2197 415 2236 parum
435 2184 559 2221 daturi
574 2184 748 2222 videntur
766 2185 912 2231 divites,
933 2199 980 2223 ne
992 2187 1097 2234 justa
1117 2185 1241 2223 facere
1269 2187 1525 2235 cogerentur?
1579 2189 1715 2240 Itaque

282 2259 360 2284 non
379 2245 522 2284 idcirco
554 2252 699 2283 tantum
728 2246 869 2296 glorior
896 2246 999 2296 quod
1030 2245 1111 2283 haec
1136 2245 1207 2283 illis
1235 2258 1310 2283 non
1332 2247 1519 2292 concessi,
1539 2249 1718 2300 quodque

282 2307 322 2344 in
341 2307 528 2358 judicium
560 2314 716 2344 vocatus
746 2307 945 2344 absolutus
977 2320 1074 2351 sum,
1109 2306 1177 2344 sed
1208 2307 1311 2356 quod
1343 2307 1467 2357 legem
1494 2309 1624 2346 utilem
1645 2312 1715 2349 tuli

281 2367 398 2417 idque
428 2379 467 2404 re
495 2367 665 2416 probavi.
722 2367 821 2404 Nam
841 2381 927 2404 cum
958 2375 1039 2405 toto
1065 2367 1152 2405 belli
1173 2374 1342 2418 tempore
1362 2370 1570 2408 secundum
1589 2385 1715 2412 meam

281 2429 406 2479 legem
425 2427 566 2464 classes
585 2427 833 2472 mitterentur,
850 2428 975 2466 nullus
990 2441 1154 2477 unquam
1167 2428 1393 2467 trierarchus
1407 2430 1455 2467 ad
1470 2444 1536 2469 vos
1549 2434 1716 2484 supplex

282 2489 457 2539 confugit
475 2495 516 2525 ut
530 2488 667 2537 injuria
680 2489 807 2534 laesus,
827 2489 951 2527 nullus
971 2489 1009 2526 in
1027 2488 1242 2539 Munychia
1261 2490 1371 2535 sedit,
1391 2491 1517 2530 nullus
1542 2506 1565 2531 a
1582 2494 1715 2533 classis

282 2550 477 2589 mittendae
495 2550 733 2588 curatoribus
752 2550 790 2587 in
809 2550 962 2588 vincula
982 2550 1177 2601 conjectus
1203 2558 1272 2596 est,
1293 2552 1397 2589 nulla
1416 2553 1572 2592 triremis
1590 2568 1714 2606 neque

282 2613 373 2652 sor1s
392 2610 664 2662 comprehensa
681 2611 791 2661 periit
809 2611 1038 2662 reipublicae,
1054 2623 1174 2661 neque
1189 2611 1250 2649 hic
1265 2612 1394 2650 relicta
1405 2613 1476 2650 suit
1487 2613 1590 2664 quod
1604 2615 1716 2654 educi

284 2687 360 2712 non
371 2679 513 2724 posset.
557 2672 678 2721 Atqui
698 2671 882 2721 prioribus
897 2672 1046 2722 legibus
1063 2672 1147 2709 haec
1167 2673 1294 2709 omnia
1309 2674 1545 2712 accidebant.
1587 2675 1717 2714 Causa

283 2742 409 2773 autem
429 2734 465 2771 in
485 2733 714 2784 pauperibus
739 2733 987 2778 consistebat,
1002 2733 1140 2783 quippe
1161 2734 1224 2783 qui
1246 2747 1384 2771 munus
1404 2734 1596 2785 publicum
1611 2736 1714 2774 obire

282 2809 360 2833 non
379 2802 579 2846 poterant:
609 2806 870 2844 saepenumero
882 2794 1034 2844 quidem
1055 2794 1239 2844 ejusmodi
1254 2795 1508 2834 nascebantur
1528 2795 1714 2835 defectus.

285 2855 368 2906 Ego
401 2867 490 2895 vero
522 2869 546 2894 a
578 2854 805 2906 pauperibus
841 2855 890 2893 ad
914 2855 1124 2906 locupletes
1155 2856 1329 2894 transtuli
1361 2856 1594 2896 trierarchias
1610 2871 1618 2894 z
1658 2858 1712 2896 ita
