1923 3149
268 341 674 381 ARGUMENTUM
705 340 1014 379 ORATIONIS
1045 339 1331 379 ADVERSUS
1362 341 1638 380 APHOBUM

625 403 697 441 DE
729 404 897 442 FALSO
927 402 1283 442 TESTIMONIO.

270 524 470 553 Aecustt‘rus
495 523 573 552 male
600 522 821 552 ndministratae
843 522 947 551 tutelae
972 522 1133 560 Aphobus,
1157 522 1185 551 in
1206 522 1404 561 quaestionem
1432 533 1448 551 a
1472 522 1683 552 Demosthene

226 575 402 613 postulabat
418 574 558 613 Milyam,
575 583 663 613 quem
679 574 773 603 sciret
789 583 847 602 non
864 573 1000 602 deditum
1021 573 1069 602 iri.
1114 574 1191 602 Nam
1206 573 1445 608 Demosthenes,
1458 574 1538 612 quod
1554 574 1684 608 diceret,

227 635 286 655 non
301 636 436 661 servum,
454 625 507 654 sed
526 625 656 654 liberum
673 634 742 653 csse
760 623 897 662 Milyam‚
919 635 936 654 a
952 630 1038 663 patre
1060 625 1206 654 morituro
1223 625 1452 658 manumissum,
1468 634 1535 654 eum
1551 634 1610 663 non
1628 624 1683 653 de-

227 676 331 705 debat.
377 676 424 704 Ad
448 676 479 704 id
504 675 691 712 probandum
709 684 776 704 cum
794 674 853 703 alia
869 674 1022 710 attulerat,
1044 680 1105 703 tum
1122 674 1212 704 etiam
1233 675 1378 714 Stephani
1395 674 1613 709 testimonium,
1630 673 1683 713 qui

225 726 305 765 apud
319 725 442 763 judices
459 724 647 758 affirmasset,
658 734 758 753 coram
773 723 897 753 arbitris
909 725 1081 754 consessum
1095 736 1162 754 esse
1177 725 1338 764 Apliobum
1352 726 1391 754 de
1407 725 1513 763 Milyae
1531 724 1681 754 libertate.

227 778 395 806 Damnatus
420 779 521 804 autem
545 774 622 804 male
644 780 739 812 gestae
764 774 866 802 tutelae
882 774 1032 811 Aphobus
1057 774 1125 804 falsi
1149 775 1316 804 testimonii
1336 776 1521 813 Stephanum
1540 780 1683 805 accusat:

225 836 314 865 quem
331 826 555 854 Demosthenes
579 825 634 854 liae
649 824 786 853 oratione
802 824 950 857 defendit,
965 834 1068 853 verum
1093 824 1210 854 dixisse
1238 826 1457 860 testinnonium,
1479 830 1569 864 atque
1590 826 1682 854 etiam

226 875 368 910 ostendit,
386 876 515 915 Aphobo
539 875 571 905 id
588 874 796 904 testimonium
820 873 892 903 nihil
910 875 1063 909 nocuisse,
1089 875 1142 903 sed
1167 884 1235 903 eum
1253 879 1379 913 propter
1402 875 1478 904 alios
1503 880 1599 904 testes
1616 886 1685 905 esse

224 928 411 962 damnatum,
426 932 531 956 contra
549 935 625 964 quos
643 934 711 954 cum
728 924 838 954 nullam
856 924 1004 954 actionem
1022 924 1199 959 instituerit,
1217 924 1292 954 satis
1308 934 1456 964 apparere
1474 929 1589 955 sontem
1613 936 1682 956 esse

226 978 400 1018 Aphobum.

597 1293 1307 1349 DEMOSTHENIS

737 1435 806 1483 IN
842 1435 1181 1484 APHOBUM

503 1565 687 1608 FALSI
719 1566 1109 1609 TESTIMONII
1142 1566 1403 1608 ORATIO.

282 1671 316 1706 l.
346 1669 447 1707 Nrsr
472 1670 577 1722 prius
605 1670 793 1708 adversus
825 1670 1033 1721 Aphobum
1058 1671 1097 1708 in
1115 1670 1263 1720 judicio
1283 1668 1586 1714 contendissem,
1610 1669 1684 1706 Ju«

224 1729 344 1777 dices,
359 1731 556 1782 multoque
573 1732 718 1782 majora
736 1739 777 1769 et
790 1731 991 1769 callidiora
1011 1732 1093 1783 ejus
1109 1730 1313 1769 mendacia
1329 1730 1440 1768 facile
1459 1743 1482 1767 a
1500 1742 1560 1767 me
1580 1729 1683 1767 refu-

223 1798 304 1829 tata
335 1805 417 1830 esse
444 1792 579 1831 scirem
600 1799 755 1843 propter
782 1793 1007 1844 injuriarum
1029 1793 1359 1844 perspicuitatem,
1378 1791 1535 1829 mirifice
1564 1790 1682 1841 perti-

223 1866 450 1900 mescerem,
462 1860 506 1891 ut
518 1855 633 1892 etiam
649 1867 753 1892 nunc
767 1854 972 1893 ostendere
990 1867 1162 1905 possem,
1184 1854 1325 1903 quibus
1346 1852 1558 1890 rationibus
1573 1850 1683 1888 vobis

222 1914 393 1965 undique
413 1914 544 1952 fucum
563 1916 735 1953 facturus
755 1922 879 1954 esset:
910 1929 1027 1961 nunc,
1043 1915 1116 1953 diis
1135 1916 1234 1952 bene
1255 1914 1495 1964 juvantibus,
1515 1913 1546 1951 si
1566 1913 1685 1952 modo

223 1975 345 2024 aequis
365 1981 404 2013 et
420 1976 599 2027 benignis
619 1975 754 2014 animis
775 1989 844 2014 nos
865 1975 1075 2021 audieritis,
1095 1976 1132 2013 in
1152 1975 1221 2026 s'pe
1244 1975 1389 2026 optima
1408 1987 1492 2011 sum
1512 1987 1581 2012 vos
1603 1987 1682 2012 non

223 2035 349 2073 minus
381 2049 496 2087 quam
529 2037 674 2087 priores
707 2036 867 2075 Judices
887 2036 995 2074 istius
1024 2036 1303 2087 impudentiam
1330 2049 1417 2074 esse
1444 2035 1684 2085 cognituros.

225 2095 324 2139 Quae
342 2097 374 2135 si
392 2097 485 2148 quid
506 2097 738 2148 eloquentiae
770 2105 836 2135 aut
862 2096 1086 2135 calliditatis
1108 2097 1365 2148 postularent,
1385 2096 1565 2147 equidem
1589 2097 1682 2134 sub-

223 2155 461 2196 dubitassem
480 2157 752 2197 adolescentiae
772 2171 868 2196 meae
889 2158 1197 2197 consideratione
1213 2157 1418 2196 deterritus
1434 2171 1443 2195 :
1473 2170 1578 2195 nune
1593 2158 1683 2195 sim-

224 2216 374 2267 pliciter
403 2217 580 2256 docenda
614 2226 654 2256 et
682 2218 1022 2257 commemoranda
1050 2226 1141 2258 sunt
1168 2219 1278 2257 istius
1306 2219 1344 2256 in
1378 2231 1448 2256 nos
1479 2219 1685 2256 commissa

226 2277 410 2316 facinora.
445 2278 596 2322 Quibus
616 2279 801 2330 expositis
831 2280 940 2318 vobis
966 2281 1142 2319 omnibus
1172 2280 1417 2331 perspicuum
1437 2280 1515 2317 fore
1537 2280 1685 2330 opinor,

226 2344 310 2375 uter
340 2346 514 2377 nostrum
547 2341 596 2377 sit
627 2341 838 2391 improbus.
897 2342 1086 2392 Equidem
1113 2355 1191 2380 non
1217 2342 1365 2392 ignoro,
1385 2354 1472 2378 eum
1492 2341 1682 2380 actionem

224 2399 326 2437 hanc
346 2400 571 2448 instituisse,
590 2415 668 2440 non
689 2402 792 2452 quod
813 2415 854 2440 se
872 2404 1117 2453 probaturum
1138 2403 1349 2440 confideret
1368 2404 1416 2440 ab
1430 2402 1507 2439 ullo
1521 2415 1562 2440 se
1582 2403 1684 2440 falso

224 2474 310 2499 esse
329 2462 548 2499 testimonio
565 2463 714 2509 laesum,
736 2464 805 2501 sed
825 2465 914 2514 quia
934 2470 1046 2514 putat
1070 2477 1109 2502 se
1136 2466 1184 2502 ob
1202 2464 1358 2501 mulctae
1377 2464 1681 2515 magnitudinem

225 2535 304 2572 qua
327 2522 533 2560 damnatus
558 2530 631 2569 est,
652 2531 691 2562 et
714 2525 802 2562 mihi
821 2525 1078 2563 conflaturum
1099 2525 1294 2570 invidiam,
1318 2532 1358 2563 ct
1378 2525 1448 2563 sibi
1473 2526 1544 2577 ipsi
1566 2526 1681 2564 mise-

225 2583 430 2622 ricordiam
443 2583 746 2634 impetraturum:
767 2593 1044 2637 proptereaque
1060 2592 1185 2623 actam
1200 2598 1353 2624 causam
1369 2600 1472 2625 nunc
1485 2587 1682 2632 defendet,

225 2645 275 2682 de
284 2657 358 2696 qua
370 2651 462 2682 tunc
475 2644 569 2682 nihil
584 2645 684 2695 aequi
699 2646 826 2684 dicere
839 2647 976 2698 potuit.
1004 2647 1087 2697 Ego
1100 2660 1202 2692 vero,
1214 2648 1234 2684 ιΙ
1242 2648 1392 2694 udices,
1402 2648 1591 2698 siquidem
1603 2661 1681 2686 rem

218 2704 432 2756 judicatam
454 2706 502 2743 ab
518 2718 564 2743 eo
582 2706 794 2756 exegissem
817 2714 884 2744 aut
903 2707 1030 2745 nullas
1050 2720 1181 2757 aequas
1210 2708 1450 2746 conditiones
1479 2708 1680 2746 admittere

225 2767 447 2811 voluissem,
474 2779 521 2803 ne
551 2767 606 2804 sic
626 2767 781 2817 quidem
802 2768 1066 2818 deliquissem,
1099 2776 1141 2806 ut
1172 2769 1235 2819 qui
1263 2782 1308 2806 ca
1328 2770 1560 2820 postularem
1592 2783 1679 2819 quae

224 2826 360 2864 vestris
381 2827 580 2864 sententiis
610 2827 770 2865 decreta
801 2835 945 2878 essent,
977 2829 1044 2866 sed
1078 2829 1152 2867 dici
1183 2837 1309 2868 tamen
1339 2830 1543 2881 potuisset,
1564 2830 1680 2867 istum

227 2888 420 2925 hominem
440 2895 650 2939 cognatum
673 2889 918 2928 inhumanius
938 2896 977 2928 et
997 2891 1170 2929 acerbius
1192 2891 1356 2930 fortunis
1377 2905 1460 2930 esse
1481 2904 1681 2930 eversum:
