1923 3149
263 120 311 157 62
798 115 1211 155 ARGUMENTUM.

305 230 356 261 6⁰.
383 226 658 260 Postulaverunt
675 225 914 260 Athenienses
939 228 979 259 ut
999 226 1108 260 ceteri
1125 226 1244 259 Graeei
1260 226 1320 270 qui
1339 226 1474 261 foedere
1500 237 1570 261 non
1591 228 1704 261 eonti-

261 282 431 314 nerentur
447 280 548 314 liberi
562 281 701 320 essent;
727 281 915 323 postulatis
929 279 1056 313 annuit
1072 280 1257 324 Philippus
1274 282 1310 313 et
1327 282 1542 315 contrarium
1559 281 1655 316 fecit.

305 337 353 368 7⁰.
385 334 635 368 Contendebat
653 335 709 367 ille
733 345 769 367 sc
786 334 872 367 nihil
897 335 1099 377 promisisse
1120 335 1417 370 Atheniensibus:
1445 340 1481 369 at
1510 339 1604 370 certe
1621 347 1702 380 pro-

259 390 365 422 missa
381 391 525 421 exstant
536 389 700 431 quamvis
717 398 771 420 res
789 398 858 420 nou
874 391 1007 421 secutae
1026 388 1109 421 sint.

304 446 354 478 8⁰.
380 443 567 476 Scribebat
590 443 686 475 idem
712 452 748 474 sc
771 441 885 474 dehis
911 452 992 484 quae
1009 445 1087 484 post
1104 451 1229 485 pacem
1257 442 1389 476 saetam
1418 444 1516 486 cepit
1539 446 1702 486 paratum

258 509 335 531 esse
358 508 433 531 rem
452 497 591 529 arbitris
615 496 833 539 permittere,
857 498 894 529 et
919 497 1095 529 remisisse
1113 507 1253 540 semper
1271 507 1395 531 omncs
1417 497 1577 541 captivos
1594 497 1706 530 Athe-

257 552 446 586 niensium.
479 550 583 584 Prius
605 550 731 583 inutile
748 553 812 590 est,
830 550 1007 594 posterius
1024 560 1094 582 non
1112 551 1258 583 omnino
1275 561 1408 593 verum,
1427 550 1457 584 si
1474 552 1619 595 quidem
1637 560 1704 584 rex

256 607 459 650 Carystium
473 604 664 649 quemdam
678 604 960 639 Atheniensibus
978 605 1091 637 noluit
1108 606 1320 639 condonare.

303 665 352 696 9⁰.
382 660 438 694 Dc
452 660 673 693 Chersoneso
691 662 727 692 et
743 658 885 701 Cardia,
902 669 967 692 nec
984 669 1090 704 oequa.
1105 669 1168 693 rex
1184 659 1343 694 Macedo
1357 661 1509 705 scripsit,
1524 671 1590 695 nec
1611 670 1705 701 vera,

257 727 325 751 nec
343 716 452 760 digna
468 714 628 748 Athenis.

800 792 979 826 Orationis
995 792 1174 827 com-lusio.

304 865 498 901 Concludit
512 850 629 899 orator
653 863 888 906 vituperando
905 874 966 896 eos
984 863 1046 907 qui
1064 863 1254 907 epistolam
1273 863 1427 907 Philippi
1443 864 1649 904 laudabant,
1668 865 1705 897 et

258 921 458 966 pollicendo
475 930 512 952 se
533 921 570 952 et
585 918 678 961 regis
693 917 880 961 epistolam
897 921 934 951 ct
959 919 1158 961 legatorum
1178 919 1283 951 verba
1300 919 1439 962 plenius
1456 919 1705 953 refutaturum.

306 975 416 1008 Dicta
428 977 481 1008 est
498 973 576 1007 haec
593 972 705 1006 oratio
723 981 816 1005 anno
830 973 987 1006 secundo
1004 973 1230 1016 Olympiadis
1248 982 1324 1014 (ΗΧ,
1341 974 1408 1007 sub
1427 974 1631 1017 Pythodoro
1654 985 1707 1008 ar-

257 1029 398 1063 chontc.

433 1301 637 1341 LIBANII
666 1303 1065 1343 ARGUMENTUM
1097 1304 1153 1341 IN
1183 1302 1513 1341 ORATIONEM

764 1383 838 1420 DE
872 1383 1191 1422 HALONESO.

300 1471 531 1506 Ixscmmrnn
545 1476 610 1505 haec
619 1475 728 1511 oratio,
741 1477 789 1506 De
801 1477 969 1514 Halooeso,
982 1478 1036 1507 sed
1049 1478 1161 1508 rectius
1178 1479 1280 1508 forsan
1293 1477 1521 1512 inscriberetur,
1532 1476 1707 1515 Responsio

258 1526 295 1555 ad
311 1525 443 1564 Philippi
456 1527 627 1566 epistolam.
674 1527 808 1566 Scripsit
827 1527 908 1557 enim
926 1528 953 1557 is
970 1529 1006 1558 ad
1025 1530 1241 1566 Athenienses,
1259 1530 1365 1559 multis
1380 1530 1419 1558 de
1434 1530 1526 1558 rebus
1542 1528 1709 1562 disserens,

257 1585 382 1613 quarum
404 1586 462 1605 una
480 1581 545 1605 erat
568 1577 755 1612 Halonesus,
772 1588 839 1616 quae
859 1588 952 1617 quum
976 1579 1141 1618 antiquitus
1157 1580 1389 1610 Atheniensium
1408 1583 1500 1614 esset,
1515 1577 1708 1619 temporibus

258 1624 393 1665 Philippi
411 1636 427 1655 a
442 1627 609 1657 latronibus
625 1630 794 1658 tenebatur.
840 1629 960 1666 Quibus
975 1630 1141 1670 Philippus
1157 1631 1275 1670 ejectis,
1290 1630 1501 1669 repetentibus
1512 1627 1707 1658 Atheniensi-

255 1676 313 1705 bus
329 1677 456 1706 insulam
471 1687 530 1707 uon
546 1678 659 1714 reddit,
685 1679 765 1717 quod
784 1689 869 1709 suam
885 1690 953 1709 esse
974 1680 1069 1716 dicat,
1081 1681 1256 1719 petentibus
1276 1691 1342 1710 eam
1365 1681 1506 1710 daturum
1523 1690 1555 1709 se
1579 1679 1708 1718 pollice-

259 1732 316 1756 tur.
363 1728 470 1766 Neque
486 1738 558 1757 vero
583 1729 681 1758 oratio
696 1729 771 1758 mihi
787 1728 908 1759 videtur
930 1740 997 1760 esse
1019 1731 1255 1769 Demosthenis3
1275 1731 1366 1769 idque
1388 1735 1452 1759 tum
1476 1740 1516 1759 ex
1534 1740 1645 1769 genere
1661 1729 1708 1758 di-

256 1777 365 1807 ctionis
375 1782 475 1815 potest
489 1777 701 1814 animadverti,
715 1783 776 1808 tum
788 1790 828 1808 ex
842 1783 992 1809 concentu
1006 1780 1247 1819 compositionis,
1258 1790 1325 1818 quae
1339 1791 1354 1810 a
1366 1781 1459 1810 forma
1472 1780 1709 1809 Demosthenica

255 1829 347 1867 longe
363 1828 493 1863 recedit,
508 1839 600 1867 quum
617 1830 745 1859 remissa
766 1829 806 1858 sit
823 1834 853 1858 et
871 1829 1023 1860 dissoluta
1041 1831 1174 1866 omniuo,
1188 1835 1277 1870 atque
1294 1832 1331 1860 ab
1347 1831 1438 1869 hujus
1453 1830 1582 1861 oratoris
1599 1840 1709 1869 genere

256 1888 383 1919 prorsus
397 1879 574 1909 abhorrens.
621 1879 702 1916 Quin
726 1880 803 1910 illud
824 1880 915 1910 etiam
938 1881 1054 1911 dictum
1071 1883 1110 1911 ad
1133 1882 1222 1911 tinem
1237 1882 1396 1917 orationis,
1412 1883 1436 1912 si
1459 1883 1542 1911 modo
1563 1891 1610 1911 vos
1629 1891 1709 1912 cere-

257 1930 343 1959 brum
358 1930 390 1959 in
404 1931 588 1968 temporibus,
603 1936 631 1961 et
645 1941 703 1961 non
716 1932 750 1961 in
765 1931 892 1961 calcibus
906 1933 1110 1963 conculcatum
1124 1934 1238 1974 geritis,
1251 1943 1311 1963 nou
1331 1944 1427 1973 parvo
1443 1933 1557 1963 indicio
1572 1937 1620 1962 est
1635 1943 1709 1974 spu-

255 1980 331 2010 riam
347 1991 415 2011 esse
431 1981 507 2010 hanc
523 1981 700 2012 orationem.
744 1983 824 2012 Nam
842 1983 1067 2014 Demosthenes
1081 1984 1222 2014 libertate
1237 1985 1358 2024 quidem
1373 1985 1403 2014 in
1419 1983 1552 2014 dicendo
1563 1984 1641 2014 solet
1654 1984 1712 2020 uti,

258 2032 313 2061 sed
329 2032 395 2061 haec
411 2031 595 2062 oontumelia
610 2037 658 2062 est
673 2037 704 2062 et
719 2033 892 2063 convicium
908 2036 1031 2065 modum
1048 2036 1215 2066 excedens.
1272 2036 1361 2066 Adde
1378 2036 1460 2075 quod
1475 2045 1622 2075 perquam
1637 2035 1710 2065 vilis

258 2082 331 2112 insit
347 2082 375 2112 ei
392 2082 541 2119 elocutio,
558 2088 589 2113 et
600 2083 739 2123 ineptum
755 2083 827 2123 quid
839 2084 996 2122 judicetur
1012 2086 1149 2116 homines
1164 2086 1194 2116 in
1210 2087 1400 2125 temporibus
1415 2087 1527 2116 habere
1542 2085 1710 2116 cerebrum.

257 2134 358 2172 Atque
374 2134 450 2163 adeo
464 2139 586 2164 veteres
600 2143 720 2173 quoque
736 2134 812 2164 hano
824 2135 989 2166 orationem
1003 2147 1062 2167 non
1077 2147 1146 2167 esse
1169 2136 1261 2176 hujus
1278 2137 1404 2167 oratoris
1418 2136 1567 2175 suspicati
1583 2141 1664 2172 sunt,
1680 2140 1712 2165 et

258 2184 488 2223 deprehendere
504 2185 626 2224 quidam
644 2195 709 2215 eam
724 2195 792 2215 esse
806 2185 994 2226 Hegesippi,
1009 2192 1072 2218 tum
1089 2199 1129 2218 ex
1146 2188 1292 2218 sermonis
1307 2189 1404 2218 forma
1416 2187 1458 2228 (is
1475 2186 1554 2216 enim
1569 2186 1623 2216 tali
1638 2196 1711 2216 usus

257 2234 335 2275 est),
351 2239 414 2264 tum
431 2246 469 2265 ex
486 2236 576 2265 rebus
598 2235 686 2274 ipsis.
731 2237 810 2266 Nam
833 2238 898 2275 ejus
921 2239 1066 2268 orationis
1087 2239 1229 2278 scriptor,
1251 2248 1284 2268 se
1304 2238 1479 2278 Callippum
1501 2236 1710 2267 Paeaniensem

256 2285 439 2315 violatarum
456 2285 557 2325 legum
579 2296 663 2316 reum
682 2287 792 2317 secisse
816 2287 914 2327 dicit3
936 2299 1028 2328 porro
1049 2294 1169 2320 constat
1193 2289 1367 2329 Callippum
1383 2298 1442 2317 non
1458 2298 1476 2317 a
1493 2287 1711 2322 Demosthene,

258 2335 311 2365 sed
329 2336 367 2365 ab
384 2335 580 2375 Hegesippo,
595 2347 680 2366 reum
697 2346 766 2367 esse
781 2338 903 2368 factum.
950 2339 1005 2375 At,
1023 2350 1077 2379 per
1091 2339 1212 2375 Jovem,
1227 2339 1325 2369 oratio
1341 2339 1448 2369 suadet
1464 2337 1711 2372 Atheniensibus,

257 2391 293 2416 ut
313 2387 501 2416 Halonesum
517 2397 577 2416 non
597 2388 759 2426 accipiant,
785 2390 838 2418 sed
863 2389 1028 2429 recipiant,
1044 2401 1079 2420 ac
1095 2391 1134 2420 de
1149 2390 1253 2420 verbis
1270 2388 1527 2425 controvertitur3
1549 2387 1712 2418 AEschiues

257 2442 358 2468 autem
383 2438 459 2467 dicit
487 2437 724 2468 Demosthenem
747 2439 812 2469 haec
839 2441 1073 2471 Atheniensibus
1101 2441 1246 2471 suasisse.
1292 2440 1375 2477 Quid
1400 2444 1461 2469 tum
1479 2439 1607 2479 postea?
1632 2439 1710 2468 Pos-

259 2492 328 2518 sunt
344 2488 457 2529 quippe
474 2489 696 2519 Demosthenes
712 2494 743 2519 et
763 2491 962 2531 Hegesippns
984 2492 1119 2522 eamdem
1136 2492 1246 2521 fecisse
1270 2491 1453 2525 suasionem,
1471 2490 1619 2529 siquidem
1636 2489 1711 2519 alias

258 2538 397 2579 ejusdem
415 2544 502 2569 erant
516 2539 546 2569 in
563 2539 721 2579 republica
737 2540 881 2577 instituti,
898 2547 929 2571 et
949 2543 1119 2572 oratoribus
1135 2542 1273 2582 Philippi
1291 2541 1437 2571 studiosis
1458 2541 1708 2570 adversabantur.

259 2589 401 2619 Meminit
418 2589 509 2619 etiam
527 2589 748 2619 Demosthenes
763 2591 948 2630 liegesippi,
967 2597 999 2621 ut
1016 2593 1141 2631 eollegae
1158 2593 1205 2622 sui
1231 2593 1260 2621 in
1280 2592 1419 2621 obeunda
1440 2590 1592 2629 legatione
1609 2595 1640 2619 et
1655 2599 1711 2628 op-

259 2639 353 2678 positi
369 2640 602 2670 Macedonibus.
647 2641 845 2680 Perspicuum
862 2646 909 2671 est
925 2643 1032 2682 igitur,
1048 2654 1139 2682 quum
1153 2643 1249 2673 oratio
1267 2642 1482 2672 Demosthenis
1497 2641 1536 2670 de
1552 2640 1709 2670 Haloneso

260 2689 364 2719 habita
378 2701 436 2720 non
454 2695 602 2727 exstaret,
620 2692 673 2721 sed
689 2691 842 2731 periisset,
859 2693 978 2731 aliquos
1002 2704 1067 2723 eum
1089 2705 1154 2732 qum
1174 2694 1296 2723 inventa
1312 2697 1357 2722 est
1374 2692 1419 2722 illi
1435 2690 1594 2724 tribuisse,
1607 2690 1663 2720 hac
1679 2700 1710 2720 re

261 2741 369 2770 ductos
386 2743 465 2780 quod
485 2743 705 2772 Demosthenes
719 2743 756 2772 de
774 2742 926 2773 Iluloueso
941 2744 1097 2775 habuisset
1114 2746 1294 2781 orationem,
1314 2754 1410 2783 neque
1428 2745 1578 2772 scrutatos
1593 2751 1628 2770 an
1646 2741 1709 2771 haec

263 2801 368 2820 revera
381 2798 458 2822 esset
475 2793 526 2822 illa
538 2803 592 2832 per
609 2804 676 2823 euin
696 2792 810 2832 scriptu
828 2794 932 2824 oratio.
