1923 3149
648 217 866 258 CONTRA
898 217 1055 255 MIDIA
1065 218 1120 254 M.
1542 212 1617 249 327

169 319 436 367 Athenienses,
453 322 517 371 qui
548 321 630 359 haec
663 322 845 366 referens,
876 318 1122 357 acerbitatem
1154 317 1206 354 rei
1235 322 1354 367 gcstae
1384 313 1620 353 auditoribus

169 380 222 418 sic
258 389 532 432 repraesentare
568 382 701 432 possit,
732 382 832 419 sicut
863 393 1005 424 revera,
1033 379 1193 428 ipsoque
1223 378 1326 415 sacto
1359 375 1556 427 vapulanti
1586 381 1625 412 et

171 442 450 491 spectatoribus
472 442 628 480 evidens
657 448 816 493 apparet
835 440 1081 479 contumelia.
1139 437 1391 475 Considerate
1419 437 1533 487 igitur
1558 448 1624 486 per

168 502 308 540 Jovem
349 510 387 541 et
418 504 525 549 deos,
559 503 828 548 Athenienses,
862 508 900 539 et
935 501 1102 551 cogitate
1137 499 1349 543 vobiscum,
1376 504 1521 548 quanto
1546 509 1626 534 ma·

166 564 250 614 jore
277 565 477 603 iracundia
495 579 556 603 me
574 564 798 602 inflammari
818 562 1052 606 convenerit,
1071 574 1156 599 cum
1177 573 1200 598 a
1215 559 1338 597 Midia
1357 559 1409 596 sic
1429 565 1626 605 tractarer,

171 638 286 674 quam
306 632 398 664 tunc
420 626 626 664 Evaeonem
646 625 752 662 illum
774 625 839 674 qui
860 623 1138 661 Boeotuminter
1165 621 1269 658 fecit.
1327 620 1427 656 Nam
1454 620 1485 656 is
1516 632 1538 656 a
1567 618 1626 656 fa-

172 685 321 731 miliari,
342 700 462 736 eoque
484 687 600 732 ebrio,
622 698 749 724 coram
771 698 839 722 sex
869 692 936 723 aut
959 692 1106 735 septem
1126 683 1360 727 hominibus,
1377 682 1498 731 iisque
1518 680 1626 718 fami-

172 746 342 792 liaribus,
359 747 574 797 vapulavit;
607 747 671 797 qui
696 747 856 783 alterum
879 747 927 783 ol)
952 758 997 783 ea
1016 758 1102 795 quae
1122 745 1270 782 fecerat
1288 742 1550 794 vituperaturi,
1572 742 1627 779 al-

172 813 307 852 terum,
325 807 355 844 si
376 821 485 857 aequo
505 808 654 845 tulisset
680 807 806 844 animo
839 806 1014 858 injuriam
1047 808 1188 857 iraeque
1216 806 1454 856 imperasset,
1489 803 1629 842 deinde

173 868 364 906 laudaturi
381 877 501 906 erant.
558 869 775 907 Praesertim
799 868 847 906 ad
867 881 1013 906 coenam
1031 868 1067 904 in
1089 867 1192 904 aedes
1214 866 1440 916 ingressum,
1459 876 1536 915 quo
1557 876 1627 901 nec

173 930 358 968 accedere
378 931 447 981 ipsi
467 930 618 968 licebat.
668 930 755 980 Ego
782 943 873 968 vero
910 930 957 967 ab
990 929 1158 975 inimico,
1180 926 1320 971 sobrio,
1343 939 1468 972 mane,
1490 931 1628 963 contu-

174 991 297 1029 meliae
328 1005 460 1038 causa,
480 1005 557 1029 non
590 1005 658 1042 per
692 991 930 1036 ebrietatem,
951 991 988 1028 in
1016 996 1227 1040 conspectu
1260 988 1483 1033 multorum,
1502 994 1540 1024 et
1558 987 1630 1024 ho-

176 1053 330 1103 spitum,
350 1060 389 1090 et
409 1053 562 1098 civium,
585 1067 668 1090 sum
690 1052 933 1091 contumeliis
954 1051 1132 1097 affectus,
1152 1057 1267 1101 atque
1287 1050 1444 1099 insuper
1475 1048 1513 1085 in
1533 1055 1630 1086 tem-

175 1114 253 1164 plo,
277 1128 355 1166 quo
382 1115 474 1153 mihi
503 1128 643 1153 munus
670 1115 864 1153 aedilitatis
893 1113 1099 1151 sustinenti
1120 1125 1262 1163 magna
1281 1111 1397 1149 eundi
1419 1110 1629 1148 necessitas

176 1176 435 1215 incumbebat.
1463 1225 1467 1228 ὓ

232 1240 297 1276 22.
329 1240 391 1277 Ac
412 1252 471 1278 me
493 1239 662 1290 quidem,
682 1239 952 1283 Athenienses,
980 1238 1188 1290 prudenter
1216 1243 1283 1274 aut
1314 1235 1475 1274 feliciter
1503 1234 1630 1286 potius

179 1300 530 1345 existimo'fecisse,
553 1308 632 1338 tum
651 1300 716 1351 qui
747 1313 792 1339 eo
825 1307 997 1351 tempore
1026 1299 1200 1349 injuriam
1231 1296 1518 1342 dissimularim,
1550 1303 1632 1333 tum

178 1361 243 1411 qui
274 1374 341 1412 per
360 1361 598 1399 iracundiam
629 1375 705 1399 non
733 1362 804 1399 sim
837 1362 885 1399 ad
916 1368 1026 1399 atrox
1060 1358 1217 1409 aliquod
1248 1357 1397 1395 facInus
1428 1357 1632 1408 impulsus.

181 1421 258 1460 Sed
281 1422 442 1460 Evoeoni
462 1430 570 1469 tunc,
591 1429 630 1461 et
649 1423 843 1469 omnibus,
864 1423 895 1460 si
914 1422 997 1472 quis
1023 1420 1077 1458 illi
1111 1420 1203 1457 dum
1233 1419 1503 1457 contumeliam
1523 1424 1633 1469 pate-

178 1489 294 1529 retur,
316 1497 428 1535 opem
449 1484 549 1530 tulit,
569 1484 724 1522 omnino
755 1484 930 1535 ignosco.
986 1483 1176 1532 Idemque
1196 1494 1282 1519 meo
1303 1480 1457 1530 quidem
1472 1479 1634 1530 judicio,

180 1544 292 1582 etiam
318 1545 492 1596 judicum
511 1545 684 1596 plerique
704 1552 784 1582 tum
813 1545 1002 1583 fecerunt.
1060 1544 1161 1581 Nam
1180 1556 1258 1580 uno
1285 1549 1435 1579 tantum
1455 1540 1636 1592 suffragio

179 1604 404 1643 damnatum
432 1619 517 1644 esse
548 1605 677 1652 audio,
695 1606 812 1657 idque
832 1619 920 1644 cum
941 1618 1066 1656 neque
1081 1604 1263 1647 flevisset,
1285 1615 1410 1654 neque
1431 1603 1553 1639 ullum
1568 1604 1634 1652 ju-

181 1666 307 1704 dicem
327 1668 557 1719 deprecatus
577 1674 694 1714 esset,
721 1681 847 1719 neque
866 1668 987 1704 ullum
1007 1666 1254 1703 humanitatis
1282 1663 1384 1715 apud
1405 1663 1557 1712 judices
1577 1663 1638 1702 vel

178 1740 339 1777 parvum
363 1728 425 1767 vel
454 1742 635 1780 magnum
667 1729 820 1780 signum
852 1728 1034 1766 dedisset.
1092 1727 1286 1764 Ponamus
1311 1725 1428 1776 igitur
1459 1725 1540 1763 sic:
1569 1737 1634 1763 eos

181 1789 247 1839 qui
265 1803 352 1827 eum
371 1790 664 1834 damnaverunt,
695 1803 773 1827 non
801 1790 1005 1827 damnasse
1025 1796 1242 1840 propterea,
1261 1787 1364 1838 quod
1388 1799 1428 1824 se
1447 1786 1552 1824 ultus
1572 1787 1635 1833 sit,

183 1850 251 1887 sed
269 1851 372 1901 quod
390 1865 435 1889 eo
455 1852 583 1897 modo,
606 1858 649 1889 ut
667 1852 781 1889 etiarn
801 1851 994 1889 occideret
1010 1864 1019 1894 ;
1041 1850 1106 1901 qui
1125 1849 1386 1895 absolverunt,
1402 1848 1516 1886 etiam
1535 1848 1637 1886 hanc

182 1912 426 1950 immodicam
447 1913 634 1951 ultionem
661 1913 716 1950 illi
736 1913 846 1964 cujus
867 1925 1006 1963 corpus
1024 1919 1130 1950 esset
1155 1911 1343 1949 violatum
1361 1908 1520 1960 largitos
1539 1922 1635 1947 esse.

184 1974 290 2016 Quid
309 1972 450 2025 igitur?
479 1974 568 2011 mihi
587 1974 653 2025 qui
684 1974 738 2012 ita
766 1974 970 2025 diligenter
989 1973 1086 2020 cavi,
1099 1987 1147 2010 ne
1167 1972 1260 2023 quid
1289 1972 1442 2022 gravius
1463 1970 1638 2009 commit-

182 2041 341 2081 teretur,
361 2041 405 2073 ut
424 2049 496 2074 nec
515 2035 591 2073 vim
610 2035 647 2073 vi
666 2035 888 2088 repulerim,
909 2048 933 2073 a
956 2048 1032 2086 quo
1054 2034 1210 2072 tandem
1239 2032 1394 2071 ultionis
1414 2031 1639 2083 injuriarum

184 2095 388 2145 exigendae
407 2096 519 2147 copia
536 2096 617 2134 fieri
635 2095 776 2134 debet?
833 2095 1022 2147 Equidem
1042 2109 1065 2134 a
1081 2095 1189 2133 vobis
1209 2094 1385 2140 arbitror,
1404 2099 1443 2130 et
1471 2093 1638 2144 legibus.

187 2156 238 2193 Et
256 2157 479 2208 exemplum
497 2157 615 2195 istum
635 2157 751 2195 statui
771 2157 963 2203 omnibus,
983 2155 1285 2195 contumeliosos
1306 2167 1438 2192 omnes
1459 2160 1500 2191 et
1527 2161 1639 2204 petu-

185 2217 312 2255 lantes
331 2218 521 2256 neminem
541 2218 666 2269 ipsum
687 2217 819 2255 ulcisci
844 2230 913 2268 per
931 2216 1180 2262 iracundiam,
1201 2215 1270 2253 sed
1289 2211 1339 2253 ad
1358 2227 1426 2251 vos
1447 2213 1641 2253 adducere

186 2278 340 2327 debere,
359 2286 405 2316 ut
422 2280 487 2329 qui
506 2280 738 2317 confirmetis
754 2285 792 2316 et
810 2278 1010 2316 reservetis
1030 2278 1090 2316 his
1107 2277 1172 2328 qui
1191 2276 1274 2314 laesi
1290 2282 1380 2315 sunt
1399 2274 1527 2325 legum
1542 2289 1641 2328 prae-

187 2340 285 2378 sidia
303 2348 438 2380 contra
457 2341 622 2393 injurios.

241 2406 306 2441 23.
337 2403 465 2440 Credo
485 2409 612 2441 autem
641 2401 829 2454 quosdam
848 2408 1018 2440 vestrum
1047 2400 1180 2439 audire
1209 2400 1324 2448 velle,
1351 2401 1522 2453 judices,
1553 2414 1642 2452 quae

189 2468 320 2501 caus‘ae
344 2463 626 2502 inimicitiarum
652 2464 749 2502 inter
782 2477 854 2501 nos
883 2462 1181 2501 intercesserint.
1251 2463 1383 2504 Quum
1416 2463 1642 2501 existimetis

189 2524 405 2576 mortalium
426 2525 614 2563 neminem
643 2525 695 2563 ita
724 2525 935 2563 insolenter
967 2531 1006 2563 et
1029 2524 1217 2563 violenter
1235 2523 1273 2561 in
1292 2524 1413 2562 ullum
1434 2525 1557 2563 civem
1573 2524 1642 2562 de-

187 2585 479 2630 bacchaturum‚
501 2587 573 2624 nisi
600 2593 735 2625 contra
754 2600 867 2637 quem
889 2585 1135 2637 gravissimas
1156 2586 1295 2623 irarum
1314 2599 1453 2625 causas
1470 2587 1640 2624 haberet.

189 2648 290 2686 Volo
310 2647 424 2698 igitur
443 2653 482 2685 et
501 2648 550 2685 de
577 2648 651 2686 hoc
679 2648 884 2686 simultatis
912 2647 1019 2685 initio
1040 2647 1194 2692 referre,
1214 2654 1253 2684 et
1268 2660 1581 2696 commemorare,
1601 2653 1644 2685 ut

187 2709 426 2760 intelligatis,
445 2722 528 2746 eum
544 2709 631 2760 jure
650 2717 805 2762 propter
822 2710 921 2747 illud
947 2710 1061 2747 etiam
1090 2709 1335 2760 gravissimas
1357 2723 1491 2761 poenas
1519 2708 1640 2746 fuisse

191 2773 383 2809 daturum.
441 2771 650 2809 Absolvam
683 2777 814 2809 autem
846 2771 1106 2809 narrationem
1141 2771 1244 2809 hanc
1281 2770 1461 2815 breviter,
1491 2769 1642 2807 etiamsi

192 2832 305 2870 altius
334 2838 506 2883 repetere
538 2832 708 2870 videbor.
765 2833 866 2871 Cum
899 2832 1109 2871 admodum
1143 2831 1471 2876 adolescentulus,
1495 2836 1643 2868 tutores

192 2907 297 2932 meos
325 2893 424 2931 male
454 2893 706 2931 administrati
737 2894 811 2931 mei
842 2893 1058 2944 patrimonii
1090 2905 1327 2936 accusarem,
1347 2899 1386 2929 et
1411 2891 1525 2928 istum
1545 2891 1643 2929 adeo

195 2968 271 2993 non
297 2969 463 3002 nossem,
485 2963 526 2993 ut
557 2968 627 2993 nec
655 2968 703 2993 an
731 2962 845 2993 natus
875 2962 975 2993 esset
1004 2955 1140 2993 scirem
1160 2957 1293 3003 (atque
1311 2953 1456 2990 utinam
1476 2965 1644 2991 nenunc
