1923 3149
504 206 576 243 DE
605 205 833 244 FOEDERE
862 205 1242 244 ALEXANDREO.
1513 210 1584 247 155

133 319 228 350 mus,
251 313 292 344 ut
304 320 389 356 quae
409 308 538 346 hostes
555 308 663 346 facile
677 312 906 358 superasset,
919 306 950 344 si
963 307 1134 345 utilitatis
1150 310 1332 346 rationein
1363 311 1496 348 habere
1516 324 1578 347 vo-

131 367 274 405 luisset.
306 369 398 406 Jure
413 376 539 407 autem
553 369 591 406 in
604 370 675 407 hac
691 368 878 407 sententia
892 374 1003 404 sunt:
1034 367 1124 405 dum
1138 370 1237 406 enim
1252 371 1363 408 maris
1383 372 1581 421 imperium

129 428 221 466 citra
248 430 543 468 controversiam
575 430 687 480 idque
717 429 838 467 solum
857 428 1102 476 tenuerimus,
1121 430 1170 467 ad
1189 432 1379 469 terrestria
1416 433 1585 482 pericula

127 489 386 538 propulsanda
414 491 522 528 facile
553 491 627 528 alia
657 489 922 540 supplementa
950 488 1008 526 his
1038 489 1172 540 copiis,
1202 504 1296 541 quas
1326 491 1364 528 in
1384 495 1580 542 procinctu

125 549 321 597 habemus,
337 551 500 589 invenire
520 551 669 589 licebit:
691 550 898 601 praesertim
919 561 1003 586 cum
1019 549 1171 588 fortuna
1188 564 1317 589 eorum
1338 553 1579 592 insolentiam

124 612 354 663 depresserit
373 614 436 663 qui
459 612 739 663 tyrannicorum
761 612 990 649 exercituum
1009 613 1183 650 custodia
1202 614 1485 658 muniebantur:
1522 624 1577 655 at-

120 686 193 722 que
211 686 340 711 eorum
359 673 420 711 alii
434 673 623 724 perierint,
639 673 732 710 alios
749 686 806 710 res
827 673 908 723 ipsa
921 672 1095 710 docuerit
1110 687 1194 712 esse
1213 676 1532 714 contemnendos.

181 737 193 771 l
209 736 241 771 l.
271 734 385 777 Quod
401 735 513 785 igitur
525 734 573 772 ad
593 747 707 772 naves
727 733 926 780 attinet‚in
944 746 1021 784 quo
1037 735 1219 773 momenti
1233 736 1436 788 plurimum
1451 745 1522 784 est,
1537 738 1575 776 id

128 795 292 833 Macedo
311 801 449 845 praeter
468 795 543 833 alia
561 809 674 846 supra
700 801 994 834 commemorata
1020 795 1202 834 violavit:
1232 797 1299 836 sed
1330 797 1427 836 inter
1446 800 1575 838 omnia

123 855 387 894 Macedonum
411 856 516 894 facta
537 856 959 895 contumeliosissimum
984 865 1022 895 et
1040 857 1379 896 insolentissimum
1400 859 1496 897 illud
1516 868 1576 898 est

120 917 224 967 quod
238 930 358 967 nuper
377 918 528 964 accidit,
548 918 648 955 Cum
668 917 748 955 ausi
775 925 865 955 sunt
893 925 1028 957 contra
1043 931 1245 957 commune
1267 919 1393 958 foedus
1409 933 1494 958 cum
1514 922 1571 972 ip-

120 978 171 1016 sis
191 978 325 1015 initum
340 979 378 1017 in
398 979 585 1017 Piraeeum
605 979 819 1030 appellere;
849 985 888 1017 et
904 978 994 1025 hoc,
1011 980 1284 1026 Athenienses,
1302 994 1378 1018 non
1394 982 1484 1032 quia
1495 996 1572 1020 una

123 1040 284 1078 triremis
304 1040 376 1078 fuit
397 1040 485 1079 ideo
504 1040 610 1092 parvi
626 1040 845 1079 ducendum
863 1047 933 1087 est,
954 1041 1023 1079 sed
1042 1054 1106 1080 eos
1125 1042 1331 1093 periclitari
1349 1043 1571 1093 patientiam

122 1108 292 1140 nostram
317 1102 496 1148 voluisse,
516 1108 560 1140 ut
578 1102 748 1153 pluribus
768 1102 870 1140 idern
890 1103 1017 1141 facere
1037 1103 1181 1150 liceret,
1201 1105 1461 1152 statuendum,
1477 1112 1515 1144 et
1532 1114 1576 1144 ut

123 1163 373 1209 declararent,
405 1164 503 1201 sicut
520 1163 633 1201 etiam
652 1163 690 1200 in
710 1163 856 1201 caeteris
879 1164 1025 1202 factum
1044 1171 1116 1211 est,
1137 1178 1178 1203 se
1197 1165 1415 1204 communia
1439 1167 1570 1206 decre-

122 1229 162 1261 ta
180 1237 257 1261 non
277 1236 434 1262 curare:
464 1236 553 1262 nam
574 1237 637 1262 eos
659 1224 713 1262 ita
726 1223 908 1275 paulatim
926 1225 1091 1276 irrepere
1110 1233 1150 1264 et
1168 1239 1236 1264 nos
1251 1228 1488 1265 assuefacere
1505 1242 1571 1266 vo-

119 1284 235 1323 luisse
255 1285 302 1322 ad
333 1285 430 1323 tales
449 1297 630 1323 accessus
651 1285 910 1336 perferendos,
930 1286 1044 1323 etiam
1068 1287 1156 1324 inde
1184 1287 1434 1338 perspicitur;
1456 1301 1505 1326 ex
1525 1303 1570 1328 eo

120 1345 217 1383 enim
238 1346 341 1397 quod
365 1347 397 1384 is
425 1347 490 1397 qui
509 1352 590 1383 tum
610 1346 736 1384 navim
757 1346 916 1397 appulit,
942 1359 1056 1396 quem
1077 1348 1205 1385 statim
1223 1361 1300 1385 una
1319 1362 1407 1386 cum
1426 1349 1569 1391 triremi

117 1408 307 1459 perditum
323 1408 466 1446 avobis
486 1409 698 1459 oportebat,
715 1408 822 1459 petiit
841 1416 883 1445 ut
910 1408 947 1445 in
967 1409 1105 1447 nostris
1125 1411 1311 1460 portubus
1328 1424 1445 1461 parva
1464 1414 1568 1450 navi-

117 1469 181 1519 gia
192 1469 367 1507 fabricari
378 1469 521 1515 liceret,
535 1470 596 1507 cui
608 1469 763 1508 tandem
776 1469 848 1507 fuit
860 1470 1077 1515 obscurum,
1093 1483 1160 1509 eos
1173 1471 1212 1508 id
1224 1473 1374 1510 consilii
1393 1473 1569 1513 habuisse

117 1537 161 1568 ut
171 1530 268 1569 intra
279 1537 430 1582 portum
443 1531 570 1569 statim
582 1538 711 1569 essent
722 1531 848 1581 potius
864 1544 979 1580 quam
992 1539 1035 1568 ut
1045 1531 1082 1568 in
1100 1545 1186 1570 eum
1198 1533 1455 1584 appellerent?
1471 1542 1521 1582 et,
1537 1535 1568 1573 si

115 1591 276 1643 parvula
293 1591 444 1642 navigia
461 1593 721 1638 toleraremus,
741 1592 856 1642 paulo
874 1598 960 1642 post
977 1592 1147 1631 triremes
1169 1607 1340 1644 quoque;
1369 1602 1420 1641 et,
1441 1596 1471 1633 si
1491 1598 1566 1647 pri-

116 1665 220 1690 mum
234 1665 389 1704 paucas,
410 1653 524 1703 paulo
539 1660 628 1703 post
641 1653 801 1690 multas:
818 1666 886 1690 nec
907 1654 1007 1690 enim
1025 1653 1100 1691 dici
1119 1661 1260 1704 potest,
1277 1669 1391 1705 quum
1406 1657 1566 1696 Athenis

114 1727 253 1765 magna
262 1715 370 1765 copia
381 1714 429 1752 sit
438 1714 626 1765 lignorum
640 1714 689 1751 ad
697 1711 810 1751 naves
823 1713 1076 1760 fabricandas,
1088 1728 1174 1765 quae
1187 1716 1291 1767 ligna
1302 1724 1340 1754 et
1351 1730 1371 1754 e
1383 1717 1567 1768 loginquo

116 1782 155 1813 et
173 1775 377 1814 difficulter
394 1776 656 1827 importantur,
671 1775 710 1812 in
734 1775 979 1822 Macedonia,
998 1789 1083 1826 quae
1103 1777 1217 1816 etiam
1239 1778 1321 1817 aliis
1347 1779 1413 1829 qui
1428 1780 1564 1820 volunt

114 1850 160 1875 ea
170 1837 352 1875 vilissimo
363 1837 482 1888 pretio
497 1837 726 1888 suppeditat,
744 1836 935 1874 exstitisse
950 1838 1160 1888 penuriam.
1191 1839 1268 1877 Sed
1282 1840 1563 1881 arbitrabantur

116 1910 231 1937 naves
243 1898 293 1936 ibi
307 1898 419 1937 simul
428 1905 467 1936 et
476 1898 718 1937 fabricandas
731 1905 769 1936 et
782 1899 820 1936 in
835 1897 970 1936 eodem
983 1905 1096 1949 portu
1110 1899 1323 1950 implendas
1335 1914 1432 1948 esse,
1447 1916 1564 1953 quum

117 1961 307 1998 communi
325 1959 471 1998 foedere
493 1960 542 1998 sit
572 1959 761 1998 sancitum
781 1972 829 1997 ne
848 1959 939 2009 quid
960 1960 1036 1998 tale
1057 1961 1316 2008 admittamus,
1333 1975 1493 2014 eamque
1513 1965 1558 2002 li-

114 2020 276 2058 centiam
293 2020 416 2058 indies
436 2021 516 2058 fore
535 2020 716 2071 majorem
731 2026 974 2071 putaverunt,
989 2034 1111 2071 usque
1132 2022 1229 2059 adeo
1243 2022 1296 2059 illi
1316 2036 1385 2061 nos
1399 2037 1419 2062 e
1440 2025 1560 2063 subli-

118 2081 169 2118 mi
188 2081 399 2132 despiciunt
416 2088 571 2132 propter
589 2088 777 2119 nostrates
798 2082 974 2120 doctores
993 2082 1057 2133 qui
1076 2083 1130 2121 eis
1151 2083 1299 2121 dictant
1313 2084 1404 2134 quid
1420 2085 1562 2124 facien-

115 2142 206 2179 dum
226 2142 288 2181 sit.
344 2142 406 2181 Sic
425 2155 503 2180 una
520 2155 606 2180 cum
624 2142 706 2181 istis
727 2142 926 2193 cujusdam
945 2142 1145 2182 ineffabilis
1161 2144 1425 2184 dissolutionis
1445 2154 1484 2185 et
1502 2148 1558 2199 ig-

114 2204 236 2242 naviae
251 2210 419 2242 nostram
433 2204 563 2241 urbem
579 2204 849 2251 condemnant,
861 2216 986 2255 neque
1010 2217 1093 2242 eam
1121 2205 1249 2243 sutura
1267 2206 1477 2257 providere,
1494 2222 1559 2247 ne-

113 2278 188 2315 que
201 2279 367 2317 unquam
380 2265 547 2317 cogitare
559 2272 710 2316 putant,
731 2265 923 2316 quomodo
934 2272 1117 2317 tyrannus
1131 2265 1203 2304 iste
1215 2268 1406 2304 communi
1417 2268 1559 2308 foedere

114 2333 264 2372 utatur;
293 2328 352 2365 cui
372 2341 457 2378 ego,
479 2326 747 2372 Athenienses,
767 2340 835 2365 vos
848 2327 976 2364 hortor
989 2332 1033 2364 ut
1045 2327 1223 2377 pareatis,
1235 2329 1558 2378 quemadmodum

111 2400 183 2437 ego
202 2387 324 2434 docui,
351 2395 389 2426 et
409 2388 632 2426 confirmare
651 2388 802 2439 possim,
821 2393 865 2425 ut
890 2387 954 2438 qui
983 2387 1055 2425 hac
1074 2393 1188 2425 aetate
1208 2401 1307 2435 sum,
1326 2402 1396 2427 nos
1420 2397 1459 2428 et
1470 2392 1558 2442 jure

113 2455 244 2488 nostro
256 2451 351 2488 citra
368 2450 592 2501 cujusquam
611 2449 942 2501 reprehensionem
959 2455 998 2486 et
1016 2448 1282 2488 occasionibus
1304 2450 1386 2488 sine
1401 2451 1479 2490 ullo
1493 2467 1555 2504 pe—

112 2510 230 2548 riculo
254 2524 403 2558 usuros,
428 2524 515 2562 quae
544 2524 614 2550 nos
640 2511 689 2549 ad
708 2510 995 2562 prosequendas
1014 2516 1163 2548 nostras
1191 2510 1373 2550 utilitates
1398 2513 1557 2553 incitant

112 2578 151 2609 et
168 2578 306 2622 urgent
321 2585 329 2609 z
358 2585 447 2610 nam
465 2574 617 2624 insuper
635 2572 749 2610 etiam
779 2572 970 2611 communi
988 2570 1121 2609 foederi
1150 2570 1382 2623 adscriptum
1409 2582 1480 2620 est,
1511 2589 1527 2613 s
1543 2576 1555 2612 i

111 2632 413 2683 participes
458 2633 755 2672 communis
800 2632 949 2684 pacis
990 2645 1011 2670 e
1028 2644 1110 2670 sse
1138 2632 1373 2677 velimus;
1405 2642 1444 2672 at
1472 2648 1552 2672 ver-

109 2694 202 2732 bum
221 2692 313 2731 illud
336 2707 354 2731 s
369 2694 380 2731 i
408 2707 459 2732 ve
470 2693 613 2732 limus
633 2693 747 2732 etiam
759 2693 988 2732 contrarium
1002 2692 1278 2743 complectitur,
1293 2707 1382 2731 num
1399 2695 1552 2732 taudem

111 2753 296 2793 desistere
314 2754 474 2793 velimus
490 2755 647 2793 aliorum
661 2755 821 2793 ductum
851 2762 889 2793 et
907 2754 1074 2805 auspicia
1092 2757 1249 2805 turpiter
1264 2755 1384 2804 sequi,
1399 2768 1445 2791 an
1462 2769 1551 2794 vero

110 2828 159 2854 ne
191 2815 382 2854 recordari
407 2816 559 2866 quidem
592 2817 703 2855 ullius
723 2816 892 2868 praeclari
911 2816 1101 2863 facinoris,
1114 2828 1200 2866 quae
1215 2817 1262 2853 ab
1284 2816 1551 2865 antiquissimis

110 2878 344 2928 temporibus
361 2877 523 2928 plurima
534 2878 643 2915 nobis
658 2890 736 2928 prae
756 2879 903 2916 caeteris
920 2877 1095 2916 omnibus
1110 2877 1242 2914 relicta
1260 2882 1361 2913 sunt.
1385 2875 1423 2914 Si
1437 2877 1550 2929 igitur

104 2938 306 2987 jusseritis,
328 2938 590 2985 Athenienses,
611 2939 824 2985 decernam,
852 2946 894 2977 ut
928 2938 1070 2977 foedera
1092 2938 1240 2987 jubent,
1273 2949 1547 2978 FOEDIrRAGls

113 3011 284 3038 BELLUM
316 3013 412 3038 ESSE
449 3012 756 3038 lurensuoum,
