1923 3149
496 179 570 218 DE
601 180 750 219 MALE
781 179 954 218 GESTA
984 176 1321 217 LEGATIONE.
1553 175 1628 211 227

171 283 238 328 sis,
259 288 297 320 et
314 281 503 333 prolixam
524 284 633 322 vobis
652 283 872 322 »orationem
904 279 1142 327 recensebat,
1162 292 1278 330 quam
1309 291 1350 316 se
1371 283 1507 316 contra
1525 275 1630 314 The-

169 345 292 382 banos
323 345 426 396 apud
458 345 677 396 Philippum
706 344 886 381 habuisse
907 342 1065 388 diceret,
1085 347 1126 379 et
1144 340 1273 391 capita
1298 340 1407 378 vobis
1426 337 1629 383 referebat,

168 411 208 443 et
225 412 562 453 commemorabat,
585 419 626 444 se
654 406 694 443 id
720 418 791 443 sua
818 403 995 442 effecisse
1029 402 1237 453 legatione,
1257 407 1300 438 ut
1329 401 1427 438 intra
1454 399 1630 445 biduum,

170 474 238 504 aut
256 468 439 513 triduum,
459 469 490 506 si
506 468 609 505 domi
629 466 848 512 maneretis,
864 471 903 503 et
921 478 999 503 non
1011 463 1217 502 mo-veretis
1235 462 1395 507 bellum,
1417 474 1544 511 neque
1563 473 1629 498 vo-

167 528 226 566 bis
246 529 318 580 ipsi
337 529 532 580 negotium
559 527 818 573 facesseretis,
836 526 1003 564 audituri
1029 525 1166 564 essetis
1181 531 1220 562 et
1234 523 1389 561 Thebas
1417 522 1520 560 solas
1541 522 1629 559 abs-

170 602 245 640 que
271 591 418 641 reliqua
438 590 588 628 Boeotia
607 589 789 639 obsideri,
815 595 853 626 et
877 588 1062 638 Thespias
1087 593 1202 637 atque
1222 585 1392 624 Plataeas
1414 582 1630 626 instaurari,

170 658 210 690 et
229 651 399 702 Apollini
420 652 623 701 pecuniam
654 650 763 695 solvi,
786 662 864 688 non
893 663 916 688 a
946 649 1230 693 Phocensibus,
1265 645 1335 684 sed
1363 658 1387 682 a
1419 642 1630 689 Thebanis,

169 713 235 762 qui
255 720 430 750 auctores
445 711 611 751 fuissent
626 712 759 763 templi
773 710 1003 763 occupandi.
1026 711 1075 748 Se
1089 709 1189 747 enim
1203 708 1384 746 docuisse
1396 704 1631 755 Philippum,

168 773 288 812 nihilo
310 774 518 824 deliquisse
534 774 660 812 minus
681 786 748 812 eos
776 773 840 825 qui
860 773 986 810 facere
1006 773 1260 820 cogitassent,
1276 781 1393 819 quam
1412 767 1478 817 qui
1496 777 1632 803 manus

167 834 389 873 intulissent
404 849 413 878 ;
434 841 715 886 proptereaque
731 847 772 871 se
788 833 1045 883 proscriptum
1058 842 1144 867 esse
1160 843 1183 866 a
1201 828 1419 866 Thebanis.
1441 827 1546 870 Quin
1563 839 1631 864 au-

164 896 307 934 divisse
328 909 383 942 se,
403 902 441 934 et
460 895 735 933 Euboeensium
753 893 945 945 quosdam
965 892 1118 930 territos
1137 897 1177 928 et
1191 890 1452 941 perturbatOS,
1472 894 1628 939 propter

167 957 482 1008 conjunctionem
501 956 600 994 inter
628 955 849 1006 Philippum
879 960 918 993 et
948 954 1083 991 urbem
1105 950 1364 994 conciliatam,
1386 949 1452 999 qui
1472 950 1510 986 in
1530 950 1630 987 hanc

169 1018 400 1056 sententiam
419 1018 535 1055 verba
553 1016 748 1064 fecissent,
770 1030 849 1055 non
865 1015 1037 1067 praeterit
1056 1026 1142 1059 nos,
1158 1012 1291 1063 legati,
1311 1010 1450 1062 quibus
1468 1010 1633 1048 conditi-

169 1079 308 1117 onibus
327 1092 463 1131 pacem
484 1077 652 1117 feceritis
669 1091 757 1117 cum
780 1077 973 1129 Philippo,
994 1088 1120 1126 neque
1148 1073 1384 1126 ignoramus,
1402 1084 1471 1110 vos
1491 1071 1547 1109 illi
1565 1071 1633 1109 de-

170 1141 273 1179 disse
288 1141 561 1192 Amphipolim,
584 1141 802 1191 Philippum
818 1147 945 1178 autem
966 1137 1202 1190 promisisse,
1212 1135 1446 1175 traditurum
1466 1146 1509 1173 se
1522 1135 1632 1172 vobis

167 1201 370 1240 Euboeam.
417 1202 544 1253 Atque
569 1201 674 1240 aliud
705 1202 822 1240 etiam
851 1215 893 1239 se
926 1213 1167 1253 procurasse,
1188 1199 1257 1237 sed
1276 1197 1450 1237 nondum
1471 1197 1511 1235 id
1530 1196 1628 1235 velle

165 1262 308 1310 dicere,
324 1264 515 1315 quosdam
531 1263 632 1301 enim
649 1277 670 1302 e
684 1263 843 1315 collegis
853 1263 934 1315 jam
950 1262 1120 1300 invidere
1136 1261 1223 1300 sibi.
1245 1261 1311 1299 Sic
1326 1266 1456 1299 autem
1468 1260 1633 1297 obscure

167 1330 208 1363 et
226 1330 329 1370 tecte
349 1325 524 1377 Oropum
538 1324 736 1363 innuebat.

221 1386 260 1424 9.
292 1386 393 1425 Cum
411 1400 505 1425 vero
522 1394 678 1438 propter
695 1387 780 1424 haec
799 1387 1072 1432 celebraretur,
1085 1397 1174 1424 curn
1194 1391 1233 1422 et
1251 1390 1381 1422 orator
1401 1381 1583 1434 optimus,
1595 1388 1635 1419 et

164 1447 223 1486 vir
235 1448 470 1488 admirabilis
488 1449 705 1495 haberetur,
722 1449 924 1488 descendit
938 1460 1083 1499 magna
1099 1460 1190 1486 cum
1207 1446 1425 1497 majestate.
1446 1445 1532 1496 Ego
1545 1457 1634 1483 vero

165 1515 212 1547 ut
230 1511 392 1561 surrexi,
412 1518 451 1549 et
467 1525 515 1550 ea
533 1511 712 1562 ignorare
741 1524 802 1549 me
822 1511 918 1557 dixi,
939 1516 979 1548 et
995 1522 1126 1548 eorum
1147 1507 1294 1559 aliquid
1313 1507 1441 1545 dicere
1461 1518 1547 1544 sum
1565 1518 1632 1544 co-

169 1578 299 1618 natus,
318 1585 405 1623 quae
425 1573 475 1610 ad
497 1580 676 1611 senatum
696 1572 916 1619 retuleram,
935 1571 987 1610 ibi
1016 1571 1114 1609 alter
1140 1570 1244 1618 hinc,
1271 1570 1366 1607 alter
1392 1568 1497 1607 illinc
1517 1567 1633 1606 assis-

166 1638 268 1679 tens,
295 1633 368 1672 iste
394 1640 434 1672 et
463 1634 720 1679 Philocrates,
747 1633 961 1679 clamitare,
994 1633 1260 1677 interturbare,
1282 1643 1343 1669 me
1362 1629 1518 1668 tandem
1539 1630 1631 1668 sub-

169 1706 360 1739 sannare;
391 1708 460 1733 vos
480 1701 563 1733 tum
591 1695 728 1742 ridere,
748 1702 832 1733 tum
858 1708 985 1745 neque
1014 1694 1147 1732 audire
1176 1692 1289 1741 velle,
1319 1704 1443 1743 neque
1475 1690 1632 1729 credere

165 1768 282 1807 posse
299 1756 387 1804 alia,
402 1769 520 1807 quam
536 1770 623 1807 quae
639 1757 710 1795 iste
726 1757 983 1795 renunciaret.
1005 1757 1150 1806 Atque,
1163 1756 1216 1793 ita
1229 1768 1291 1793 me
1307 1754 1359 1792 dii
1372 1754 1473 1791 bene
1489 1758 1633 1799 ament,

164 1817 271 1855 haud
287 1818 334 1855 ab
350 1830 391 1855 re
409 1819 517 1856 vobis
530 1818 570 1855 id
586 1813 762 1857 accidere
780 1818 994 1857 videbatur.
1034 1817 1132 1860 Quis
1146 1817 1245 1855 enim
1263 1822 1371 1854 tanta
1390 1822 1430 1853 et
1448 1821 1507 1854 tot
1526 1815 1632 1853 obla-

165 1884 247 1917 tum
268 1880 312 1918 iri
328 1881 433 1918 bona
450 1879 689 1928 existimans,
710 1879 827 1918 ferret
851 1880 1032 1931 aliquem,
1054 1879 1121 1930 qui
1142 1885 1209 1917 aut
1233 1891 1280 1917 ea
1299 1877 1407 1915 nulla
1426 1877 1507 1915 fore
1528 1876 1632 1914 dice—

165 1946 238 1987 ret,
265 1947 332 1979 aut
358 1947 448 1980 acta
473 1941 634 1980 istorum
649 1941 880 1981 accusaret?
910 1941 1011 1980 Nam
1034 1948 1165 1980 cetera
1188 1940 1317 1978 omnia
1341 1938 1521 1977 nimirum
1551 1944 1633 1975 tum

164 2001 323 2040 minoris
340 2009 462 2049 erant,
481 2016 560 2053 prae
590 2003 769 2042 excitatis
801 2003 1154 2054 exspectationibus
1187 2008 1228 2039 et
1260 2014 1347 2052 spe:
1377 1999 1444 2050 qui
1462 1999 1634 2049 refraga-

166 2062 321 2110 bantur,
342 2065 549 2102 obturbare
570 2064 652 2102 sine
668 2077 800 2112 causa,
816 2072 855 2102 et
870 2067 1087 2102 obtrectare
1101 2063 1346 2110 videbantur,
1359 2063 1427 2100 illa
1451 2075 1543 2101 vero
1566 2075 1635 2113 per

168 2135 286 2173 quam
300 2124 574 2162 admirabiliter
595 2131 708 2175 atque
731 2125 871 2163 utiliter
891 2125 1074 2162 confecta
1092 2137 1179 2162 esse
1198 2125 1436 2174 putabantur
1456 2123 1610 2161 civitati.

226 2186 287 2224 10.
320 2187 409 2228 Qua
427 2185 545 2236 igitur
563 2185 690 2236 gratia
704 2186 813 2224 vobis
845 2186 932 2223 haec
958 2187 1081 2237 primo
1102 2198 1206 2223 nunc
1235 2185 1275 2221 in
1301 2185 1524 2223 memoriam
1545 2185 1631 2222 red-

168 2246 244 2299 egi,
265 2254 305 2286 et
328 2248 508 2286 recensui
534 2248 604 2286 has
636 2247 851 2286 orationes?
894 2247 984 2286 Una
1011 2248 1058 2286 de
1091 2260 1222 2292 causa,
1245 2259 1365 2297 eaque
1397 2246 1566 2284 maxima
1596 2254 1635 2285 et

165 2309 297 2360 prima,
313 2314 358 2347 ut
375 2322 489 2348 nemo
509 2316 695 2358 vestrum,
718 2309 750 2348 si
777 2309 870 2360 quid
901 2322 964 2347 me
985 2309 1180 2347 dicentem
1201 2308 1379 2354 audierit,
1402 2315 1442 2346 et
1461 2315 1550 2346 acta
1569 2321 1631 2347 ac-

166 2376 382 2418 cusantem,
398 2370 561 2419 diffidat,
577 2371 694 2422 idque
713 2371 887 2422 iniquum
905 2377 944 2409 et
970 2371 1236 2422 importunum
1253 2382 1341 2408 esse
1361 2375 1484 2421 putet,
1502 2383 1549 2408 ac
1565 2383 1634 2408 cur

168 2434 251 2467 tum
277 2430 344 2468 illa
372 2444 450 2470 non
470 2431 631 2471 dixerim
657 2432 696 2470 in
717 2446 757 2471 re
776 2431 975 2483 praesenti,
995 2438 1034 2470 et
1053 2444 1122 2470 vos
1151 2431 1361 2478 docuerim,
1395 2431 1629 2476 demiretur:

169 2490 239 2528 sed
265 2492 561 2542 pollicitationes
588 2493 750 2532 istorum
782 2493 1010 2540 meminerit,
1029 2493 1169 2545 quibus
1201 2492 1362 2543 singulis
1393 2494 1632 2544 temporibus

170 2558 341 2601 utentes,
360 2554 512 2594 dicendi
531 2555 718 2594 facultate
738 2555 833 2595 alios
852 2555 1124 2602 excludebant,
1142 2562 1181 2594 et
1199 2554 1527 2594 renunciationem
1548 2555 1630 2593 isti—

168 2625 217 2651 us
242 2615 470 2665 praeclaram
489 2617 610 2665 illam,
629 2625 675 2656 ut
696 2617 825 2656 sciatis
849 2624 990 2669 praeter
1009 2624 1138 2656 cetera
1156 2616 1299 2664 omnia,
1320 2616 1437 2655 etiam
1462 2616 1562 2653 hanc
1583 2616 1631 2653 ab

167 2675 234 2714 illo
252 2676 361 2715 vobis
381 2691 468 2717 esse
480 2678 625 2718 factam
637 2679 826 2731 injuriam,
842 2680 949 2731 quod
963 2692 1095 2718 verum
1110 2679 1242 2718 statim
1262 2685 1301 2716 et
1314 2691 1401 2716 cum
1418 2690 1516 2727 opus
1537 2684 1632 2724 erat,

169 2737 302 2776 audire
328 2739 508 2791 prohibiti
524 2741 633 2787 estis,
654 2754 725 2794 spe
750 2748 789 2781 et
812 2742 913 2781 fucis
933 2749 972 2780 et
990 2740 1333 2793 pollicitationibus
1349 2739 1513 2789 decepti.
1547 2738 1631 2776 Pri-

167 2811 274 2837 mum
292 2801 409 2852 igitur
422 2801 510 2850 hac,
531 2809 570 2841 et
597 2816 644 2842 ea
660 2804 917 2855 potissimum,
937 2816 1014 2855 qua
1033 2803 1124 2851 dixi,
1143 2803 1264 2854 gratia
1287 2802 1372 2838 haec
1395 2812 1630 2839 commemo—

169 2860 264 2901 ravi.
303 2862 468 2911 Deinde,
481 2864 650 2916 quadam
668 2871 709 2904 et
723 2865 797 2904 hac
817 2866 935 2904 nihilo
949 2867 1095 2904 minore
1114 2865 1162 2903 de
1182 2875 1325 2906 causa3
1347 2868 1390 2899 ut
1407 2861 1506 2914 ejus,
1522 2870 1632 2902 ante-

170 2928 287 2972 quam
306 2932 615 2978 corrumperetur
633 2925 916 2978 largitionibus,
936 2926 1151 2966 institutum
1163 2925 1202 2963 in
1217 2923 1417 2976 republica
1430 2924 1632 2972 recordati,
