1923 3149
721 471 1299 547 DEMOSTHENIS

538 647 863 698 CONTRA
919 650 1461 700 TIMOCRATEM

878 791 1140 834 ORATIO.

344 911 378 948 1.
408 910 596 949 CAUSAM
629 910 743 962 hujus
757 911 908 963 judicii,
929 913 1202 960 Athenienses,
1227 926 1298 952 nec
1327 913 1451 965 ipsum
1474 913 1732 953 Timocratem

285 971 446 1010 arbitror
463 971 502 1008 in
526 985 746 1023 quenquam
765 973 881 1011 alium
900 975 1120 1018 transferre,
1146 988 1261 1026 quam
1279 975 1317 1011 in
1339 975 1597 1025 semetipsum.
1625 975 1733 1016 Dum

283 1033 384 1070 enim
403 1034 677 1084 rempublicam
700 1034 876 1072 fraudare
902 1035 1068 1085 pecunia
1095 1049 1172 1073 non
1192 1049 1310 1086 parva
1329 1036 1474 1081 studet,
1494 1043 1629 1073 contra
1650 1049 1733 1074 om-

283 1106 353 1131 nes
373 1094 479 1144 leges
499 1095 649 1144 rogavit
671 1095 810 1146 legem,
832 1109 902 1134 nec
928 1097 1121 1142 idoneam,
1148 1110 1220 1135 nec
1241 1098 1402 1148 justam,
1427 1097 1593 1146 judiees.
1634 1099 1733 1139 Quae

282 1161 470 1205 quantum
493 1156 575 1192 aliis
594 1156 940 1203 incommodatura,
960 1164 998 1195 et
1016 1158 1236 1209 reipublicae
1256 1164 1397 1195 statum
1415 1157 1651 1196 labefactura
1670 1159 1734 1207 sit,

282 1218 314 1254 si
334 1217 559 1268 perferatur,
581 1219 767 1265 fortassis,
794 1220 860 1257 ubi
884 1232 932 1257 ex
956 1233 1017 1257 me
1043 1219 1199 1271 singula
1227 1220 1435 1266 audieritis,
1463 1220 1732 1270 cognoscetis:

280 1292 400 1316 unum
419 1292 522 1325 vero,
544 1280 650 1330 quod
669 1280 794 1317 habeo
816 1280 1025 1318 maximum
1052 1288 1091 1319 et
1109 1281 1453 1332 expeditissimum,
1473 1281 1599 1319 dicere
1626 1281 1730 1332 apud

280 1353 349 1377 vos
380 1353 457 1377 non
487 1340 695 1384 dubitabo;
726 1347 894 1378 vestram
923 1342 1169 1388 sententiam,
1192 1355 1305 1392 quam
1329 1342 1449 1392 jurati
1480 1342 1527 1379 de
1552 1343 1730 1380 omnibus

280 1402 400 1448 fertis,
426 1402 524 1448 tolli,
544 1403 724 1452 omnique
753 1402 980 1440 auctoritate
999 1403 1168 1452 spoliari,
1193 1403 1277 1453 lege
1307 1403 1428 1447 istius,
1459 1416 1537 1439 non
1565 1409 1607 1440 ut
1625 1415 1731 1441 corn-

279 1463 458 1500 munitati
494 1463 633 1500 civium
665 1462 868 1513 quicquam
902 1462 1278 1506 commodet‚-—nam
1312 1462 1349 1499 id
1383 1463 1447 1512 qui
1474 1463 1554 1500 fieri
1586 1463 1731 1513 queat?

277 1537 366 1561 cum
399 1523 569 1574 judiciis,
602 1536 689 1573 quae
719 1522 996 1573 rempublicam
1033 1523 1247 1568 continent,
1287 1523 1410 1560 litium
1443 1523 1729 1572 aestimationes‚

278 1598 366 1635 quae
386 1592 542 1635 quantae
563 1583 725 1634 singulis
750 1584 895 1634 injuriis
913 1584 1140 1630 debeantur,
1160 1584 1310 1634 legibus
1331 1583 1530 1622 definitum
1559 1591 1630 1630 est,
1657 1586 1729 1624 eri-

277 1647 423 1697 piat--,
443 1645 513 1683 sed
532 1651 575 1683 ut
593 1645 781 1691 nonnulli,
801 1645 865 1695 qui
878 1648 958 1692 jam
980 1645 1097 1695 longo
1117 1652 1287 1695 tempore
1308 1645 1443 1683 vestris
1466 1646 1601 1696 opibus
1620 1648 1730 1685 abusi

277 1713 380 1753 sunt,
400 1713 439 1744 et
457 1706 581 1743 multa
598 1712 724 1743 vestra
748 1705 1000 1757 diripuerunt,
1020 1719 1091 1744 nec
1110 1719 1178 1757 per
1197 1705 1442 1743 manifestum
1463 1706 1593 1745 ablata
1611 1720 1730 1758 pecu-

274 1768 397 1807 latum
415 1767 631 1805 restituant.
678 1767 804 1804 Tanto
832 1774 960 1804 autern
983 1767 1223 1805 commodius
1255 1773 1314 1804 est
1335 1766 1510 1817 privatim
1539 1769 1729 1818 quosdam

276 1828 416 1873 colere,
439 1840 554 1878 quam
573 1833 744 1865 vestrum
763 1828 829 1879 jus
860 1827 972 1873 tueri,
994 1835 1038 1865 ut
1056 1827 1128 1865 iste
1147 1828 1196 1865 ab
1223 1827 1296 1865 illis
1317 1840 1494 1865 nummos
1522 1830 1731 1880 acceperit,

276 1897 317 1928 et
337 1904 412 1929 non
433 1890 537 1940 prius
561 1889 661 1926 hanc
687 1901 756 1940 pro
775 1889 829 1926 eis
848 1889 974 1940 legem
993 1888 1144 1926 tulerit:
1173 1901 1247 1939 ego
1268 1894 1396 1926 vestra
1413 1901 1533 1927 causa
1551 1889 1599 1927 de
1623 1890 1728 1929 mille

275 1951 468 1989 drachmis
488 1951 526 1988 in
555 1950 767 2001 periculum
784 1950 950 1988 veniam.
993 1950 1161 1988 Tantum
1189 1951 1313 1994 abest,
1341 1956 1384 1987 ut
1408 1962 1432 1987 a
1456 1949 1564 1988 vobis
1584 1950 1727 2002 aliquid

277 2012 479 2064 accipiam.

329 2075 368 2111 2.
398 2074 628 2123 Quanquam
650 2078 779 2111 autem
798 2072 877 2111 fere
894 2084 1026 2111 omnes
1046 2071 1109 2123 qui
1129 2071 1326 2123 publicum
1347 2071 1499 2122 aliquod
1529 2072 1727 2124 negotium

276 2135 543 2174 administrare
580 2134 801 2180 instituunt,
838 2133 968 2172 dicere
1001 2134 1142 2183 solent,
1182 2145 1332 2171 summo
1365 2139 1492 2171 vestro
1529 2134 1658 2172 studio
1687 2141 1729 2173 et

276 2196 605 2234 animadversione
633 2195 753 2245 digna
777 2207 859 2233 esse
887 2208 947 2243 ea,
972 2195 1021 2233 de
1048 2195 1185 2245 quibus
1214 2194 1286 2245 ipsi
1317 2195 1432 2232 verba
1460 2194 1625 2233 faciant:
1653 2209 1727 2247 ego

275 2263 419 2302 tamen,
441 2257 472 2294 si
491 2256 576 2306 quis
597 2255 693 2293 alius
713 2268 881 2306 unquam
900 2256 973 2293 hoc
994 2255 1152 2293 exordio
1172 2254 1445 2293 convenienter
1469 2268 1562 2293 usus
1592 2263 1666 2302 est,
1686 2257 1726 2294 id

274 2318 390 2355 etiam
410 2317 502 2355 mihi
521 2330 623 2354 nunc
644 2316 750 2354 dictu
771 2317 953 2354 decorum
973 2329 1055 2354 esse
1085 2323 1191 2367 puto.
1221 2315 1416 2365 Siquidem
1437 2315 1486 2352 ad
1506 2315 1725 2354 felicitatem

274 2377 504 2428 reipublicae,
525 2384 564 2415 et
583 2377 714 2427 populi
741 2376 951 2414 libertatem
977 2376 1014 2413 in
1043 2375 1122 2413 ulla
1150 2388 1192 2413 re
1217 2374 1291 2412 alia
1310 2374 1397 2424 plus
1417 2386 1500 2412 esse
1526 2375 1660 2413 virium
1687 2384 1726 2415 et

274 2437 472 2483 momenti,
507 2449 621 2487 quam
649 2436 687 2473 in
711 2435 841 2486 legum
870 2435 1111 2481 auctoritate,
1134 2435 1173 2472 id
1206 2447 1278 2484 ego
1314 2434 1503 2472 neminem
1532 2434 1725 2474 dicturum

274 2503 382 2548 puto.
415 2498 467 2534 At
486 2509 575 2534 vero
591 2509 692 2534 nunc
712 2496 759 2534 de
779 2496 851 2534 hac
870 2497 955 2547 ipsa
973 2509 1012 2534 re
1032 2495 1323 2533 deliberandum
1344 2501 1417 2540 est,
1438 2501 1564 2533 utrum
1584 2502 1726 2536 cetcrae

272 2558 378 2608 leges
396 2571 418 2595 a
436 2557 541 2594 vobis
567 2559 804 2607 approbatae,
831 2556 970 2608 quibus
1000 2556 1147 2607 injuriae
1167 2555 1310 2593 civitati
1340 2554 1453 2593 sactae
1481 2564 1722 2604 coercentur,

272 2617 507 2669 abrogandae
528 2617 613 2664 sint,
634 2625 672 2654 et
691 2617 764 2655 ista
788 2617 1030 2668 perferenda,
1051 2630 1098 2654 an
1127 2623 1261 2654 contra
1288 2616 1414 2666 potius
1438 2616 1511 2656 ista
1537 2617 1723 2665 tollenda,

270 2686 411 2717 ceteroe
430 2684 557 2716 autem
572 2678 783 2716 retinendae
798 2678 814 2715 ἲ

326 2742 363 2778 3.
398 2740 477 2778 Res
494 2739 612 2789 igitur
629 2751 705 2789 qua
726 2739 774 2776 de
794 2738 900 2777 vobis
919 2751 1020 2777 nunc
1034 2738 1292 2790 judicandum
1322 2746 1395 2785 est,
1415 2738 1446 2777 si
1466 2739 1550 2790 quis
1568 2739 1721 2790 paucis-

272 2802 377 2840 simis
394 2801 598 2852 complecti
612 2800 714 2846 velit,
730 2800 813 2838 hoec
833 2808 902 2838 est.
935 2800 995 2838 Ne
1014 2801 1097 2850 quis
1116 2813 1207 2838 vero
1222 2807 1389 2838 vestrum
1409 2801 1575 2847 miretur,
1588 2814 1719 2851 quam-

271 2864 400 2900 obrem
432 2875 516 2913 egO,
550 2862 695 2911 reliquo
730 2861 853 2898 artati>-
885 2869 1067 2911 1emporc,
1103 2868 1143 2898 ut
1175 2861 1263 2897 mihi
1303 2860 1457 2911 quidem
1493 2861 1719 2911 persuadeo,

274 2923 466 2961 moderate
489 2930 699 2968 transacto,
719 2936 820 2960 nunc
843 2922 875 2958 iu
893 2922 1047 2971 judiciis
1070 2929 1106 2960 cl
1127 2921 1434 2961 accusationibus
1455 2921 1615 2972 publicis
1637 2936 1718 2960 ver·
