1923 3149
219 153 293 190 196
778 151 852 190 DE
880 151 1119 190 CORONA.

214 255 438 306 juribus
484 254 592 292 suis
644 254 980 307 disceptare,
1033 269 1145 294 cum
1198 263 1549 307 perspectum
1599 258 1682 296 ha-

221 315 938 367 buerint‚·quemadmodum
969 318 1035 356 iis
1071 317 1153 368 qui
1179 317 1405 368 patriam
1434 317 1682 370 Philippo

220 376 466 415 vendunt
498 377 682 416 aderit
714 391 861 429 opem
896 378 1115 416 laturus
1148 378 1437 416 exercitus
1476 378 1683 425 Elateae,

224 438 303 475 ita
359 437 428 475 iis
479 440 566 489 qui
622 452 717 490 pro
768 439 1040 477 libertate
1091 439 1301 477 conniti
1350 439 1540 477 volunt
1589 453 1683 478 vos

223 506 435 550 praesto
469 513 604 547 esse,
639 500 907 538 auxilium
948 501 1091 539 ferre
1129 508 1368 552 paratos,
1402 502 1444 539 si
1477 502 1599 552 quis
1633 502 1684 539 in

224 573 312 598 eos
350 561 634 599 invaserit.
690 560 945 599 Posthaec
982 563 1162 600 creari
1192 564 1359 610 jubeo
1396 562 1576 600 decern
1617 563 1684 600 le·

225 628 404 673 gatos,
439 630 606 673 atque
637 622 722 660 his
755 623 972 673 pariter
1010 637 1119 661 cum
1150 624 1579 675 imperatoribus
1608 637 1687 675 po-

225 692 477 723 testatem
513 685 759 736 permitti
796 691 846 722 et
885 687 1173 725 statuendi
1206 700 1301 738 quo
1332 695 1562 737 tempore
1604 687 1686 724 mi-

225 746 360 784 lites
393 745 533 784 illuc
566 746 852 796 proficisci
887 754 1144 797 oporteat
1180 756 1233 786 et
1264 762 1362 798 quo
1392 748 1541 785 modo
1573 748 1688 785 edu-

225 813 432 844 centur.
496 806 785 858 Postquam
823 820 951 845 vero
980 807 1145 859 legati
1187 810 1398 847 Thebas
1436 822 1688 860 pervene-

225 870 354 915 rint,
383 868 638 919 quomodo
673 869 811 907 hanc
844 881 936 907 vos
973 882 1077 907 rem
1119 878 1370 909 tractare
1406 871 1690 922 praecipio?

228 929 350 967 huic
385 930 535 981 parti
568 943 686 967 meae
718 929 1133 980 disputationis
1161 931 1484 982 diligentius
1517 938 1690 970 atten-

231 992 364 1030 dite.
421 990 572 1028 Nihil
605 990 893 1041 quicquam
930 1004 953 1028 a
988 990 1261 1030 Thebanis
1298 992 1690 1044 petite—turpe

232 1053 373 1092 enim
403 1060 614 1104 tempus
646 1057 794 1101 est—‚
828 1051 917 1089 sed
952 1064 1044 1090 vos
1078 1053 1329 1092 auxilium
1375 1053 1440 1091 iis
1469 1053 1692 1099 laturos,

232 1115 274 1154 si
319 1113 624 1162 jusserint,
668 1113 994 1165 promittite,
1042 1121 1291 1166 tanquam
1337 1114 1428 1153 illi
1474 1115 1692 1166 quidem

234 1188 428 1214 summo
461 1175 509 1212 in
543 1173 850 1212 discrImine
883 1183 1178 1223 versentur,
1211 1189 1298 1214 nos
1331 1176 1518 1214 melius
1548 1190 1692 1228 quam

236 1237 320 1274 illi
353 1248 525 1275 rerum
561 1244 805 1273 eventum
842 1237 1261 1287 prospiciamus:
1308 1244 1374 1284 ut,
1412 1238 1454 1276 si
1490 1239 1693 1289 quidem

238 1297 340 1335 haec
385 1297 685 1348 approbent
736 1296 997 1347 nobisque
1047 1299 1437 1345 assentiantur,
1487 1307 1591 1338 tum
1640 1313 1694 1338 ea

236 1372 345 1410 quae
377 1358 685 1409 expetimus
717 1360 1010 1396 consecuti
1043 1359 1313 1407 fuerimus,
1346 1368 1440 1398 tum
1470 1362 1576 1399 ista
1603 1374 1695 1412 pro

237 1420 508 1471 dignitate
555 1426 753 1458 nostrae
789 1420 1099 1470 reipublicae
1141 1423 1558 1467 confecerimus;
1611 1423 1692 1461 sin

238 1482 384 1519 votis
428 1480 621 1519 cadere
655 1480 974 1531 contigerit,
1011 1482 1108 1520 isti
1141 1483 1358 1533 quidem
1391 1497 1445 1521 se
1481 1484 1589 1535 ipsi
1625 1498 1696 1522 ae-

242 1549 452 1587 cusent,
489 1541 533 1579 si
581 1541 708 1592 quid
755 1554 896 1579 nunc
939 1542 1298 1590 offenderint,
1345 1558 1368 1582 a
1409 1545 1568 1584 nobis
1616 1559 1697 1584 au-

240 1612 343 1643 tem
385 1602 522 1641 nihil
555 1609 723 1654 turpe
764 1610 852 1641 aut
889 1603 1091 1642 humile
1130 1606 1207 1643 sit
1248 1606 1540 1645 admissum.

294 1668 359 1703 55.
389 1665 488 1703 Haec
508 1671 625 1716 atque
653 1665 712 1702 his
740 1665 879 1704 similia
896 1679 983 1704 cum
1009 1666 1206 1714 dixissem,
1225 1666 1420 1707 descendi.
1478 1669 1577 1714 Quae
1609 1684 1696 1709 cum

241 1727 529 1766 collaudassent
560 1740 692 1765 omnes
712 1733 752 1765 et
780 1741 892 1765 nemo
921 1728 1126 1779 quicquam
1154 1737 1290 1767 contra
1317 1730 1488 1777 dixisset,
1517 1746 1595 1770 non
1623 1733 1700 1770 dixi

242 1790 328 1827 haec
356 1788 524 1839 quidem,
544 1801 622 1826 non
643 1796 770 1826 autem
801 1789 949 1840 scripsi,
968 1803 1038 1827 nec
1059 1790 1193 1842 scripsi
1213 1791 1381 1841 quidem,
1411 1806 1486 1829 non
1507 1794 1702 1844 profectus

244 1865 329 1890 sum
361 1858 488 1889 autem
510 1851 560 1888 ad
581 1851 826 1901 legationem,
846 1865 918 1890 nec
937 1852 1130 1903 profectus
1150 1853 1320 1903 quidem,
1339 1867 1416 1892 non
1442 1857 1614 1906 persuasi
1635 1870 1701 1895 au—

242 1921 320 1953 tem
334 1912 545 1956 Thebanis,
565 1912 634 1949 sed
649 1925 672 1949 a
690 1912 877 1963 principio
890 1915 1015 1952 omnia
1031 1928 1113 1951 sum
1129 1915 1177 1952 ad
1193 1928 1316 1966 usque
1332 1915 1447 1954 finem
1462 1925 1700 1968 persecutus,

245 1987 385 2024 meque
402 1979 525 2011 totum
545 1973 651 2010 vobis
673 1973 712 2010 in
732 1974 957 2024 urgentibus
977 1975 1253 2026 rempublicam
1273 1977 1450 2027 periculis
1475 1979 1589 2029 plane
1609 1992 1704 2017 con-

244 2036 356 2074 cessi.
404 2035 502 2086 Age,
531 2034 659 2086 profer
687 2035 777 2073 mihi
806 2036 1016 2082 decretum,
1036 2038 1141 2088 quod
1169 2045 1249 2076 tum
1278 2040 1424 2078 factum
1451 2043 1705 2094 est.—Atqui

245 2110 360 2148 quem
380 2104 418 2135 te
439 2096 510 2142 vis,
531 2095 733 2142 AEschine,
751 2110 862 2147 quem
885 2099 1073 2150 meipsum
1101 2100 1221 2138 fuisse
1240 2100 1306 2139 illo
1325 2101 1387 2139 die
1407 2103 1574 2153 ponam?
1612 2104 1703 2142 Vin'

246 2172 309 2196 me
329 2157 483 2209 quidem
507 2170 606 2204 eum,
629 2171 742 2209 quem
764 2165 804 2195 tu
828 2172 895 2210 per
918 2161 1131 2198 convicium
1155 2168 1194 2200 et
1221 2163 1491 2201 contumeliam
1523 2165 1704 2203 Batalum

246 2219 513 2272 appellaveris,
534 2226 572 2256 te
593 2226 721 2257 autem
741 2233 820 2258 non
839 2220 935 2259 forte
955 2222 1110 2261 fortuna
1125 2224 1295 2262 oblatum
1311 2224 1440 2272 heroa,
1454 2226 1522 2264 sed
1537 2227 1706 2277 aliquem

247 2295 295 2319 ex
315 2281 372 2319 his
391 2280 439 2318 de
460 2293 590 2326 scena,
613 2281 891 2331 Cresphontem
920 2290 987 2321 aut
1014 2284 1220 2322 Creontem
1245 2292 1311 2323 aut
1338 2298 1452 2336 quem
1481 2293 1522 2325 tu
1550 2287 1640 2325 olim
1670 2291 1708 2327 in

249 2342 404 2393 Collyto
425 2341 549 2379 malus
569 2341 668 2380 male
690 2342 781 2380 dum
801 2356 936 2393 ageres
956 2345 1142 2383 obtrivisti
1161 2346 1423 2384 OEnomaum?
1451 2347 1559 2386 Tunc
1578 2349 1706 2400 igitur,

247 2404 313 2443 illo
334 2405 477 2453 inquam
504 2410 690 2454 tempore,
710 2404 948 2444 Paeaniensis
974 2419 1046 2457 ego
1076 2406 1234 2445 Batalus
1269 2407 1464 2448 OEnomao
1494 2411 1708 2450 Cothocide

250 2475 286 2505 te
306 2467 432 2505 utilior
451 2467 586 2516 patriae
606 2466 700 2504 civis
720 2476 940 2518 compertus
961 2482 1057 2506 sum.
1118 2469 1175 2506 Tu
1205 2470 1305 2507 enim
1334 2484 1524 2521 nusquam
1554 2472 1709 2511 omnino

247 2528 439 2581 profuisti,
454 2540 526 2578 ego
541 2540 631 2565 vero
647 2528 774 2566 omnia
788 2542 1027 2581 quaecunque
1044 2530 1189 2568 bonum
1206 2531 1326 2569 civem
1344 2531 1496 2580 decent,
1510 2534 1701 2586 peregi.—

254 2590 391 2629 Recita
410 2588 619 2627 decretum.

607 2718 918 2758 DECRETUM
946 2720 1358 2761 DEMOSTHENIS.

296 2797 450 2826 Archonte
466 2797 627 2833 Nausiole,
645 2797 725 2828 tribu
744 2798 887 2828 AEantide
909 2799 1101 2839 praesidente,
1117 2801 1363 2841 Scirophorionis
1386 2802 1505 2832 decimo
1532 2807 1630 2840 sexto,
1650 2804 1710 2834 De-

258 2847 433 2877 mosthenes
450 2848 671 2878 Demosthenis
688 2849 711 2878 f.
727 2850 918 2880 Paeaniensis
933 2851 1052 2880 retulit:
1077 2852 1226 2890 Quoniam
1247 2853 1408 2893 Philippus
1422 2853 1624 2884 Macedonum
1641 2865 1710 2890 rex,

255 2907 324 2927 eum
341 2897 490 2937 superiori
504 2903 641 2938 tempore
659 2899 745 2939 pacis
761 2901 874 2931 soedera
888 2912 955 2941 quae
972 2902 1049 2932 inter
1066 2903 1164 2942 ipsum
1187 2908 1217 2933 et
1241 2904 1388 2943 populum
1413 2903 1630 2936 Atheniensem
1641 2915 1712 2945 per-
