1923 3149
300 215 376 253 398
668 209 888 249 CONTRA
929 208 1372 248 ARISTOCRATEM.

301 329 386 354 esse
405 313 548 352 dicunt.
577 311 624 350 Id
642 312 746 363 quod
766 319 807 350 et
825 312 873 351 de
893 312 1123 350 Charidemo
1151 318 1337 363 perpetuo
1358 312 1533 349 feceruut
1559 317 1742 348 oratores.

303 374 637 419 Quemadmodum
658 379 697 410 et
711 372 780 423 ipsi
794 372 1018 416 fatebimini,
1037 372 1068 409 si
1088 385 1132 409 cx
1147 385 1205 409 me
1222 372 1325 409 facta
1341 371 1442 408 illius
1457 370 1688 408 audiveritis.

357 438 419 474 37.
450 436 547 479 Quae
573 434 685 485 igitur
702 434 810 471 miles
831 432 972 478 adhuc,
997 433 1088 469 dum
1110 433 1312 470 funditoris
1331 432 1438 471 initio
1456 439 1494 469 et
1518 432 1640 468 velitis
1660 444 1742 467 mu>-

302 510 393 536 nere
421 497 659 547 fungeretur,
679 501 812 532 contra
830 501 998 531 nostram
1019 493 1293 544 rempublicam
1313 493 1414 530 bello
1433 491 1535 536 fecit,
1555 505 1630 528 non
1649 492 1745 528 inter

301 557 460 608 injurias
486 568 644 594 numero
661 568 670 592 ε
710 568 783 594 nec
816 554 908 592 illud
950 554 1076 599 etiam,
1105 554 1209 603 quod
1246 566 1516 604 myoparonem
1545 552 1743 603 piraticum

303 626 452 664 nactus,
471 623 617 655 vestros
645 616 770 653 socios
801 615 1045 666 depraedatus
1076 615 1159 652 fuit.
1202 614 1279 652 Sed
1304 615 1438 652 omitto
1464 614 1560 651 haec.
1598 614 1744 654 Quam-

303 677 460 717 obrem?
490 677 589 719 Quia
607 675 847 712 necessitatis
867 676 923 712 vis
943 681 981 712 et
999 674 1141 725 inopia,
1160 674 1425 724 cogitationes,
1441 673 1531 723 quid
1552 686 1599 709 ex
1619 672 1746 710 officio

303 740 364 786 sit,
396 739 488 789 quid
521 743 652 785 contra
684 735 866 781 officium,
895 734 996 772 tollit
1020 735 1228 773 universas.
1273 735 1400 778 Quare
1428 734 1548 784 iniqui
1579 733 1746 771 censoris

303 800 430 845 fuerit,
450 798 534 835 haec
554 796 681 834 omnia
701 795 918 833 accuratius
943 795 992 832 ad
1021 795 1190 833 calculos
1215 809 1406 834 revocare.
1444 795 1523 832 Sed
1553 808 1639 832 cum
1663 794 1744 844 jam

304 860 526 910 auspicatus
545 869 711 907 praeesse
731 854 986 900 mercenariis,
1005 861 1044 892 et
1061 856 1248 904 quosdam
1269 855 1407 892 milites
1428 856 1499 892 sub
1520 867 1561 892 se
1584 854 1744 896 habens,

302 933 371 958 vos
401 919 512 964 laesit,
531 918 615 956 haec
635 931 682 955 ex
707 930 767 954 me
795 916 936 954 audite.
966 916 1044 953 Iste
1073 916 1233 966 primum
1259 916 1425 954 omnium
1452 916 1668 953 conductus
1698 915 1747 952 ab

305 982 512 1033 Iphicrate,
527 992 614 1017 cum
634 979 722 1029 plus
737 980 850 1027 quam
870 976 1074 1014 triennium
1095 978 1166 1014 sub
1185 990 1231 1014 eo
1247 977 1437 1027 stipendia
1454 977 1621 1021 fecisset,
1640 982 1748 1025 post-

305 1055 419 1094 quam
434 1040 591 1091 imperio
611 1038 793 1090 Iphicrati
812 1039 1010 1087 abrogato,
1030 1037 1271 1075 Timotheum
1291 1050 1376 1074 cum
1393 1037 1548 1087 imperio
1563 1036 1748 1073 adversus

306 1101 563 1152 Amphipolim
593 1106 633 1137 et
658 1099 941 1137 Chersonesum
971 1097 1194 1148 ablegastis,
1227 1096 1389 1148 primum
1415 1096 1748 1148 Amphipolitanos

306 1163 474 1207 obsides,
504 1175 600 1212 quos
619 1160 652 1198 ei
674 1160 723 1198 ad
742 1159 1036 1197 custodiendum
1068 1158 1276 1209 Iphicrates
1296 1165 1476 1209 acceptos
1506 1159 1553 1195 ab
1578 1157 1750 1207 Harpalo

306 1223 530 1268 tradiderat,
550 1221 691 1272 quique
712 1233 759 1257 ex
777 1225 903 1257 vestro
923 1219 1257 1257 senatusconsulto
1277 1220 1327 1256 ad
1345 1232 1413 1256 vos
1433 1219 1608 1256 mittendi
1627 1224 1750 1263 erant,

307 1283 583 1335 Amphipolitis
613 1281 797 1323 restituit3
826 1293 911 1330 quae
936 1294 996 1318 res
1023 1281 1183 1325 obstitit,
1204 1294 1251 1318 ne
1271 1280 1512 1330 Amphipolis
1535 1286 1748 1330 caperetur.

308 1345 474 1391 Deinde,
501 1357 589 1381 cum
617 1342 843 1380 Timotheus
862 1355 948 1379 eum
976 1341 1104 1378 denuo
1130 1354 1215 1378 eum
1237 1341 1319 1391 ejus
1340 1342 1508 1378 exercitu
1528 1340 1748 1378 conducere

307 1407 436 1451 vellet,
457 1404 491 1443 ei
521 1417 627 1441 suam
648 1415 802 1453 operam
822 1402 950 1439 locare
976 1401 1111 1447 noluit,
1139 1402 1207 1439 sed
1233 1415 1320 1438 cum
1351 1403 1486 1438 vestris
1516 1402 1675 1438 navibus
1699 1401 1748 1438 ad

307 1468 449 1517 Cotym
463 1465 659 1515 profectus
678 1471 749 1509 est,
769 1475 883 1512 quem
903 1463 1011 1500 vobis
1040 1462 1207 1499 omnium
1232 1462 1427 1499 hominum
1448 1462 1748 1499 inimicissimum

307 1542 393 1568 esse
413 1526 626 1565 certissimo
643 1524 801 1562 sciebat.
835 1524 974 1561 Postea
1001 1536 1089 1560 cum
1113 1523 1310 1560 Timotheo
1330 1524 1454 1560 visum
1481 1529 1585 1560 esset
1605 1523 1749 1560 bellum

307 1587 661 1640 Amphipolitanum
681 1583 782 1635 prius
811 1584 1013 1629 conficere,
1035 1596 1147 1633 quam
1170 1583 1452 1622 Chersonesum
1481 1583 1652 1633 aggredi,
1684 1597 1751 1621 ne-

308 1664 382 1702 que
402 1649 452 1686 ibi
471 1647 611 1684 laedere
631 1658 696 1683 vos
717 1652 861 1695 posset,
881 1645 1007 1682 denuo
1029 1658 1134 1682 suam
1156 1657 1309 1695 operam
1332 1644 1525 1695 Olynthiis
1544 1645 1660 1690 locat,
1679 1645 1749 1681 ini-

308 1711 415 1750 micis
434 1709 585 1759 vestris,
605 1714 643 1745 et
661 1707 718 1744 his
739 1706 802 1756 qui
824 1712 903 1744 tum
923 1706 1180 1756 Amphipolim
1200 1706 1447 1749 obtinebant;
1477 1719 1552 1756 quo
1571 1707 1661 1743 dum
1682 1718 1751 1744 na-

307 1773 425 1822 vigat,
446 1769 675 1807 Cardiacum
691 1767 851 1804 navibus
872 1780 1064 1817 egressuS,
1081 1774 1124 1803 ut
1140 1773 1273 1804 contra
1290 1779 1358 1804 vos
1377 1780 1482 1804 arma
1500 1767 1626 1812 ferret,
1645 1780 1668 1804 a
1688 1781 1751 1805 ve-

308 1832 397 1870 stris
410 1830 624 1868 triremibus
645 1835 778 1878 captus
795 1835 866 1864 est.
903 1827 980 1864 Sed
994 1827 1083 1876 quia
1097 1827 1280 1876 temporis
1293 1827 1393 1864 illius
1408 1827 1502 1864 ratio
1517 1828 1749 1876 postulabat,

309 1899 349 1931 ct
368 1891 547 1928 militibus
580 1889 628 1926 ad
649 1887 1002 1937 Amphipolitanum
1029 1886 1169 1923 bellum
1200 1888 1385 1936 egebatis,
1411 1899 1496 1924 cum
1523 1889 1751 1937 plectendus

310 1959 425 1998 esset,
444 1958 525 1988 tum
543 1949 646 1998 quod
662 1948 768 1985 vobis
781 1947 932 1984 obsides
954 1960 1030 1984 non
1050 1946 1286 1992 tradidisset,
1305 1953 1385 1983 tum
1399 1946 1508 1996 'quod
1536 1947 1584 1984 ad
1609 1948 1749 1998 Cotym

310 2015 460 2051 hostem
475 2017 641 2047 vestrum
663 2021 751 2045 cum
771 2007 903 2045 vestris
919 2007 1079 2044 navibus
1099 2006 1386 2056 transfugisset,
1405 2006 1479 2044 fide
1506 2007 1597 2044 data
1623 2015 1662 2045 et
1687 2021 1750 2045 ac-

311 2081 435 2124 cepta,
455 2071 650 2109 vobiscum
668 2068 853 2105 militavit.
884 2067 958 2104 Pro
976 2067 1113 2117 quibus
1133 2067 1247 2116 igitur
1264 2068 1378 2105 rebus
1398 2080 1550 2117 oequum
1571 2074 1652 2105 erat
1665 2081 1749 2105 eum

311 2133 418 2172 vobis
435 2130 604 2169 confiteri
619 2129 794 2179 gratiam,
809 2127 898 2177 quia
911 2140 1062 2164 crucem
1080 2127 1212 2164 merito
1226 2128 1493 2177 peperceratis,
1508 2140 1575 2177 pro
1590 2128 1647 2164 his
1664 2128 1754 2178 ipsis

312 2200 442 2232 nostra
462 2191 609 2236 civitas,
628 2190 732 2227 velut
751 2188 888 2226 affecta
915 2188 1124 2232 beneficiis,
1145 2200 1304 2226 coronas
1325 2188 1359 2225 ei
1377 2194 1416 2226 et
1435 2191 1499 2236 jus
1519 2188 1697 2234 civitatis,
1716 2196 1754 2226 et

312 2268 359 2293 ca
377 2267 462 2304 quae
483 2253 587 2290 scitis
608 2264 740 2288 omnes
754 2249 890 2299 largita
909 2255 978 2286 est.
1010 2250 1067 2286 Ac
1083 2255 1125 2286 ut
1144 2255 1324 2299 appareat
1342 2249 1424 2286 haec
1439 2263 1461 2286 a
1475 2262 1535 2286 me
1555 2262 1643 2286 vere
1663 2250 1751 2293 dici,

311 2322 350 2353 et
368 2315 564 2351 decretum
585 2311 630 2349 dc
651 2311 862 2354 obsidibus,
883 2316 921 2346 et
939 2309 1139 2359 Iphicratis
1157 2310 1288 2354 literae,
1308 2309 1474 2358 itemque
1493 2309 1694 2355 Timothei,
1715 2319 1754 2347 et,

313 2375 450 2412 deinde
464 2375 534 2411 hoc
549 2371 807 2410 testimonium
819 2371 978 2420 legetur.
1003 2370 1190 2407 videbitis
1202 2370 1316 2416 enim,
1332 2383 1388 2407 me
1402 2383 1476 2406 non
1491 2383 1613 2419 nugas
1627 2383 1753 2420 agere,

313 2442 380 2473 aut
395 2435 491 2472 falsa
507 2434 663 2472 crimina
677 2431 923 2477 comminisci,
940 2431 1009 2469 scd
1025 2444 1112 2470 vcra
1126 2444 1210 2469 esse
1225 2444 1270 2468 ea
1283 2445 1370 2481 quae
1384 2443 1653 2469 commemoro,
1676 2432 1753 2470 Re-

313 2495 390 2535 cita
409 2496 549 2533 literas.

535 2633 763 2673 LITERAE.
792 2631 1109 2670 DECRETUM.
1139 2630 1540 2669 TESTIMONIUM.

370 2739 433 2775 38.
463 2726 568 2773 Eum'
590 2734 703 2785 igitur
721 2746 767 2770 eo
787 2733 947 2782 primum
971 2744 1078 2768 suam
1107 2744 1259 2780 operam
1281 2739 1320 2768 et
1347 2731 1460 2769 fidem
1480 2731 1670 2768 addixisse
1697 2739 1752 2769 at-

252 2793 257 2795 *
316 2813 389 2850 quc
411 2795 673 2839 obstrinxisse,
694 2794 756 2830 ubi
770 2806 809 2830 se
824 2792 1016 2829 vobiscum
1033 2792 1340 2839 belligeraturum
1356 2793 1546 2842 sperabat,
1564 2804 1650 2828 Cum
1667 2792 1754 2829 alibi

315 2859 458 2910 passim
473 2857 585 2895 variae
605 2855 842 2893 conditiones
862 2853 894 2890 ci
920 2859 1057 2902 praesto
1078 2861 1221 2895 essent,
1243 2853 1382 2890 deinde
1398 2860 1598 2904 postquam
1620 2853 1667 2890 ibi
1689 2867 1755 2890 vos

317 2919 454 2958 loedcrc
485 2931 560 2958 non
580 2915 716 2968 potuit,
741 2928 870 2952 rursus
901 2912 976 2951 huc
1003 2926 1042 2950 sc
1072 2913 1294 2959 contulisse,
1314 2913 1377 2952 ubi
1405 2912 1593 2951 adversari
1625 2920 1758 2964 posset
