1923 3149
701 169 773 207 DE
804 168 1043 208 CORONA.
1529 169 1603 206 201

151 277 229 302 non
248 266 388 318 optime
404 281 427 307 a
445 282 503 308 me
521 278 632 322 gesta
650 272 861 322 republica,
880 271 984 309 hunc
1000 270 1261 319 Ctesiphontem
1280 271 1602 317 condemnabitis,

151 326 361 378 deliquisse
379 331 612 379 videbimini,
634 345 711 371 non
744 333 905 370 fortunae
941 331 1155 369 temeritate
1183 344 1229 368 ea
1260 344 1346 381 quae
1380 332 1605 371 acciderunt

149 389 370 437 pertulisse.
428 392 571 431 Verum
589 406 666 431 non
695 401 768 440 est,
801 406 879 431 non
912 398 970 430 est
1001 398 1042 429 ut
1075 391 1302 441 deliquistis,
1332 393 1604 441 Athenienses,

149 450 215 499 qui
244 464 312 501 pro
341 455 533 492 communi
563 455 732 493 omnium
762 455 936 493 libertate
966 466 1011 491 ac
1041 453 1165 491 salute
1193 452 1409 503 periculum
1437 454 1600 502 adiistis,

149 516 358 563 non,ju1·0‚
377 529 444 566 per
463 517 622 567 majores
645 523 796 554 nostros
818 516 883 567 qui
914 516 954 553 in
986 514 1221 553 Marathone
1251 523 1544 565 propugnarunt
1563 523 1603 554 et

149 573 214 622 qui
235 574 285 612 ad
307 575 473 614 Plataeas
491 578 572 614 acie
591 578 780 616 instructa
799 577 1054 615 conflixerunt
1085 582 1124 614 et
1149 575 1214 626 qui
1238 575 1288 613 ad
1305 574 1502 614 Salamina
1519 577 1603 627 qui-

147 646 223 684 que
243 635 291 672 ad
311 636 559 674 Artemisium
577 638 703 676 navali
723 639 856 689 praelio
876 639 1122 677 decertarunt
1154 637 1371 687 multosque
1391 637 1487 675 alios
1506 651 1603 688 quo-

147 707 230 731 rum
250 695 288 732 in
308 698 564 736 monumentis
596 699 762 750 publicis
791 699 977 738 memoria
996 699 1152 738 condita
1170 705 1242 745 est,
1263 697 1468 749 praeclaros
1487 699 1604 746 viros,

146 768 244 804 quos
264 769 399 795 omnes
428 772 606 810 peraeque
638 761 772 798 civitas
805 760 992 799 consimili
1011 761 1174 817 dignata
1191 759 1307 797 laude
1326 759 1516 809 sepelivit,
1538 760 1605 796 ΙΕ-

146 817 292 863 schine,
312 832 389 856 non
409 832 476 858 eos
497 820 600 859 solos
620 822 686 873 qui
718 835 798 859 rem
829 823 929 860 bene
956 829 1160 872 gesserant
1188 833 1311 871 neque
1329 834 1394 859 eos
1415 821 1518 859 solos
1538 822 1604 872 qui

143 878 326 917 vicerant.
376 881 437 919 Ac
455 884 605 920 merito.
654 882 757 921 Nam
775 883 880 933 quod
898 883 969 921 fuit
987 883 1142 921 sortium
1160 882 1327 920 virorum
1345 895 1457 932 opus,
1469 895 1604 921 omnes

144 941 428 990 praestiterunt:
456 942 615 983 fortuna
632 957 724 982 vero
755 945 814 982 usi
849 952 939 982 sunt
968 957 1027 989 ea,
1047 956 1163 996 quam
1183 943 1321 993 cuique
1342 942 1438 980 deus
1457 943 1603 981 tribuit.

146 1000 275 1051 Atque
308 1003 384 1050 hic,
405 1016 428 1042 o
454 1005 581 1043 scelus
608 1006 857 1056 literatorque
878 1006 975 1052 vilis,
997 1012 1038 1043 tu
1058 1005 1150 1043 mihi
1169 1004 1358 1042 honorem
1378 1011 1494 1055 atque
1516 1018 1604 1056 gra-

145 1061 236 1100 tiam
259 1065 362 1114 apud
380 1065 450 1103 hos
471 1067 629 1117 cupiens
650 1067 810 1118 eripere,
830 1074 977 1118 tropaea
1007 1073 1046 1105 et
1077 1078 1230 1118 pugnas
1255 1071 1293 1103 et
1316 1065 1476 1116 antiqua
1508 1066 1603 1104 faci-

145 1137 239 1162 nora
270 1130 614 1175 commemorabas,
651 1142 811 1179 quorum
849 1129 1032 1179 quidnam
1065 1128 1150 1165 haec
1180 1139 1299 1165 causa
1330 1127 1604 1168 desiderabat?

146 1185 218 1223 Me
237 1200 340 1233 vero,
361 1189 523 1227 tertiane
543 1190 690 1235 histrio,
711 1191 775 1241 qui
806 1189 854 1227 de
884 1189 1101 1241 principatu
1133 1188 1335 1226 consilium
1354 1188 1514 1227 daturus
1534 1202 1604 1240 pa-

144 1246 223 1284 triae
235 1248 450 1298 prodibam,
467 1253 576 1300 cujus
589 1251 755 1289 hominis
775 1251 910 1302 spiritu
927 1257 1110 1301 suscepto
1129 1250 1169 1286 in
1189 1257 1420 1300 suggestum
1440 1250 1604 1288 adscen-

142 1307 234 1347 dere
249 1312 481 1362 oportebat‘?
509 1313 646 1365 ejusne
666 1313 733 1364 qui
758 1313 817 1351 his
848 1313 1009 1363 indigna
1036 1310 1208 1350 diceret?
1237 1311 1374 1348 merito
1395 1322 1487 1349 sane
1503 1310 1605 1362 peri-

142 1370 271 1411 issem.
327 1373 430 1411 Nam
463 1387 512 1412 ne
545 1388 612 1413 vos
643 1375 813 1426 quidem,
835 1375 1109 1420 Athenienses,
1131 1373 1268 1411 eodem
1287 1378 1441 1423 oportet
1475 1372 1604 1417 animo

139 1433 308 1482 privatas
335 1448 474 1474 causas
506 1449 553 1474 ac
584 1436 758 1487 publicas
779 1434 1009 1487 disceptare,
1027 1435 1096 1473 sed
1120 1434 1176 1472 uti
1205 1434 1243 1471 in
1262 1433 1499 1484 quotidianae
1515 1426 1623 1478 vitaer

143 1495 404 1534 contractibus
425 1497 660 1546 expendendis
691 1497 731 1533 in
759 1496 926 1546 privatas
946 1496 1053 1546 leges
1075 1502 1190 1545 atque
1212 1495 1386 1532 actiones
1405 1493 1608 1543 inquiren-
1651 1504 1658 1516 ²

141 1553 233 1592 dum
253 1563 326 1603 est,
346 1557 400 1594 ita
418 1557 457 1594 in
477 1557 646 1595 consiliis
665 1556 828 1608 publicis
845 1556 895 1594 ad
914 1556 1102 1606 majorum
1119 1555 1286 1592 honores
1305 1554 1602 1603 respiciendum,

143 1616 333 1667 simulque
363 1617 664 1656 existimandum
691 1629 770 1654 una
787 1630 876 1654 cum
895 1617 1003 1666 virga
1024 1623 1062 1654 et
1082 1622 1228 1653 tessera
1233 1615 1409 1665 jrcclz'cialz·
1427 1616 1605 1666 spiritum

140 1678 303 1716 civitatis
333 1691 648 1728 unumquemque
680 1684 849 1716 vestrum
882 1678 1093 1728 suscipere,
1114 1677 1179 1715 ubi
1200 1677 1248 1714 de
1277 1677 1391 1714 rebus
1412 1677 1459 1714 ad
1483 1690 1603 1729 remp.

140 1738 421 1790 pertinentibus
448 1739 634 1777 acceditis
658 1738 883 1788 judicaturi,
912 1739 944 1777 si
968 1738 1125 1790 quidem
1153 1737 1225 1776 illis
1252 1737 1373 1787 digna
1400 1750 1516 1788 agere
1536 1751 1604 1777 vos

142 1799 379 1838 arbitremini
398 1807 588 1851 oportere.

195 1862 260 1899 61.
292 1859 371 1899 Sed
388 1860 428 1898 in
446 1874 492 1899 ea
507 1874 595 1912 quae
616 1874 639 1899 a
658 1861 867 1913 majoribus
887 1861 1024 1899 vestris
1041 1867 1154 1912 gesta
1173 1865 1264 1898 sunt
1293 1859 1468 1898 facinora
1494 1860 1602 1898 dela-

138 1937 232 1976 psus
253 1923 441 1961 nonnulla
462 1923 618 1961 decreta
651 1931 816 1975 actaque
846 1922 1025 1975 praeterii.
1083 1923 1140 1960 Eo
1159 1921 1276 1972 igitur
1294 1928 1476 1967 revertar,
1497 1921 1602 1960 uude

141 1997 226 2022 sum
245 1984 453 2035 digressus.
513 1984 566 2022 Ut
595 1983 749 2023 Thebas
782 1984 1041 2036 pervenimus,
1062 1983 1114 2022 ibi
1144 1981 1312 2034 Philippi
1331 1989 1370 2020 et
1390 1983 1603 2021 Thessalo-

141 2058 225 2082 rum
253 2045 490 2095 aliorumque
522 2045 715 2083 sociorum
743 2046 893 2096 legatos
923 2044 1164 2090 offendimus,
1194 2050 1235 2082 et
1262 2050 1416 2082 nostros
1446 2043 1601 2095 quidem

141 2105 285 2144 amicos
318 2106 502 2156 trepidos,
535 2106 635 2143 illius
669 2113 798 2145 autem
823 2107 964 2145 fiducia
992 2107 1129 2144 elatos.
1187 2106 1315 2156 Atque
1347 2111 1390 2143 ut
1419 2105 1504 2143 haec
1524 2118 1601 2143 non

138 2180 235 2205 meae
253 2180 357 2205 nunc
377 2167 549 2206 utilitatis
569 2181 686 2206 causa
704 2168 829 2207 dicere
850 2177 1068 2220 compertus
1100 2169 1185 2214 sim,
1209 2167 1327 2206 recita
1349 2168 1442 2205 mihi
1468 2168 1600 2206 literas

139 2242 219 2274 eas,
241 2242 339 2280 quas
371 2235 452 2267 tum
485 2243 556 2268 nos
587 2230 705 2281 legati
737 2231 865 2268 statim
897 2230 1083 2269 misimus.
1142 2231 1190 2268 Et
1211 2243 1299 2268 vero
1319 2243 1439 2281 usque
1460 2242 1506 2267 eo
1527 2230 1600 2268 iste

138 2290 406 2328 calumniando
424 2304 649 2342 progressus
681 2299 753 2338 est,
773 2298 817 2330 ut
848 2293 880 2330 si
912 2292 1005 2342 quid
1039 2299 1142 2330 reete
1163 2300 1202 2331 et
1220 2305 1241 2329 e
1260 2305 1339 2342 rep.
1361 2298 1516 2343 gestum
1536 2292 1599 2337 sit,

140 2351 179 2389 id
199 2351 373 2402 tempori,
393 2365 471 2389 non
490 2352 582 2390 mihi
606 2353 853 2391 tribuendum
874 2353 1004 2391 dicat:
1038 2353 1198 2392 aliarum
1220 2359 1349 2392 autem
1369 2365 1499 2391 rerum
1517 2365 1598 2390 om-

140 2412 259 2457 nium,
277 2424 364 2462 quae
395 2425 508 2451 secus
536 2413 770 2461 ceciderunt,
804 2415 842 2452 in
863 2427 922 2452 me
941 2420 1056 2466 atque
1075 2414 1115 2452 in
1147 2428 1271 2453 meam
1293 2414 1485 2452 fortunam
1515 2411 1599 2451 c'ul—

142 2484 232 2522 pam
264 2472 450 2511 conferat.
506 2475 637 2526 Atque
669 2476 724 2513 ita
755 2475 915 2520 scilicet,
938 2488 1074 2513 suasor
1107 2482 1147 2513 et
1176 2482 1304 2514 orator
1341 2488 1415 2526 ego
1453 2474 1597 2512 nullius

139 2545 268 2574 earum
288 2546 414 2571 rerum
432 2548 518 2586 quae
539 2538 711 2575 oratione
740 2542 780 2574 et
808 2537 970 2575 consilio
1001 2543 1100 2575 actae
1131 2544 1221 2575 sunt
1249 2537 1404 2587 adjutor
1422 2536 1457 2574 ei
1477 2536 1596 2573 fuisse

142 2593 286 2641 videor,
306 2606 438 2634 earum
457 2609 548 2635 vero
567 2611 654 2648 quae
674 2598 713 2636 in
736 2598 850 2636 armis
866 2605 905 2636 et
923 2599 1082 2650 imperio
1101 2598 1304 2637 infeliciter
1323 2602 1598 2649 processerunt

140 2654 246 2692 solus
266 2662 400 2693 auctor
419 2657 625 2697 exstitisse.
682 2659 826 2710 Ecquis
853 2659 1055 2699 immanior
1084 2659 1340 2699 calumniator
1357 2659 1451 2711 fingi
1469 2663 1598 2709 potest

140 2722 207 2754 aut
226 2717 497 2756 exsecrabilior
516 2718 668 2758 isthoc?
697 2719 836 2758 Recita
854 2719 998 2759 literas.

837 2898 913 2934 21³
