<?xml version="1.0" encoding="UTF-8"?>
<!DOCTYPE html PUBLIC "-//W3C//DTD XHTML 1.0 Transitional//EN"
    "http://www.w3.org/TR/xhtml1/DTD/xhtml1-transitional.dtd">
<html xmlns="http://www.w3.org/1999/xhtml" xml:lang="en" lang="en">
 <head>
  <title>
</title>
<meta http-equiv="Content-Type" content="text/html;charset=utf-8" />
  <meta name='ocr-system' content='tesseract 3.04.00' />
  <meta name='ocr-capabilities' content='ocr_page ocr_carea ocr_par ocr_line ocrx_word'/>
</head>
<body>
  <div class='ocr_page' id='page_1' title='image "./oratoresatticie15dobs_0337.png"; bbox 0 0 1923 3149; ppageno 0'>
   <div class='ocr_carea' id='block_1_1' title="bbox 668 200 1625 267">
    <p class='ocr_par' dir='ltr' id='par_1_1' title="bbox 668 200 1625 267">
     <span class='ocr_line' id='line_1_1' title="bbox 668 200 1625 267; baseline -0.01 0"><span class='ocrx_word' id='word_1_1' title='bbox 668 200 887 267; x_wconf 65' lang='lat' dir='ltr'>CON&#39;iRA</span> <span class='ocrx_word' id='word_1_2' title='bbox 917 227 1147 266; x_wconf 80' lang='lat' dir='ltr'>M1D1A1v1.</span> <span class='ocrx_word' id='word_1_3' title='bbox 1555 222 1625 259; x_wconf 78' lang='lat'>321</span> 
     </span>
    </p>
   </div>
   <div class='ocr_carea' id='block_1_2' title="bbox 178 322 1640 2344">
    <p class='ocr_par' dir='ltr' id='par_1_2' title="bbox 180 322 1634 806">
     <span class='ocr_line' id='line_1_2' title="bbox 183 322 1630 381; baseline -0.003 -17"><span class='ocrx_word' id='word_1_4' title='bbox 183 334 245 364; x_wconf 88' lang='lat' dir='ltr'>tus</span> <span class='ocrx_word' id='word_1_5' title='bbox 261 328 346 373; x_wconf 83' lang='lat' dir='ltr'>fuit,</span> <span class='ocrx_word' id='word_1_6' title='bbox 360 328 407 366; x_wconf 88' lang='lat' dir='ltr'>de</span> <span class='ocrx_word' id='word_1_7' title='bbox 420 341 466 366; x_wconf 88' lang='lat' dir='ltr'>ea</span> <span class='ocrx_word' id='word_1_8' title='bbox 484 330 567 379; x_wconf 85' lang='lat' dir='ltr'>ipsa</span> <span class='ocrx_word' id='word_1_9' title='bbox 587 343 640 377; x_wconf 85' lang='lat' dir='ltr'>re,</span> <span class='ocrx_word' id='word_1_10' title='bbox 661 331 810 381; x_wconf 84' lang='lat' dir='ltr'>privata</span> <span class='ocrx_word' id='word_1_11' title='bbox 829 330 1084 368; x_wconf 82' lang='lat' dir='ltr'>transactione</span> <span class='ocrx_word' id='word_1_12' title='bbox 1103 330 1218 373; x_wconf 82' lang='lat' dir='ltr'>facta,</span> <span class='ocrx_word' id='word_1_13' title='bbox 1240 334 1279 366; x_wconf 85' lang='lat' dir='ltr'>et</span> <span class='ocrx_word' id='word_1_14' title='bbox 1298 327 1445 378; x_wconf 84' lang='lat' dir='ltr'>legibus</span> <span class='ocrx_word' id='word_1_15' title='bbox 1466 331 1505 365; x_wconf 84' lang='lat' dir='ltr'>et</span> <span class='ocrx_word' id='word_1_16' title='bbox 1522 322 1630 361; x_wconf 90' lang='lat' dir='ltr'>vobis</span> 
     </span>
     <span class='ocr_line' id='line_1_3' title="bbox 180 384 1630 442; baseline -0.001 -18"><span class='ocrx_word' id='word_1_17' title='bbox 180 400 247 438; x_wconf 90' lang='lat' dir='ltr'>pro</span> <span class='ocrx_word' id='word_1_18' title='bbox 260 388 376 426; x_wconf 85' lang='lat' dir='ltr'>nihilo</span> <span class='ocrx_word' id='word_1_19' title='bbox 392 389 544 437; x_wconf 84' lang='lat' dir='ltr'>habitis,</span> <span class='ocrx_word' id='word_1_20' title='bbox 560 403 608 428; x_wconf 86' lang='lat' dir='ltr'>ne</span> <span class='ocrx_word' id='word_1_21' title='bbox 621 391 854 442; x_wconf 84' lang='lat' dir='ltr'>injudicium</span> <span class='ocrx_word' id='word_1_22' title='bbox 873 391 1027 442; x_wconf 89' lang='lat' dir='ltr'>quidem</span> <span class='ocrx_word' id='word_1_23' title='bbox 1043 389 1264 440; x_wconf 87' lang='lat' dir='ltr'>Polyzelum</span> <span class='ocrx_word' id='word_1_24' title='bbox 1285 388 1459 425; x_wconf 80' lang='lat' dir='ltr'>adduxit.</span> <span class='ocrx_word' id='word_1_25' title='bbox 1492 385 1531 423; x_wconf 86' lang='lat' dir='ltr'>Si</span> <span class='ocrx_word' id='word_1_26' title='bbox 1545 384 1630 434; x_wconf 81' lang='lat' dir='ltr'>quis</span> 
     </span>
     <span class='ocr_line' id='line_1_4' title="bbox 181 444 1631 503; baseline -0.003 -18"><span class='ocrx_word' id='word_1_27' title='bbox 181 448 296 499; x_wconf 85' lang='lat' dir='ltr'>igitur</span> <span class='ocrx_word' id='word_1_28' title='bbox 315 450 400 488; x_wconf 91' lang='lat' dir='ltr'>illos</span> <span class='ocrx_word' id='word_1_29' title='bbox 422 464 604 489; x_wconf 86' lang='lat' dir='ltr'>accusare</span> <span class='ocrx_word' id='word_1_30' title='bbox 624 453 661 489; x_wconf 92' lang='lat' dir='ltr'>in</span> <span class='ocrx_word' id='word_1_31' title='bbox 681 453 886 503; x_wconf 79' lang='lat' dir='ltr'>praesentia</span> <span class='ocrx_word' id='word_1_32' title='bbox 901 452 1014 496; x_wconf 90' lang='lat' dir='ltr'>volet,</span> <span class='ocrx_word' id='word_1_33' title='bbox 1034 450 1117 487; x_wconf 84' lang='lat' dir='ltr'>haec</span> <span class='ocrx_word' id='word_1_34' title='bbox 1133 449 1297 487; x_wconf 80' lang='lat' dir='ltr'>dicenda</span> <span class='ocrx_word' id='word_1_35' title='bbox 1316 455 1440 485; x_wconf 87' lang='lat' dir='ltr'>erunt.</span> <span class='ocrx_word' id='word_1_36' title='bbox 1474 447 1540 483; x_wconf 83' lang='lat' dir='ltr'>Sin</span> <span class='ocrx_word' id='word_1_37' title='bbox 1560 444 1631 482; x_wconf 90' lang='lat' dir='ltr'>cri-</span> 
     </span>
     <span class='ocr_line' id='line_1_5' title="bbox 181 506 1630 564; baseline -0.003 -18"><span class='ocrx_word' id='word_1_38' title='bbox 181 511 285 547; x_wconf 90' lang='lat' dir='ltr'>mina</span> <span class='ocrx_word' id='word_1_39' title='bbox 312 511 374 548; x_wconf 89' lang='lat' dir='ltr'>isti</span> <span class='ocrx_word' id='word_1_40' title='bbox 393 526 459 562; x_wconf 84' lang='lat' dir='ltr'>per</span> <span class='ocrx_word' id='word_1_41' title='bbox 478 526 536 550; x_wconf 86' lang='lat' dir='ltr'>me</span> <span class='ocrx_word' id='word_1_42' title='bbox 562 514 712 564; x_wconf 87' lang='lat' dir='ltr'>objecta</span> <span class='ocrx_word' id='word_1_43' title='bbox 743 514 920 558; x_wconf 85' lang='lat' dir='ltr'>refutare,</span> <span class='ocrx_word' id='word_1_44' title='bbox 945 512 1096 562; x_wconf 90' lang='lat' dir='ltr'>quidvis</span> <span class='ocrx_word' id='word_1_45' title='bbox 1124 511 1250 562; x_wconf 89' lang='lat' dir='ltr'>potius</span> <span class='ocrx_word' id='word_1_46' title='bbox 1280 509 1349 546; x_wconf 90' lang='lat' dir='ltr'>erit</span> <span class='ocrx_word' id='word_1_47' title='bbox 1380 506 1630 546; x_wconf 82' lang='lat' dir='ltr'>afferendum.</span> 
     </span>
     <span class='ocr_line' id='line_1_6' title="bbox 183 568 1631 624; baseline -0.003 -17"><span class='ocrx_word' id='word_1_48' title='bbox 183 570 282 608; x_wconf 83' lang='lat' dir='ltr'>Nam</span> <span class='ocrx_word' id='word_1_49' title='bbox 305 571 389 610; x_wconf 86' lang='lat' dir='ltr'>haec</span> <span class='ocrx_word' id='word_1_50' title='bbox 409 573 564 622; x_wconf 86' lang='lat' dir='ltr'>negotia</span> <span class='ocrx_word' id='word_1_51' title='bbox 580 587 668 611; x_wconf 92' lang='lat' dir='ltr'>cum</span> <span class='ocrx_word' id='word_1_52' title='bbox 688 574 774 618; x_wconf 89' lang='lat' dir='ltr'>illis,</span> <span class='ocrx_word' id='word_1_53' title='bbox 795 581 838 612; x_wconf 91' lang='lat' dir='ltr'>ut</span> <span class='ocrx_word' id='word_1_54' title='bbox 855 587 940 624; x_wconf 84' lang='lat' dir='ltr'>quae</span> <span class='ocrx_word' id='word_1_55' title='bbox 960 573 1135 619; x_wconf 85' lang='lat' dir='ltr'><strong>maxime,</strong></span> <span class='ocrx_word' id='word_1_56' title='bbox 1154 577 1342 622; x_wconf 86' lang='lat' dir='ltr'>pugnant,</span> <span class='ocrx_word' id='word_1_57' title='bbox 1363 582 1423 606; x_wconf 90' lang='lat' dir='ltr'>me</span> <span class='ocrx_word' id='word_1_58' title='bbox 1439 568 1539 604; x_wconf 87' lang='lat' dir='ltr'>enim</span> <span class='ocrx_word' id='word_1_59' title='bbox 1560 579 1631 603; x_wconf 90' lang='lat' dir='ltr'>nec</span> 
     </span>
     <span class='ocr_line' id='line_1_7' title="bbox 181 628 1631 686; baseline -0.005 -17"><span class='ocrx_word' id='word_1_60' title='bbox 181 633 378 683; x_wconf 84' lang='lat' dir='ltr'>accepisse</span> <span class='ocrx_word' id='word_1_61' title='bbox 397 634 615 684; x_wconf 88' lang='lat' dir='ltr'>quicquam,</span> <span class='ocrx_word' id='word_1_62' title='bbox 636 648 708 672; x_wconf 92' lang='lat' dir='ltr'>nec</span> <span class='ocrx_word' id='word_1_63' title='bbox 728 635 902 686; x_wconf 89' lang='lat' dir='ltr'>accipere</span> <span class='ocrx_word' id='word_1_64' title='bbox 929 634 1139 672; x_wconf 84' lang='lat' dir='ltr'>instituisse</span> <span class='ocrx_word' id='word_1_65' title='bbox 1157 637 1425 683; x_wconf 79' lang='lat' dir='ltr'>cognoscetur,</span> <span class='ocrx_word' id='word_1_66' title='bbox 1458 628 1527 666; x_wconf 88' lang='lat' dir='ltr'>sed</span> <span class='ocrx_word' id='word_1_67' title='bbox 1547 639 1631 664; x_wconf 85' lang='lat' dir='ltr'>eam</span> 
     </span>
     <span class='ocr_line' id='line_1_8' title="bbox 181 687 1634 746; baseline -0.005 -16"><span class='ocrx_word' id='word_1_68' title='bbox 181 693 379 740; x_wconf 88' lang='lat' dir='ltr'>ultionem,</span> <span class='ocrx_word' id='word_1_69' title='bbox 392 708 478 744; x_wconf 85' lang='lat' dir='ltr'>quae</span> <span class='ocrx_word' id='word_1_70' title='bbox 493 702 573 732; x_wconf 91' lang='lat' dir='ltr'>tum</span> <span class='ocrx_word' id='word_1_71' title='bbox 592 709 660 746; x_wconf 85' lang='lat' dir='ltr'>pro</span> <span class='ocrx_word' id='word_1_72' title='bbox 675 696 838 746; x_wconf 86' lang='lat' dir='ltr'>legibus,</span> <span class='ocrx_word' id='word_1_73' title='bbox 851 702 930 733; x_wconf 88' lang='lat' dir='ltr'>tum</span> <span class='ocrx_word' id='word_1_74' title='bbox 946 708 1014 746; x_wconf 85' lang='lat' dir='ltr'>pro</span> <span class='ocrx_word' id='word_1_75' title='bbox 1027 696 1115 742; x_wconf 84' lang='lat' dir='ltr'>deo,</span> <span class='ocrx_word' id='word_1_76' title='bbox 1134 702 1214 732; x_wconf 91' lang='lat' dir='ltr'>tum</span> <span class='ocrx_word' id='word_1_77' title='bbox 1234 706 1303 745; x_wconf 86' lang='lat' dir='ltr'>pro</span> <span class='ocrx_word' id='word_1_78' title='bbox 1317 691 1428 730; x_wconf 90' lang='lat' dir='ltr'>nobis</span> <span class='ocrx_word' id='word_1_79' title='bbox 1443 687 1634 739; x_wconf 82' lang='lat' dir='ltr'>exigenda</span> 
     </span>
     <span class='ocr_line' id='line_1_9' title="bbox 181 758 1303 806; baseline 0 -12"><span class='ocrx_word' id='word_1_80' title='bbox 181 763 253 802; x_wconf 89' lang='lat' dir='ltr'>est,</span> <span class='ocrx_word' id='word_1_81' title='bbox 273 758 326 795; x_wconf 88' lang='lat' dir='ltr'>ita</span> <span class='ocrx_word' id='word_1_82' title='bbox 346 758 399 795; x_wconf 88' lang='lat' dir='ltr'>uti</span> <span class='ocrx_word' id='word_1_83' title='bbox 417 758 543 805; x_wconf 87' lang='lat' dir='ltr'>decet,</span> <span class='ocrx_word' id='word_1_84' title='bbox 562 765 807 806; x_wconf 82' lang='lat' dir='ltr'>reservatam,</span> <span class='ocrx_word' id='word_1_85' title='bbox 827 772 929 797; x_wconf 91' lang='lat' dir='ltr'>nunc</span> <span class='ocrx_word' id='word_1_86' title='bbox 949 759 1057 797; x_wconf 91' lang='lat' dir='ltr'>vobis</span> <span class='ocrx_word' id='word_1_87' title='bbox 1077 758 1303 796; x_wconf 81' lang='lat' dir='ltr'>reddidisse.</span> 
     </span>
    </p>

    <p class='ocr_par' dir='ltr' id='par_1_3' title="bbox 178 811 1640 2344">
     <span class='ocr_line' id='line_1_10' title="bbox 241 811 1632 869; baseline -0.003 -15"><span class='ocrx_word' id='word_1_88' title='bbox 241 819 300 855; x_wconf 78' lang='lat'>12.</span> <span class='ocrx_word' id='word_1_89' title='bbox 340 818 400 855; x_wconf 91' lang='lat' dir='ltr'>Ne</span> <span class='ocrx_word' id='word_1_90' title='bbox 418 819 533 869; x_wconf 81' lang='lat' dir='ltr'>igitur</span> <span class='ocrx_word' id='word_1_91' title='bbox 560 820 692 858; x_wconf 86' lang='lat' dir='ltr'>sinatis</span> <span class='ocrx_word' id='word_1_92' title='bbox 711 834 797 858; x_wconf 90' lang='lat' dir='ltr'>eum</span> <span class='ocrx_word' id='word_1_93' title='bbox 826 821 919 858; x_wconf 86' lang='lat' dir='ltr'>talia</span> <span class='ocrx_word' id='word_1_94' title='bbox 939 821 1080 867; x_wconf 85' lang='lat' dir='ltr'>dicere,</span> <span class='ocrx_word' id='word_1_95' title='bbox 1100 833 1226 869; x_wconf 88' lang='lat' dir='ltr'>neque</span> <span class='ocrx_word' id='word_1_96' title='bbox 1251 818 1378 862; x_wconf 86' lang='lat' dir='ltr'>etiam,</span> <span class='ocrx_word' id='word_1_97' title='bbox 1407 816 1438 852; x_wconf 91' lang='lat' dir='ltr'>si</span> <span class='ocrx_word' id='word_1_98' title='bbox 1469 825 1538 865; x_wconf 89' lang='lat' dir='ltr'>per</span> <span class='ocrx_word' id='word_1_99' title='bbox 1556 811 1632 848; x_wconf 87' lang='lat' dir='ltr'>vim</span> 
     </span>
     <span class='ocr_line' id='line_1_11' title="bbox 181 873 1632 933; baseline -0.006 -16"><span class='ocrx_word' id='word_1_100' title='bbox 181 877 395 929; x_wconf 84' lang='lat' dir='ltr'>ingesserit,</span> <span class='ocrx_word' id='word_1_101' title='bbox 416 886 598 931; x_wconf 79' lang='lat' dir='ltr'>tanquam</span> <span class='ocrx_word' id='word_1_102' title='bbox 620 882 765 932; x_wconf 89' lang='lat' dir='ltr'>aliquid</span> <span class='ocrx_word' id='word_1_103' title='bbox 793 882 894 933; x_wconf 84' lang='lat' dir='ltr'>aequi</span> <span class='ocrx_word' id='word_1_104' title='bbox 916 882 1057 920; x_wconf 83' lang='lat' dir='ltr'>dicenti</span> <span class='ocrx_word' id='word_1_105' title='bbox 1086 875 1323 919; x_wconf 82' lang='lat' dir='ltr'>auscultetiS.</span> <span class='ocrx_word' id='word_1_106' title='bbox 1364 878 1464 914; x_wconf 89' lang='lat' dir='ltr'>Nam</span> <span class='ocrx_word' id='word_1_107' title='bbox 1498 874 1528 911; x_wconf 90' lang='lat' dir='ltr'>si</span> <span class='ocrx_word' id='word_1_108' title='bbox 1547 873 1632 910; x_wconf 84' lang='lat' dir='ltr'>haec</span> 
     </span>
     <span class='ocr_line' id='line_1_12' title="bbox 181 936 1633 992; baseline -0.003 -14"><span class='ocrx_word' id='word_1_109' title='bbox 181 940 237 978; x_wconf 90' lang='lat' dir='ltr'>sic</span> <span class='ocrx_word' id='word_1_110' title='bbox 257 942 361 992; x_wconf 91' lang='lat' dir='ltr'>apud</span> <span class='ocrx_word' id='word_1_111' title='bbox 376 955 443 980; x_wconf 92' lang='lat' dir='ltr'>vos</span> <span class='ocrx_word' id='word_1_112' title='bbox 464 943 619 982; x_wconf 88' lang='lat' dir='ltr'>decreta</span> <span class='ocrx_word' id='word_1_113' title='bbox 633 944 789 990; x_wconf 86' lang='lat' dir='ltr'>fuerint,</span> <span class='ocrx_word' id='word_1_114' title='bbox 811 957 887 982; x_wconf 90' lang='lat' dir='ltr'>non</span> <span class='ocrx_word' id='word_1_115' title='bbox 909 944 1027 981; x_wconf 92' lang='lat' dir='ltr'>ullam</span> <span class='ocrx_word' id='word_1_116' title='bbox 1048 943 1314 981; x_wconf 86' lang='lat' dir='ltr'>defensionem</span> <span class='ocrx_word' id='word_1_117' title='bbox 1338 939 1507 977; x_wconf 83' lang='lat' dir='ltr'>habebit.</span> <span class='ocrx_word' id='word_1_118' title='bbox 1535 936 1633 979; x_wconf 80' lang='lat' dir='ltr'>Quae</span> 
     </span>
     <span class='ocr_line' id='line_1_13' title="bbox 181 999 1634 1055; baseline -0.006 -16"><span class='ocrx_word' id='word_1_119' title='bbox 181 1015 300 1040; x_wconf 87' lang='lat' dir='ltr'>causa</span> <span class='ocrx_word' id='word_1_120' title='bbox 329 1004 443 1049; x_wconf 88' lang='lat' dir='ltr'>enim,</span> <span class='ocrx_word' id='word_1_121' title='bbox 474 1004 643 1042; x_wconf 87' lang='lat' dir='ltr'>humana</span> <span class='ocrx_word' id='word_1_122' title='bbox 668 1006 817 1051; x_wconf 88' lang='lat' dir='ltr'>saltem,</span> <span class='ocrx_word' id='word_1_123' title='bbox 848 1018 934 1055; x_wconf 83' lang='lat' dir='ltr'>quae</span> <span class='ocrx_word' id='word_1_124' title='bbox 962 1005 1165 1043; x_wconf 88' lang='lat' dir='ltr'>mediocris</span> <span class='ocrx_word' id='word_1_125' title='bbox 1194 1002 1392 1042; x_wconf 84' lang='lat' dir='ltr'>excusatio</span> <span class='ocrx_word' id='word_1_126' title='bbox 1420 999 1634 1037; x_wconf 81' lang='lat' dir='ltr'>facinorum</span> 
     </span>
     <span class='ocr_line' id='line_1_14' title="bbox 179 1058 1632 1115; baseline -0.006 -15"><span class='ocrx_word' id='word_1_127' title='bbox 179 1063 280 1101; x_wconf 90' lang='lat' dir='ltr'>illius</span> <span class='ocrx_word' id='word_1_128' title='bbox 318 1065 558 1115; x_wconf 73' lang='lat' dir='ltr'>proferetur?</span> <span class='ocrx_word' id='word_1_129' title='bbox 592 1067 795 1104; x_wconf 85' lang='lat' dir='ltr'>Iracundia</span> <span class='ocrx_word' id='word_1_130' title='bbox 830 1066 1019 1104; x_wconf 89' lang='lat' dir='ltr'>nimirum.</span> <span class='ocrx_word' id='word_1_131' title='bbox 1075 1066 1175 1103; x_wconf 91' lang='lat' dir='ltr'>Nam</span> <span class='ocrx_word' id='word_1_132' title='bbox 1208 1065 1282 1103; x_wconf 85' lang='lat' dir='ltr'>hoc</span> <span class='ocrx_word' id='word_1_133' title='bbox 1320 1064 1482 1100; x_wconf 87' lang='lat' dir='ltr'>fortasse</span> <span class='ocrx_word' id='word_1_134' title='bbox 1518 1058 1632 1095; x_wconf 91' lang='lat' dir='ltr'>dicet.</span> 
     </span>
     <span class='ocr_line' id='line_1_15' title="bbox 182 1116 1635 1179; baseline -0.007 -16"><span class='ocrx_word' id='word_1_135' title='bbox 182 1124 325 1163; x_wconf 86' lang='lat' dir='ltr'>Verum</span> <span class='ocrx_word' id='word_1_136' title='bbox 355 1128 404 1165; x_wconf 91' lang='lat' dir='ltr'>ad</span> <span class='ocrx_word' id='word_1_137' title='bbox 429 1140 516 1177; x_wconf 87' lang='lat' dir='ltr'>quae</span> <span class='ocrx_word' id='word_1_138' title='bbox 536 1127 672 1178; x_wconf 86' lang='lat' dir='ltr'>aliquis</span> <span class='ocrx_word' id='word_1_139' title='bbox 693 1128 832 1173; x_wconf 91' lang='lat' dir='ltr'>subito,</span> <span class='ocrx_word' id='word_1_140' title='bbox 865 1141 941 1165; x_wconf 90' lang='lat' dir='ltr'>non</span> <span class='ocrx_word' id='word_1_141' title='bbox 971 1133 1193 1179; x_wconf 87' lang='lat' dir='ltr'>exspectato</span> <span class='ocrx_word' id='word_1_142' title='bbox 1219 1125 1380 1164; x_wconf 88' lang='lat' dir='ltr'>consilio</span> <span class='ocrx_word' id='word_1_143' title='bbox 1403 1119 1558 1164; x_wconf 89' lang='lat' dir='ltr'>mentis,</span> <span class='ocrx_word' id='word_1_144' title='bbox 1578 1116 1635 1153; x_wconf 84' lang='lat' dir='ltr'>fa-</span> 
     </span>
     <span class='ocr_line' id='line_1_16' title="bbox 181 1185 1635 1238; baseline -0.006 -15"><span class='ocrx_word' id='word_1_145' title='bbox 181 1186 318 1225; x_wconf 89' lang='lat' dir='ltr'>cienda</span> <span class='ocrx_word' id='word_1_146' title='bbox 336 1188 523 1238; x_wconf 87' lang='lat' dir='ltr'>impulsus</span> <span class='ocrx_word' id='word_1_147' title='bbox 545 1189 670 1236; x_wconf 83' lang='lat' dir='ltr'>fuerit,</span> <span class='ocrx_word' id='word_1_148' title='bbox 691 1190 839 1227; x_wconf 89' lang='lat' dir='ltr'>etiarnsi</span> <span class='ocrx_word' id='word_1_149' title='bbox 855 1190 1127 1227; x_wconf 83' lang='lat' dir='ltr'>contumeliose</span> <span class='ocrx_word' id='word_1_150' title='bbox 1146 1188 1292 1234; x_wconf 88' lang='lat' dir='ltr'>fecerit,</span> <span class='ocrx_word' id='word_1_151' title='bbox 1310 1199 1380 1237; x_wconf 83' lang='lat' dir='ltr'>per</span> <span class='ocrx_word' id='word_1_152' title='bbox 1395 1185 1485 1221; x_wconf 86' lang='lat' dir='ltr'>iram</span> <span class='ocrx_word' id='word_1_153' title='bbox 1505 1189 1635 1219; x_wconf 84' lang='lat' dir='ltr'>tamen</span> 
     </span>
     <span class='ocr_line' id='line_1_17' title="bbox 181 1241 1635 1300; baseline -0.005 -16"><span class='ocrx_word' id='word_1_154' title='bbox 181 1260 263 1284; x_wconf 87' lang='lat' dir='ltr'>esse</span> <span class='ocrx_word' id='word_1_155' title='bbox 293 1248 408 1293; x_wconf 88' lang='lat' dir='ltr'>facta,</span> <span class='ocrx_word' id='word_1_156' title='bbox 431 1249 556 1286; x_wconf 84' lang='lat' dir='ltr'>dicere</span> <span class='ocrx_word' id='word_1_157' title='bbox 576 1257 716 1300; x_wconf 89' lang='lat' dir='ltr'>potest.</span> <span class='ocrx_word' id='word_1_158' title='bbox 748 1251 845 1294; x_wconf 83' lang='lat' dir='ltr'>Quae</span> <span class='ocrx_word' id='word_1_159' title='bbox 865 1264 953 1288; x_wconf 90' lang='lat' dir='ltr'>vero</span> <span class='ocrx_word' id='word_1_160' title='bbox 973 1251 1039 1288; x_wconf 90' lang='lat' dir='ltr'>diu</span> <span class='ocrx_word' id='word_1_161' title='bbox 1068 1257 1155 1288; x_wconf 90' lang='lat' dir='ltr'>ante</span> <span class='ocrx_word' id='word_1_162' title='bbox 1184 1247 1490 1300; x_wconf 81' lang='lat' dir='ltr'>praemeditatus,</span> <span class='ocrx_word' id='word_1_163' title='bbox 1513 1241 1635 1280; x_wconf 88' lang='lat' dir='ltr'>conti-</span> 
     </span>
     <span class='ocr_line' id='line_1_18' title="bbox 182 1303 1633 1362; baseline -0.004 -18"><span class='ocrx_word' id='word_1_164' title='bbox 182 1315 317 1346; x_wconf 86' lang='lat' dir='ltr'>nenter</span> <span class='ocrx_word' id='word_1_165' title='bbox 334 1322 403 1358; x_wconf 89' lang='lat' dir='ltr'>per</span> <span class='ocrx_word' id='word_1_166' title='bbox 429 1311 572 1347; x_wconf 89' lang='lat' dir='ltr'>multos</span> <span class='ocrx_word' id='word_1_167' title='bbox 605 1311 686 1348; x_wconf 89' lang='lat' dir='ltr'>dies</span> <span class='ocrx_word' id='word_1_168' title='bbox 715 1320 850 1349; x_wconf 86' lang='lat' dir='ltr'>contra</span> <span class='ocrx_word' id='word_1_169' title='bbox 880 1312 986 1362; x_wconf 84' lang='lat' dir='ltr'>leges</span> <span class='ocrx_word' id='word_1_170' title='bbox 1008 1311 1133 1349; x_wconf 88' lang='lat' dir='ltr'>facere</span> <span class='ocrx_word' id='word_1_171' title='bbox 1159 1310 1288 1361; x_wconf 85' lang='lat' dir='ltr'>palam</span> <span class='ocrx_word' id='word_1_172' title='bbox 1321 1303 1633 1358; x_wconf 89' lang='lat' dir='ltr'>deprehenditur,</span> 
     </span>
     <span class='ocr_line' id='line_1_19' title="bbox 180 1366 1636 1420; baseline -0.006 -13"><span class='ocrx_word' id='word_1_173' title='bbox 180 1382 257 1407; x_wconf 92' lang='lat' dir='ltr'>non</span> <span class='ocrx_word' id='word_1_174' title='bbox 279 1370 391 1408; x_wconf 89' lang='lat' dir='ltr'>modo</span> <span class='ocrx_word' id='word_1_175' title='bbox 411 1371 520 1408; x_wconf 89' lang='lat' dir='ltr'>abest</span> <span class='ocrx_word' id='word_1_176' title='bbox 540 1372 587 1409; x_wconf 90' lang='lat' dir='ltr'>ab</span> <span class='ocrx_word' id='word_1_177' title='bbox 607 1385 654 1409; x_wconf 91' lang='lat' dir='ltr'>eo</span> <span class='ocrx_word' id='word_1_178' title='bbox 674 1378 716 1409; x_wconf 89' lang='lat' dir='ltr'>ut</span> <span class='ocrx_word' id='word_1_179' title='bbox 734 1373 853 1410; x_wconf 90' lang='lat' dir='ltr'>iratus</span> <span class='ocrx_word' id='word_1_180' title='bbox 869 1373 1016 1418; x_wconf 86' lang='lat' dir='ltr'>fecerit,</span> <span class='ocrx_word' id='word_1_181' title='bbox 1032 1372 1101 1409; x_wconf 89' lang='lat' dir='ltr'>sed</span> <span class='ocrx_word' id='word_1_182' title='bbox 1121 1371 1262 1409; x_wconf 89' lang='lat' dir='ltr'>nemini</span> <span class='ocrx_word' id='word_1_183' title='bbox 1277 1372 1358 1420; x_wconf 91' lang='lat' dir='ltr'>jam</span> <span class='ocrx_word' id='word_1_184' title='bbox 1378 1366 1537 1404; x_wconf 89' lang='lat' dir='ltr'>dubium</span> <span class='ocrx_word' id='word_1_185' title='bbox 1551 1375 1636 1400; x_wconf 85' lang='lat' dir='ltr'>esse</span> 
     </span>
     <span class='ocr_line' id='line_1_20' title="bbox 180 1424 1635 1484; baseline -0.006 -16"><span class='ocrx_word' id='word_1_186' title='bbox 180 1430 307 1477; x_wconf 89' lang='lat' dir='ltr'>debet,</span> <span class='ocrx_word' id='word_1_187' title='bbox 338 1432 430 1482; x_wconf 91' lang='lat' dir='ltr'>quin</span> <span class='ocrx_word' id='word_1_188' title='bbox 451 1432 499 1470; x_wconf 93' lang='lat' dir='ltr'>de</span> <span class='ocrx_word' id='word_1_189' title='bbox 517 1432 718 1480; x_wconf 87' lang='lat' dir='ltr'>industria,</span> <span class='ocrx_word' id='word_1_190' title='bbox 749 1433 918 1483; x_wconf 88' lang='lat' dir='ltr'>dataque</span> <span class='ocrx_word' id='word_1_191' title='bbox 951 1446 1069 1484; x_wconf 88' lang='lat' dir='ltr'>opera</span> <span class='ocrx_word' id='word_1_192' title='bbox 1099 1432 1188 1471; x_wconf 89' lang='lat' dir='ltr'>talis</span> <span class='ocrx_word' id='word_1_193' title='bbox 1218 1431 1332 1468; x_wconf 89' lang='lat' dir='ltr'>homo</span> <span class='ocrx_word' id='word_1_194' title='bbox 1362 1424 1635 1467; x_wconf 88' lang='lat' dir='ltr'>contumeliam</span> 
     </span>
     <span class='ocr_line' id='line_1_21' title="bbox 178 1488 1637 1544; baseline -0.005 -15"><span class='ocrx_word' id='word_1_195' title='bbox 178 1492 321 1530; x_wconf 85' lang='lat' dir='ltr'>fecerit.</span> <span class='ocrx_word' id='word_1_196' title='bbox 352 1493 559 1531; x_wconf 89' lang='lat' dir='ltr'>Enimvero</span> <span class='ocrx_word' id='word_1_197' title='bbox 584 1507 701 1544; x_wconf 92' lang='lat' dir='ltr'>quum</span> <span class='ocrx_word' id='word_1_198' title='bbox 724 1507 771 1532; x_wconf 85' lang='lat' dir='ltr'>ea</span> <span class='ocrx_word' id='word_1_199' title='bbox 789 1507 952 1544; x_wconf 90' lang='lat' dir='ltr'>quorum</span> <span class='ocrx_word' id='word_1_200' title='bbox 983 1507 1005 1532; x_wconf 88' lang='lat' dir='ltr'>a</span> <span class='ocrx_word' id='word_1_201' title='bbox 1031 1507 1092 1531; x_wconf 89' lang='lat' dir='ltr'>me</span> <span class='ocrx_word' id='word_1_202' title='bbox 1118 1498 1336 1537; x_wconf 87' lang='lat' dir='ltr'>accusatur,</span> <span class='ocrx_word' id='word_1_203' title='bbox 1367 1503 1406 1528; x_wconf 76' lang='lat' dir='ltr'>et</span> <span class='ocrx_word' id='word_1_204' title='bbox 1423 1488 1576 1530; x_wconf 88' lang='lat' dir='ltr'>fecisse,</span> <span class='ocrx_word' id='word_1_205' title='bbox 1598 1490 1637 1521; x_wconf 91' lang='lat' dir='ltr'>et</span> 
     </span>
     <span class='ocr_line' id='line_1_22' title="bbox 179 1555 1636 1607; baseline -0.005 -15"><span class='ocrx_word' id='word_1_206' title='bbox 179 1555 456 1594; x_wconf 83' lang='lat' dir='ltr'>contumeliose</span> <span class='ocrx_word' id='word_1_207' title='bbox 474 1556 610 1594; x_wconf 85' lang='lat' dir='ltr'>fecisse</span> <span class='ocrx_word' id='word_1_208' title='bbox 629 1556 891 1603; x_wconf 88' lang='lat' dir='ltr'>convincatur,</span> <span class='ocrx_word' id='word_1_209' title='bbox 907 1556 1074 1607; x_wconf 86' lang='lat' dir='ltr'>judices,</span> <span class='ocrx_word' id='word_1_210' title='bbox 1097 1556 1202 1606; x_wconf 84' lang='lat' dir='ltr'>leges</span> <span class='ocrx_word' id='word_1_211' title='bbox 1224 1555 1273 1592; x_wconf 91' lang='lat' dir='ltr'>de</span> <span class='ocrx_word' id='word_1_212' title='bbox 1289 1560 1416 1592; x_wconf 89' lang='lat' dir='ltr'>cetero</span> <span class='ocrx_word' id='word_1_213' title='bbox 1435 1556 1526 1589; x_wconf 88' lang='lat' dir='ltr'>sunt</span> <span class='ocrx_word' id='word_1_214' title='bbox 1543 1560 1636 1586; x_wconf 88' lang='lat' dir='ltr'>con-</span> 
     </span>
     <span class='ocr_line' id='line_1_23' title="bbox 183 1609 1640 1669; baseline -0.007 -14"><span class='ocrx_word' id='word_1_215' title='bbox 183 1617 370 1655; x_wconf 81' lang='lat' dir='ltr'>sulendae.</span> <span class='ocrx_word' id='word_1_216' title='bbox 414 1617 476 1654; x_wconf 89' lang='lat' dir='ltr'>Ex</span> <span class='ocrx_word' id='word_1_217' title='bbox 499 1630 658 1668; x_wconf 90' lang='lat' dir='ltr'>quarum</span> <span class='ocrx_word' id='word_1_218' title='bbox 680 1618 907 1669; x_wconf 80' lang='lat' dir='ltr'>praescripto</span> <span class='ocrx_word' id='word_1_219' title='bbox 926 1631 994 1656; x_wconf 88' lang='lat' dir='ltr'>vos</span> <span class='ocrx_word' id='word_1_220' title='bbox 1008 1618 1252 1669; x_wconf 88' lang='lat' dir='ltr'>judicaturos</span> <span class='ocrx_word' id='word_1_221' title='bbox 1272 1629 1358 1654; x_wconf 89' lang='lat' dir='ltr'>esse</span> <span class='ocrx_word' id='word_1_222' title='bbox 1371 1612 1543 1666; x_wconf 85' lang='lat' dir='ltr'>jurastis.</span> <span class='ocrx_word' id='word_1_223' title='bbox 1588 1609 1640 1646; x_wconf 83' lang='lat' dir='ltr'>Et</span> 
     </span>
     <span class='ocr_line' id='line_1_24' title="bbox 178 1670 1639 1730; baseline -0.007 -14"><span class='ocrx_word' id='word_1_224' title='bbox 178 1678 515 1725; x_wconf 86' lang='lat' dir='ltr'>considerandum,</span> <span class='ocrx_word' id='word_1_225' title='bbox 537 1684 682 1729; x_wconf 86' lang='lat' dir='ltr'>quanto</span> <span class='ocrx_word' id='word_1_226' title='bbox 702 1679 869 1717; x_wconf 84' lang='lat' dir='ltr'>severius</span> <span class='ocrx_word' id='word_1_227' title='bbox 890 1686 929 1717; x_wconf 90' lang='lat' dir='ltr'>et</span> <span class='ocrx_word' id='word_1_228' title='bbox 949 1679 1102 1730; x_wconf 83' lang='lat' dir='ltr'>gravius</span> <span class='ocrx_word' id='word_1_229' title='bbox 1121 1679 1182 1716; x_wconf 87' lang='lat' dir='ltr'>hae</span> <span class='ocrx_word' id='word_1_230' title='bbox 1197 1676 1415 1730; x_wconf 86' lang='lat' dir='ltr'>puniendos</span> <span class='ocrx_word' id='word_1_231' title='bbox 1434 1670 1639 1712; x_wconf 80' lang='lat' dir='ltr'>statuerint</span> 
     </span>
     <span class='ocr_line' id='line_1_25' title="bbox 184 1739 1638 1791; baseline -0.003 -14"><span class='ocrx_word' id='word_1_232' title='bbox 184 1753 265 1785; x_wconf 92' lang='lat' dir='ltr'>eos,</span> <span class='ocrx_word' id='word_1_233' title='bbox 292 1739 356 1790; x_wconf 89' lang='lat' dir='ltr'>qui</span> <span class='ocrx_word' id='word_1_234' title='bbox 375 1740 467 1778; x_wconf 89' lang='lat' dir='ltr'>data</span> <span class='ocrx_word' id='word_1_235' title='bbox 487 1753 615 1791; x_wconf 82' lang='lat' dir='ltr'>opera,</span> <span class='ocrx_word' id='word_1_236' title='bbox 637 1748 675 1778; x_wconf 88' lang='lat' dir='ltr'>et</span> <span class='ocrx_word' id='word_1_237' title='bbox 693 1749 763 1791; x_wconf 87' lang='lat' dir='ltr'>per</span> <span class='ocrx_word' id='word_1_238' title='bbox 787 1740 1062 1779; x_wconf 86' lang='lat' dir='ltr'>contumeliam</span> <span class='ocrx_word' id='word_1_239' title='bbox 1083 1740 1227 1791; x_wconf 89' lang='lat' dir='ltr'>aliquid</span> <span class='ocrx_word' id='word_1_240' title='bbox 1255 1739 1495 1788; x_wconf 89' lang='lat' dir='ltr'>delinquunt,</span> <span class='ocrx_word' id='word_1_241' title='bbox 1523 1744 1638 1784; x_wconf 78' lang='lat' dir='ltr'>quam</span> 
     </span>
     <span class='ocr_line' id='line_1_26' title="bbox 182 1796 1638 1853; baseline -0.005 -15"><span class='ocrx_word' id='word_1_242' title='bbox 182 1802 349 1852; x_wconf 87' lang='lat' dir='ltr'>reliquos</span> <span class='ocrx_word' id='word_1_243' title='bbox 368 1801 433 1851; x_wconf 93' lang='lat' dir='ltr'>qui</span> <span class='ocrx_word' id='word_1_244' title='bbox 453 1801 525 1838; x_wconf 91' lang='lat' dir='ltr'>alio</span> <span class='ocrx_word' id='word_1_245' title='bbox 546 1801 725 1853; x_wconf 89' lang='lat' dir='ltr'>quopiam</span> <span class='ocrx_word' id='word_1_246' title='bbox 754 1802 869 1840; x_wconf 89' lang='lat' dir='ltr'>modo</span> <span class='ocrx_word' id='word_1_247' title='bbox 898 1809 1074 1853; x_wconf 87' lang='lat' dir='ltr'>peccant.</span> <span class='ocrx_word' id='word_1_248' title='bbox 1115 1801 1285 1838; x_wconf 90' lang='lat' dir='ltr'>Primum</span> <span class='ocrx_word' id='word_1_249' title='bbox 1318 1800 1366 1837; x_wconf 90' lang='lat' dir='ltr'>de</span> <span class='ocrx_word' id='word_1_250' title='bbox 1386 1799 1477 1836; x_wconf 90' lang='lat' dir='ltr'>dato</span> <span class='ocrx_word' id='word_1_251' title='bbox 1496 1796 1638 1833; x_wconf 89' lang='lat' dir='ltr'>damno</span> 
     </span>
     <span class='ocr_line' id='line_1_27' title="bbox 182 1854 1639 1914; baseline -0.006 -14"><span class='ocrx_word' id='word_1_252' title='bbox 182 1863 242 1900; x_wconf 83' lang='lat' dir='ltr'>hae</span> <span class='ocrx_word' id='word_1_253' title='bbox 262 1863 369 1912; x_wconf 87' lang='lat' dir='ltr'>leges</span> <span class='ocrx_word' id='word_1_254' title='bbox 396 1875 540 1908; x_wconf 87' lang='lat' dir='ltr'>omnes,</span> <span class='ocrx_word' id='word_1_255' title='bbox 561 1870 605 1901; x_wconf 90' lang='lat' dir='ltr'>ut</span> <span class='ocrx_word' id='word_1_256' title='bbox 624 1863 671 1900; x_wconf 91' lang='lat' dir='ltr'>ab</span> <span class='ocrx_word' id='word_1_257' title='bbox 692 1863 750 1900; x_wconf 91' lang='lat' dir='ltr'>his</span> <span class='ocrx_word' id='word_1_258' title='bbox 772 1863 910 1909; x_wconf 88' lang='lat' dir='ltr'>ordiar,</span> <span class='ocrx_word' id='word_1_259' title='bbox 933 1863 963 1900; x_wconf 93' lang='lat' dir='ltr'>si</span> <span class='ocrx_word' id='word_1_260' title='bbox 992 1863 1076 1914; x_wconf 90' lang='lat' dir='ltr'>quis</span> <span class='ocrx_word' id='word_1_261' title='bbox 1101 1862 1234 1900; x_wconf 81' lang='lat' dir='ltr'>volens</span> <span class='ocrx_word' id='word_1_262' title='bbox 1265 1862 1448 1900; x_wconf 89' lang='lat' dir='ltr'>damnum</span> <span class='ocrx_word' id='word_1_263' title='bbox 1473 1854 1639 1901; x_wconf 85' lang='lat' dir='ltr'>dederit,</span> 
     </span>
     <span class='ocr_line' id='line_1_28' title="bbox 182 1918 1637 1975; baseline -0.005 -14"><span class='ocrx_word' id='word_1_264' title='bbox 182 1924 363 1975; x_wconf 88' lang='lat' dir='ltr'>duplum:</span> <span class='ocrx_word' id='word_1_265' title='bbox 394 1924 425 1960; x_wconf 91' lang='lat' dir='ltr'>si</span> <span class='ocrx_word' id='word_1_266' title='bbox 443 1924 598 1970; x_wconf 85' lang='lat' dir='ltr'>invitus,</span> <span class='ocrx_word' id='word_1_267' title='bbox 625 1924 805 1975; x_wconf 87' lang='lat' dir='ltr'>simplum</span> <span class='ocrx_word' id='word_1_268' title='bbox 826 1938 894 1975; x_wconf 91' lang='lat' dir='ltr'>pro</span> <span class='ocrx_word' id='word_1_269' title='bbox 914 1925 1005 1962; x_wconf 87' lang='lat' dir='ltr'>dato</span> <span class='ocrx_word' id='word_1_270' title='bbox 1034 1925 1177 1962; x_wconf 88' lang='lat' dir='ltr'>damno</span> <span class='ocrx_word' id='word_1_271' title='bbox 1201 1924 1349 1961; x_wconf 89' lang='lat' dir='ltr'>solvere</span> <span class='ocrx_word' id='word_1_272' title='bbox 1362 1922 1514 1972; x_wconf 83' lang='lat' dir='ltr'>jubent.</span> <span class='ocrx_word' id='word_1_273' title='bbox 1550 1918 1637 1954; x_wconf 87' lang='lat' dir='ltr'>Me-</span> 
     </span>
     <span class='ocr_line' id='line_1_29' title="bbox 181 1976 1639 2035; baseline -0.008 -11"><span class='ocrx_word' id='word_1_274' title='bbox 181 1986 267 2025; x_wconf 87' lang='lat' dir='ltr'>rito.</span> <span class='ocrx_word' id='word_1_275' title='bbox 311 1985 478 2035; x_wconf 89' lang='lat' dir='ltr'>AEquum</span> <span class='ocrx_word' id='word_1_276' title='bbox 501 1985 603 2023; x_wconf 86' lang='lat' dir='ltr'>enim</span> <span class='ocrx_word' id='word_1_277' title='bbox 624 1993 696 2029; x_wconf 90' lang='lat' dir='ltr'>est,</span> <span class='ocrx_word' id='word_1_278' title='bbox 714 1993 757 2023; x_wconf 93' lang='lat' dir='ltr'>ut</span> <span class='ocrx_word' id='word_1_279' title='bbox 775 1986 908 2031; x_wconf 85' lang='lat' dir='ltr'>laesus,</span> <span class='ocrx_word' id='word_1_280' title='bbox 930 1992 1018 2024; x_wconf 86' lang='lat' dir='ltr'>utut</span> <span class='ocrx_word' id='word_1_281' title='bbox 1036 1987 1180 2024; x_wconf 85' lang='lat' dir='ltr'>factum</span> <span class='ocrx_word' id='word_1_282' title='bbox 1201 1993 1273 2032; x_wconf 88' lang='lat' dir='ltr'>est,</span> <span class='ocrx_word' id='word_1_283' title='bbox 1289 1983 1498 2034; x_wconf 86' lang='lat' dir='ltr'>adjuvetur.</span> <span class='ocrx_word' id='word_1_284' title='bbox 1529 1976 1639 2016; x_wconf 90' lang='lat' dir='ltr'>Sonti</span> 
     </span>
     <span class='ocr_line' id='line_1_30' title="bbox 183 2039 1636 2098; baseline -0.006 -14"><span class='ocrx_word' id='word_1_285' title='bbox 183 2053 311 2085; x_wconf 88' lang='lat' dir='ltr'>autem</span> <span class='ocrx_word' id='word_1_286' title='bbox 331 2059 409 2084; x_wconf 91' lang='lat' dir='ltr'>non</span> <span class='ocrx_word' id='word_1_287' title='bbox 431 2047 592 2084; x_wconf 89' lang='lat' dir='ltr'>eandem</span> <span class='ocrx_word' id='word_1_288' title='bbox 611 2060 763 2098; x_wconf 89' lang='lat' dir='ltr'>poenam</span> <span class='ocrx_word' id='word_1_289' title='bbox 789 2047 938 2095; x_wconf 81' lang='lat' dir='ltr'>statuit,</span> <span class='ocrx_word' id='word_1_290' title='bbox 965 2047 1042 2085; x_wconf 89' lang='lat' dir='ltr'>sive</span> <span class='ocrx_word' id='word_1_291' title='bbox 1061 2048 1211 2094; x_wconf 87' lang='lat' dir='ltr'>volens,</span> <span class='ocrx_word' id='word_1_292' title='bbox 1231 2047 1309 2084; x_wconf 89' lang='lat' dir='ltr'>sive</span> <span class='ocrx_word' id='word_1_293' title='bbox 1329 2045 1469 2083; x_wconf 84' lang='lat' dir='ltr'>invitus</span> <span class='ocrx_word' id='word_1_294' title='bbox 1489 2039 1636 2080; x_wconf 89' lang='lat' dir='ltr'>fecerit.</span> 
     </span>
     <span class='ocr_line' id='line_1_31' title="bbox 184 2105 1639 2158; baseline -0.002 -13"><span class='ocrx_word' id='word_1_295' title='bbox 184 2107 338 2145; x_wconf 88' lang='lat' dir='ltr'>Deinde</span> <span class='ocrx_word' id='word_1_296' title='bbox 366 2107 474 2157; x_wconf 85' lang='lat' dir='ltr'>leges</span> <span class='ocrx_word' id='word_1_297' title='bbox 499 2108 722 2158; x_wconf 88' lang='lat' dir='ltr'>capitalium</span> <span class='ocrx_word' id='word_1_298' title='bbox 747 2107 974 2155; x_wconf 89' lang='lat' dir='ltr'>facinorum,</span> <span class='ocrx_word' id='word_1_299' title='bbox 1001 2108 1129 2146; x_wconf 84' lang='lat' dir='ltr'>caedes</span> <span class='ocrx_word' id='word_1_300' title='bbox 1157 2107 1319 2146; x_wconf 91' lang='lat' dir='ltr'>consilio</span> <span class='ocrx_word' id='word_1_301' title='bbox 1346 2105 1486 2149; x_wconf 87' lang='lat' dir='ltr'>factas,</span> <span class='ocrx_word' id='word_1_302' title='bbox 1515 2106 1639 2139; x_wconf 73' lang='lat' dir='ltr'>morte</span> 
     </span>
     <span class='ocr_line' id='line_1_32' title="bbox 183 2166 1640 2220; baseline -0.005 -14"><span class='ocrx_word' id='word_1_303' title='bbox 183 2174 449 2220; x_wconf 87' lang='lat' dir='ltr'>perpetuoque</span> <span class='ocrx_word' id='word_1_304' title='bbox 473 2168 607 2206; x_wconf 87' lang='lat' dir='ltr'>exsilio</span> <span class='ocrx_word' id='word_1_305' title='bbox 636 2175 676 2206; x_wconf 89' lang='lat' dir='ltr'>et</span> <span class='ocrx_word' id='word_1_306' title='bbox 701 2169 964 2220; x_wconf 87' lang='lat' dir='ltr'>publicatione</span> <span class='ocrx_word' id='word_1_307' title='bbox 995 2170 1183 2207; x_wconf 85' lang='lat' dir='ltr'>bonorum</span> <span class='ocrx_word' id='word_1_308' title='bbox 1208 2169 1387 2220; x_wconf 89' lang='lat' dir='ltr'>puniunt,</span> <span class='ocrx_word' id='word_1_309' title='bbox 1418 2166 1482 2217; x_wconf 91' lang='lat' dir='ltr'>qui</span> <span class='ocrx_word' id='word_1_310' title='bbox 1510 2169 1640 2201; x_wconf 84' lang='lat' dir='ltr'>autem</span> 
     </span>
     <span class='ocr_line' id='line_1_33' title="bbox 183 2228 1639 2275; baseline -0.005 -6"><span class='ocrx_word' id='word_1_311' title='bbox 183 2230 342 2269; x_wconf 86' lang='lat' dir='ltr'>fortuito</span> <span class='ocrx_word' id='word_1_312' title='bbox 360 2229 509 2267; x_wconf 82' lang='lat' dir='ltr'>caedem</span> <span class='ocrx_word' id='word_1_313' title='bbox 528 2229 717 2275; x_wconf 85' lang='lat' dir='ltr'>fecerunt,</span> <span class='ocrx_word' id='word_1_314' title='bbox 737 2243 824 2267; x_wconf 90' lang='lat' dir='ltr'>cum</span> <span class='ocrx_word' id='word_1_315' title='bbox 844 2230 903 2268; x_wconf 86' lang='lat' dir='ltr'>his</span> <span class='ocrx_word' id='word_1_316' title='bbox 923 2229 1046 2268; x_wconf 88' lang='lat' dir='ltr'>multo</span> <span class='ocrx_word' id='word_1_317' title='bbox 1065 2230 1260 2269; x_wconf 88' lang='lat' dir='ltr'>remissius</span> <span class='ocrx_word' id='word_1_318' title='bbox 1272 2237 1311 2268; x_wconf 91' lang='lat' dir='ltr'>et</span> <span class='ocrx_word' id='word_1_319' title='bbox 1328 2228 1534 2266; x_wconf 90' lang='lat' dir='ltr'>humanius</span> <span class='ocrx_word' id='word_1_320' title='bbox 1552 2237 1639 2263; x_wconf 88' lang='lat' dir='ltr'>esse</span> 
     </span>
     <span class='ocr_line' id='line_1_34' title="bbox 183 2292 622 2344; baseline -0.005 -13"><span class='ocrx_word' id='word_1_321' title='bbox 183 2292 379 2344; x_wconf 82' lang='lat' dir='ltr'>agendum</span> <span class='ocrx_word' id='word_1_322' title='bbox 398 2298 622 2329; x_wconf 86' lang='lat' dir='ltr'>sanxerunt.</span> 
     </span>
    </p>
   </div>
   <div class='ocr_carea' id='block_1_3' title="bbox 181 2358 1641 2964">
    <p class='ocr_par' dir='ltr' id='par_1_4' title="bbox 181 2358 1641 2964">
     <span class='ocr_line' id='line_1_35' title="bbox 240 2358 1639 2413; baseline -0.004 -13"><span class='ocrx_word' id='word_1_323' title='bbox 240 2364 306 2400; x_wconf 72' lang='lat'>13.</span> <span class='ocrx_word' id='word_1_324' title='bbox 332 2361 416 2399; x_wconf 90' lang='lat' dir='ltr'>Nec</span> <span class='ocrx_word' id='word_1_325' title='bbox 436 2361 474 2398; x_wconf 91' lang='lat' dir='ltr'>in</span> <span class='ocrx_word' id='word_1_326' title='bbox 500 2360 560 2399; x_wconf 93' lang='lat' dir='ltr'>his</span> <span class='ocrx_word' id='word_1_327' title='bbox 582 2366 733 2399; x_wconf 86' lang='lat' dir='ltr'>tantum</span> <span class='ocrx_word' id='word_1_328' title='bbox 752 2360 972 2399; x_wconf 89' lang='lat' dir='ltr'>hominibus</span> <span class='ocrx_word' id='word_1_329' title='bbox 994 2361 1257 2413; x_wconf 86' lang='lat' dir='ltr'>petulantibus</span> <span class='ocrx_word' id='word_1_330' title='bbox 1277 2368 1316 2399; x_wconf 88' lang='lat' dir='ltr'>et</span> <span class='ocrx_word' id='word_1_331' title='bbox 1338 2359 1538 2411; x_wconf 86' lang='lat' dir='ltr'>protervis,</span> <span class='ocrx_word' id='word_1_332' title='bbox 1570 2358 1639 2396; x_wconf 89' lang='lat' dir='ltr'>sed</span> 
     </span>
     <span class='ocr_line' id='line_1_36' title="bbox 181 2421 1640 2472; baseline -0.003 -10"><span class='ocrx_word' id='word_1_333' title='bbox 181 2430 224 2462; x_wconf 85' lang='lat' dir='ltr'>et</span> <span class='ocrx_word' id='word_1_334' title='bbox 250 2423 288 2460; x_wconf 91' lang='lat' dir='ltr'>in</span> <span class='ocrx_word' id='word_1_335' title='bbox 308 2423 446 2460; x_wconf 86' lang='lat' dir='ltr'>ceteris</span> <span class='ocrx_word' id='word_1_336' title='bbox 466 2422 658 2469; x_wconf 87' lang='lat' dir='ltr'>omnibus,</span> <span class='ocrx_word' id='word_1_337' title='bbox 677 2421 784 2472; x_wconf 87' lang='lat' dir='ltr'>leges</span> <span class='ocrx_word' id='word_1_338' title='bbox 802 2423 918 2460; x_wconf 87' lang='lat' dir='ltr'>iratas</span> <span class='ocrx_word' id='word_1_339' title='bbox 940 2435 1025 2460; x_wconf 84' lang='lat' dir='ltr'>esse</span> <span class='ocrx_word' id='word_1_340' title='bbox 1044 2422 1224 2460; x_wconf 86' lang='lat' dir='ltr'>cernitur.</span> <span class='ocrx_word' id='word_1_341' title='bbox 1268 2422 1370 2460; x_wconf 89' lang='lat' dir='ltr'>Nam</span> <span class='ocrx_word' id='word_1_342' title='bbox 1399 2434 1487 2472; x_wconf 88' lang='lat' dir='ltr'>quae</span> <span class='ocrx_word' id='word_1_343' title='bbox 1519 2432 1640 2458; x_wconf 90' lang='lat' dir='ltr'>causa</span> 
     </span>
     <span class='ocr_line' id='line_1_37' title="bbox 185 2481 1640 2533; baseline -0.003 -10"><span class='ocrx_word' id='word_1_344' title='bbox 185 2491 259 2530; x_wconf 88' lang='lat' dir='ltr'>est,</span> <span class='ocrx_word' id='word_1_345' title='bbox 280 2484 311 2522; x_wconf 91' lang='lat' dir='ltr'>si</span> <span class='ocrx_word' id='word_1_346' title='bbox 331 2483 416 2533; x_wconf 90' lang='lat' dir='ltr'>quis</span> <span class='ocrx_word' id='word_1_347' title='bbox 429 2483 647 2533; x_wconf 88' lang='lat' dir='ltr'>judicatum</span> <span class='ocrx_word' id='word_1_348' title='bbox 673 2483 770 2521; x_wconf 82' lang='lat' dir='ltr'>solvi</span> <span class='ocrx_word' id='word_1_349' title='bbox 789 2497 867 2521; x_wconf 90' lang='lat' dir='ltr'>non</span> <span class='ocrx_word' id='word_1_350' title='bbox 888 2484 1059 2532; x_wconf 88' lang='lat' dir='ltr'>solverit,</span> <span class='ocrx_word' id='word_1_351' title='bbox 1087 2497 1155 2522; x_wconf 89' lang='lat' dir='ltr'>cur</span> <span class='ocrx_word' id='word_1_352' title='bbox 1174 2484 1237 2521; x_wconf 86' lang='lat' dir='ltr'>lex</span> <span class='ocrx_word' id='word_1_353' title='bbox 1262 2484 1451 2522; x_wconf 89' lang='lat' dir='ltr'>actionem</span> <span class='ocrx_word' id='word_1_354' title='bbox 1471 2482 1577 2520; x_wconf 89' lang='lat' dir='ltr'>unde</span> <span class='ocrx_word' id='word_1_355' title='bbox 1602 2481 1640 2518; x_wconf 92' lang='lat' dir='ltr'>vi</span> 
     </span>
     <span class='ocr_line' id='line_1_38' title="bbox 184 2541 1641 2597; baseline -0.005 -12"><span class='ocrx_word' id='word_1_356' title='bbox 184 2560 262 2585; x_wconf 91' lang='lat' dir='ltr'>non</span> <span class='ocrx_word' id='word_1_357' title='bbox 277 2546 359 2597; x_wconf 86' lang='lat' dir='ltr'>jam</span> <span class='ocrx_word' id='word_1_358' title='bbox 379 2545 542 2595; x_wconf 87' lang='lat' dir='ltr'>amplius</span> <span class='ocrx_word' id='word_1_359' title='bbox 569 2546 756 2596; x_wconf 86' lang='lat' dir='ltr'>privatam</span> <span class='ocrx_word' id='word_1_360' title='bbox 787 2545 933 2592; x_wconf 81' lang='lat' dir='ltr'>fecerit,</span> <span class='ocrx_word' id='word_1_361' title='bbox 966 2545 1036 2583; x_wconf 89' lang='lat' dir='ltr'>sed</span> <span class='ocrx_word' id='word_1_362' title='bbox 1060 2546 1109 2583; x_wconf 89' lang='lat' dir='ltr'>ad</span> <span class='ocrx_word' id='word_1_363' title='bbox 1141 2545 1302 2583; x_wconf 88' lang='lat' dir='ltr'>crimina</span> <span class='ocrx_word' id='word_1_364' title='bbox 1331 2544 1485 2596; x_wconf 88' lang='lat' dir='ltr'>publica</span> <span class='ocrx_word' id='word_1_365' title='bbox 1510 2541 1641 2581; x_wconf 79' lang='lat' dir='ltr'>referri</span> 
     </span>
     <span class='ocr_line' id='line_1_39' title="bbox 186 2605 1639 2660; baseline -0.004 -14"><span class='ocrx_word' id='word_1_366' title='bbox 186 2615 360 2660; x_wconf 88' lang='lat' dir='ltr'>oportere</span> <span class='ocrx_word' id='word_1_367' title='bbox 389 2606 592 2644; x_wconf 74' lang='lat' dir='ltr'>statuerit?</span> <span class='ocrx_word' id='word_1_368' title='bbox 622 2608 719 2649; x_wconf 83' lang='lat' dir='ltr'>Quae</span> <span class='ocrx_word' id='word_1_369' title='bbox 738 2607 831 2644; x_wconf 90' lang='lat' dir='ltr'>item</span> <span class='ocrx_word' id='word_1_370' title='bbox 862 2619 981 2645; x_wconf 86' lang='lat' dir='ltr'>causa</span> <span class='ocrx_word' id='word_1_371' title='bbox 1000 2613 1072 2653; x_wconf 89' lang='lat' dir='ltr'>est,</span> <span class='ocrx_word' id='word_1_372' title='bbox 1102 2607 1134 2644; x_wconf 88' lang='lat' dir='ltr'>si</span> <span class='ocrx_word' id='word_1_373' title='bbox 1165 2607 1250 2658; x_wconf 92' lang='lat' dir='ltr'>quis</span> <span class='ocrx_word' id='word_1_374' title='bbox 1279 2607 1412 2645; x_wconf 84' lang='lat' dir='ltr'>volens</span> <span class='ocrx_word' id='word_1_375' title='bbox 1434 2619 1457 2643; x_wconf 92' lang='lat' dir='ltr'>a</span> <span class='ocrx_word' id='word_1_376' title='bbox 1486 2605 1639 2643; x_wconf 89' lang='lat' dir='ltr'>volente</span> 
     </span>
     <span class='ocr_line' id='line_1_40' title="bbox 187 2665 1639 2719; baseline -0.005 -11"><span class='ocrx_word' id='word_1_377' title='bbox 187 2669 341 2708; x_wconf 88' lang='lat' dir='ltr'>talentis</span> <span class='ocrx_word' id='word_1_378' title='bbox 373 2667 531 2718; x_wconf 88' lang='lat' dir='ltr'>singulis</span> <span class='ocrx_word' id='word_1_379' title='bbox 559 2667 618 2705; x_wconf 91' lang='lat' dir='ltr'>vel</span> <span class='ocrx_word' id='word_1_380' title='bbox 646 2668 760 2714; x_wconf 88' lang='lat' dir='ltr'>binis,</span> <span class='ocrx_word' id='word_1_381' title='bbox 788 2668 850 2706; x_wconf 91' lang='lat' dir='ltr'>vel</span> <span class='ocrx_word' id='word_1_382' title='bbox 880 2668 989 2706; x_wconf 87' lang='lat' dir='ltr'>denis</span> <span class='ocrx_word' id='word_1_383' title='bbox 1018 2668 1132 2706; x_wconf 88' lang='lat' dir='ltr'>etiam</span> <span class='ocrx_word' id='word_1_384' title='bbox 1161 2668 1344 2719; x_wconf 88' lang='lat' dir='ltr'>acceptis,</span> <span class='ocrx_word' id='word_1_385' title='bbox 1379 2665 1639 2705; x_wconf 85' lang='lat' dir='ltr'>defraudarit:</span> 
     </span>
     <span class='ocr_line' id='line_1_41' title="bbox 188 2727 1639 2781; baseline -0.005 -11"><span class='ocrx_word' id='word_1_386' title='bbox 188 2745 256 2770; x_wconf 90' lang='lat' dir='ltr'>cur</span> <span class='ocrx_word' id='word_1_387' title='bbox 279 2729 312 2767; x_wconf 90' lang='lat' dir='ltr'>ei</span> <span class='ocrx_word' id='word_1_388' title='bbox 333 2728 426 2766; x_wconf 88' lang='lat' dir='ltr'>nihil</span> <span class='ocrx_word' id='word_1_389' title='bbox 456 2741 544 2766; x_wconf 90' lang='lat' dir='ltr'>cum</span> <span class='ocrx_word' id='word_1_390' title='bbox 565 2729 761 2779; x_wconf 84' lang='lat' dir='ltr'>republica</span> <span class='ocrx_word' id='word_1_391' title='bbox 781 2731 923 2780; x_wconf 84' lang='lat' dir='ltr'>negotii</span> <span class='ocrx_word' id='word_1_392' title='bbox 951 2729 1029 2767; x_wconf 80' lang='lat' dir='ltr'>sit?</span> <span class='ocrx_word' id='word_1_393' title='bbox 1069 2731 1128 2768; x_wconf 90' lang='lat' dir='ltr'>sin</span> <span class='ocrx_word' id='word_1_394' title='bbox 1157 2730 1301 2781; x_wconf 89' lang='lat' dir='ltr'>aliquid</span> <span class='ocrx_word' id='word_1_395' title='bbox 1326 2729 1455 2779; x_wconf 84' lang='lat' dir='ltr'>exigui</span> <span class='ocrx_word' id='word_1_396' title='bbox 1485 2727 1639 2765; x_wconf 89' lang='lat' dir='ltr'>omnino</span> 
     </span>
     <span class='ocr_line' id='line_1_42' title="bbox 186 2788 1639 2843; baseline -0.003 -14"><span class='ocrx_word' id='word_1_397' title='bbox 186 2790 296 2843; x_wconf 86' lang='lat' dir='ltr'>pretii</span> <span class='ocrx_word' id='word_1_398' title='bbox 314 2789 474 2839; x_wconf 89' lang='lat' dir='ltr'>ceperis,</span> <span class='ocrx_word' id='word_1_399' title='bbox 495 2788 607 2839; x_wconf 92' lang='lat' dir='ltr'>idque</span> <span class='ocrx_word' id='word_1_400' title='bbox 625 2789 662 2826; x_wconf 93' lang='lat' dir='ltr'>vi</span> <span class='ocrx_word' id='word_1_401' title='bbox 680 2790 876 2840; x_wconf 88' lang='lat' dir='ltr'>eripueris,</span> <span class='ocrx_word' id='word_1_402' title='bbox 904 2790 1133 2829; x_wconf 90' lang='lat' dir='ltr'>tantundem</span> <span class='ocrx_word' id='word_1_403' title='bbox 1161 2793 1378 2830; x_wconf 87' lang='lat' dir='ltr'>convictum</span> <span class='ocrx_word' id='word_1_404' title='bbox 1408 2790 1542 2827; x_wconf 83' lang='lat' dir='ltr'>aerario</span> <span class='ocrx_word' id='word_1_405' title='bbox 1573 2789 1639 2826; x_wconf 92' lang='lat' dir='ltr'>de-</span> 
     </span>
     <span class='ocr_line' id='line_1_43' title="bbox 185 2849 1640 2903; baseline -0.001 -14"><span class='ocrx_word' id='word_1_406' title='bbox 185 2854 291 2897; x_wconf 87' lang='lat' dir='ltr'>bere,</span> <span class='ocrx_word' id='word_1_407' title='bbox 327 2856 512 2901; x_wconf 88' lang='lat' dir='ltr'>quantum</span> <span class='ocrx_word' id='word_1_408' title='bbox 543 2849 687 2887; x_wconf 87' lang='lat' dir='ltr'>homini</span> <span class='ocrx_word' id='word_1_409' title='bbox 714 2851 861 2900; x_wconf 85' lang='lat' dir='ltr'>privato</span> <span class='ocrx_word' id='word_1_410' title='bbox 889 2851 995 2902; x_wconf 90' lang='lat' dir='ltr'>leges</span> <span class='ocrx_word' id='word_1_411' title='bbox 1016 2852 1167 2903; x_wconf 89' lang='lat' dir='ltr'>jubent.</span> <span class='ocrx_word' id='word_1_412' title='bbox 1215 2850 1504 2894; x_wconf 76' lang='lat' dir='ltr'>Quamobrem?</span> <span class='ocrx_word' id='word_1_413' title='bbox 1538 2850 1640 2893; x_wconf 86' lang='lat' dir='ltr'>Quia</span> 
     </span>
     <span class='ocr_line' id='line_1_44' title="bbox 189 2911 1641 2964; baseline -0.001 -13"><span class='ocrx_word' id='word_1_414' title='bbox 189 2924 432 2963; x_wconf 80' lang='lat' dir='ltr'>quaecunque</span> <span class='ocrx_word' id='word_1_415' title='bbox 452 2911 486 2948; x_wconf 90' lang='lat' dir='ltr'>vi</span> <span class='ocrx_word' id='word_1_416' title='bbox 506 2917 704 2961; x_wconf 85' lang='lat' dir='ltr'>geruntur,</span> <span class='ocrx_word' id='word_1_417' title='bbox 724 2923 946 2950; x_wconf 89' lang='lat' dir='ltr'>communes</span> <span class='ocrx_word' id='word_1_418' title='bbox 967 2927 1053 2951; x_wconf 90' lang='lat' dir='ltr'>esse</span> <span class='ocrx_word' id='word_1_419' title='bbox 1081 2914 1238 2964; x_wconf 88' lang='lat' dir='ltr'>injurias</span> <span class='ocrx_word' id='word_1_420' title='bbox 1257 2913 1370 2950; x_wconf 87' lang='lat' dir='ltr'>etiam</span> <span class='ocrx_word' id='word_1_421' title='bbox 1391 2912 1449 2958; x_wconf 89' lang='lat' dir='ltr'>iis,</span> <span class='ocrx_word' id='word_1_422' title='bbox 1475 2911 1524 2949; x_wconf 88' lang='lat' dir='ltr'>ad</span> <span class='ocrx_word' id='word_1_423' title='bbox 1544 2925 1641 2963; x_wconf 86' lang='lat' dir='ltr'>quos</span> 
     </span>
    </p>
   </div>
   <div class='ocr_carea' id='block_1_4' title="bbox 192 2972 1641 3072">
    <p class='ocr_par' dir='ltr' id='par_1_5' title="bbox 192 2972 1641 3072">
     <span class='ocr_line' id='line_1_45' title="bbox 192 2972 1641 3026; baseline 0.001 -14"><span class='ocrx_word' id='word_1_424' title='bbox 192 2973 286 3013; x_wconf 87' lang='lat' dir='ltr'>illud</span> <span class='ocrx_word' id='word_1_425' title='bbox 304 2972 504 3023; x_wconf 86' lang='lat' dir='ltr'>negotium</span> <span class='ocrx_word' id='word_1_426' title='bbox 531 2972 624 3011; x_wconf 88' lang='lat' dir='ltr'>nihil</span> <span class='ocrx_word' id='word_1_427' title='bbox 647 2972 835 3020; x_wconf 88' lang='lat' dir='ltr'>attineret,</span> <span class='ocrx_word' id='word_1_428' title='bbox 864 2974 1064 3024; x_wconf 87' lang='lat' dir='ltr'>legislator</span> <span class='ocrx_word' id='word_1_429' title='bbox 1090 2975 1253 3013; x_wconf 86' lang='lat' dir='ltr'>censuit.</span> <span class='ocrx_word' id='word_1_430' title='bbox 1304 2975 1440 3013; x_wconf 88' lang='lat' dir='ltr'>Robur</span> <span class='ocrx_word' id='word_1_431' title='bbox 1470 2975 1641 3026; x_wconf 87' lang='lat' dir='ltr'>corporis</span> 
     </span>
     <span class='ocr_line' id='line_1_46' title="bbox 878 3036 956 3072; baseline 0.026 -2"><span class='ocrx_word' id='word_1_432' title='bbox 878 3036 902 3070; x_wconf 79' lang='lat'><strong>2</strong></span> <span class='ocrx_word' id='word_1_433' title='bbox 933 3049 956 3072; x_wconf 91' lang='lat' dir='ltr'>T</span> 
     </span>
    </p>
   </div>
  </div>
 </body>
</html>
