1923 3149
549 149 771 187 CONTRA
801 146 1227 186 ANDROTIONEM.
1542 149 1615 184 3653

217 254 278 292 13.
309 253 489 292 Archiam
515 260 701 305 praeterea
724 252 1027 304 Cholargensem
1052 252 1372 290 existimo—nam
1393 259 1430 290 et
1458 251 1488 289 is
1513 262 1615 288 anno

161 315 357 366 superlore
388 322 605 354 senatorem
640 315 817 366 egit—ut
841 314 963 352 virum
994 314 1152 359 bonum,
1178 313 1486 364 deprecaturum,
1507 319 1544 350 et
1563 312 1616 350 eis

161 376 506 427 patrocinaturum.
563 377 647 428 Ego
662 389 750 415 vero
776 376 824 414 ad
844 375 947 414 hunc
973 375 1052 413 scre
1079 374 1237 412 modum
1258 374 1438 412 Archiam
1459 373 1616 412 audien-

161 435 254 476 'dum
282 451 368 475 esse
398 451 537 475 censeo
555 451 564 474 z
596 438 864 489 interrogetur,
896 450 943 474 an
975 449 1062 486 quae
1099 436 1249 473 senatui
1283 436 1428 473 crimini
1465 435 1616 481 dantur,

162 506 266 536 recte
288 512 374 537 esse
395 499 497 537 facta
518 505 638 550 putet,
660 512 707 540 an
721 511 933 549 perperam.
984 497 1023 534 Si
1045 496 1296 548 responderit,
1310 502 1428 541 recte,
1446 509 1521 532 non
1536 496 1616 547 jam

161 567 206 597 ut
225 559 280 597 vir
299 562 426 598 bonus
455 562 526 598 erit
559 559 797 597 audiendus:
830 559 886 596 sin
916 571 1130 609 perperam,
1157 570 1225 594 cur
1258 557 1307 595 ad
1339 569 1384 594 ea
1415 557 1617 594 connivere

159 621 337 665 voluerit,
363 633 450 658 cum
482 633 522 658 se
540 621 686 658 bonum
712 633 800 658 esse
819 620 940 656 virum
961 620 1199 670 profiteatur,
1219 631 1349 656 rursus
1370 619 1618 668 interrogate.

162 682 277 725 Quod
299 682 329 719 si
350 694 390 718 se
412 681 658 718 adversatum
680 694 780 726 esse,
804 681 994 718 neminem
1017 687 1144 719 autem
1162 680 1402 718 auscultasse
1420 678 1534 724 dicet,
1555 679 1620 716 ab·

160 742 319 779 surdum
340 742 514 792 profecto
530 742 613 787 erit,
629 755 731 779 nunc
749 742 855 779 illum
872 743 919 779 ab
941 755 986 779 co
1000 742 1154 779 defendi
1171 748 1361 787 senatum,
1383 740 1447 790 qui
1468 740 1620 791 optimis

158 802 244 853 ejus
261 802 416 840 monitis
436 816 512 840 non
533 803 828 853 obtemperarit:
860 804 917 840 sin
946 804 1128 849 tacuisse,
1149 816 1194 840 an
1216 815 1291 839 non
1322 802 1479 853 injurius
1501 807 1572 847 est,
1589 801 1620 838 si

159 876 182 901 a
209 864 380 915 peccatis
404 877 480 902 non
503 864 702 910 deterruit,
723 877 809 902 cum
831 872 966 915 posset
985 865 1191 910 deterrere,
1221 877 1322 900 nune
1344 871 1470 901 autem
1491 863 1620 901 dicere

157 938 236 962 non
258 925 420 969 dubitat,
436 938 502 962 eos
520 937 663 962 corona
683 924 899 969 donandos,
923 925 985 975 qui
1003 932 1062 963 tot
1083 925 1184 962 mala
1199 925 1498 975 perpetrarunt?

213 988 277 1024 14.
308 986 484 1024 Arbitror
504 992 630 1023 autem
652 986 936 1024 Androtionem
960 1000 1034 1024 nec
1054 987 1150 1023 illud
1170 987 1411 1032 omissurum,
1432 986 1514 1023 haee
1537 1000 1618 1023 om-

158 1047 222 1085 nia
256 1048 328 1085 sibi
360 1055 514 1098 propter
543 1047 687 1085 tributa
719 1047 911 1093 accidere,
932 1061 1018 1098 quae
1052 1061 1092 1086 se
1120 1055 1248 1085 vestro
1269 1049 1422 1085 nomine
1442 1061 1464 1085 a
1483 1048 1618 1099 paucis

158 1109 332 1160 exegisse
348 1109 461 1155 dicet,
482 1109 547 1159 qui
574 1122 759 1159 magnum
779 1122 831 1146 aes
852 1109 1018 1146 alienum
1033 1110 1276 1161 impudenter
1300 1110 1547 1148 retinuerint:
1581 1117 1619 1148 et

157 1183 223 1208 eos
244 1170 442 1208 accusabit
469 1173 562 1221 (quo
581 1170 674 1221 quid
701 1177 761 1208 est
779 1170 887 1209 sactu
907 1171 1102 1219 faeilius?)
1121 1172 1187 1222 qui
1211 1173 1354 1210 tributa
1376 1186 1453 1210 non
1474 1186 1619 1224 pepen-

156 1231 311 1277 derunt,
332 1236 371 1268 et
389 1231 504 1277 dicet,
525 1243 676 1268 omnem
696 1231 962 1282 impunitatem
977 1232 1218 1283 propositum
1245 1234 1288 1270 iri
1310 1233 1370 1270 iis
1385 1233 1449 1283 qui
1477 1233 1620 1271 tributa

155 1306 234 1330 non
266 1292 454 1343 pendant,
489 1292 520 1329 si
550 1292 633 1343 ipse
668 1293 960 1330 condemnetur.
1028 1294 1109 1331 Vos
1145 1291 1274 1332 autem
1309 1295 1472 1345 primum
1507 1295 1617 1341 illud,

157 1353 429 1399 Athenienses,
449 1353 632 1403 cogitate,
654 1365 722 1391 vos
743 1366 820 1391 non
841 1353 888 1391 de
910 1354 974 1391 illa
987 1367 1026 1392 re
1045 1356 1278 1394 sententiam
1293 1355 1454 1400 laturos,
1477 1356 1545 1393 sed
1571 1355 1618 1393 de

155 1429 216 1462 eo,
238 1429 287 1453 an
308 1415 505 1453 decretum
525 1415 675 1465 legibus
696 1422 1000 1453 consentaneum
1021 1416 1168 1454 fecerit.
1227 1417 1392 1462 Deinde,
1413 1417 1518 1454 nullo
1533 1430 1618 1454 esse

157 1478 275 1516 modo
295 1477 514 1523 ferendum,
529 1483 574 1514 ut
602 1477 804 1527 quiritetur
823 1490 845 1514 a
864 1477 1061 1515 nonnullis
1090 1478 1266 1528 injuriam
1289 1478 1511 1529 reipublicae
1525 1478 1621 1525 fieri,

157 1546 273 1591 atque
294 1539 375 1589 ipse
394 1541 558 1586 majores
587 1537 745 1589 injurias
778 1538 850 1576 sibi
881 1539 1091 1577 condonari
1124 1539 1303 1590 postulet.
1360 1539 1499 1590 Longe
1519 1540 1619 1577 enim

154 1601 261 1639 haud
277 1599 394 1637 dubie
413 1599 561 1637 facinus
578 1606 637 1637 est
654 1600 807 1650 gravius
827 1600 984 1638 decreto
997 1601 1139 1639 violare
1158 1602 1279 1652 leges,
1293 1614 1408 1651 quam
1428 1615 1505 1639 non
1524 1615 1619 1653 pen-

156 1663 246 1700 dere
273 1661 472 1700 tributum.
532 1660 690 1698 Verum'
710 1661 861 1699 tametsi
882 1668 1090 1708 constaret,
1108 1663 1183 1700 isto
1204 1663 1476 1709 condemnato,
1497 1663 1618 1700 nemi—

155 1736 243 1761 nem
260 1729 327 1761 aut
339 1721 582 1767 collaturum,
599 1728 666 1759 aut
680 1730 904 1761 exacturum
919 1737 1004 1761 esse
1017 1724 1216 1770 tributum,
1231 1737 1279 1761 ne
1295 1723 1347 1761 sic
1364 1724 1518 1774 quidem
1528 1738 1618 1763 esse

157 1783 436 1823 absolvendum
466 1783 558 1821 hinc
577 1785 838 1833 cognoscetis.
896 1785 1018 1823 Vobis
1054 1799 1074 1823 e
1093 1785 1243 1824 tributis
1270 1786 1482 1824 Nausinico
1517 1801 1618 1838 prae-

154 1852 238 1885 tore
258 1845 466 1896 imperatis,
487 1858 574 1895 quae
592 1845 743 1883 circiter
763 1852 1023 1884 trecentorum
1049 1848 1250 1894 talentum,
1272 1856 1339 1886 aut
1363 1848 1481 1899 paulo
1500 1849 1617 1899 pluris

154 1909 323 1952 fuerunt,
337 1906 630 1958 quatuordecim
645 1907 793 1945 talenta
806 1908 962 1946 defuere
977 1922 986 1946 :
1018 1922 1181 1960 quorum
1200 1910 1272 1948 iste
1288 1918 1436 1961 septem
1452 1909 1617 1961 redegit.

153 1970 235 2007 Sed
256 1981 329 2019 ego
348 1980 450 2018 pono
469 1967 666 2018 redegisse
692 1969 832 2007 onmia.
891 1970 953 2007 Ad
974 1983 1039 2008 eos
1061 1971 1177 2020 igitur
1203 1971 1266 2021 qui
1283 1971 1380 2009 ultro
1399 1979 1617 2018 numerant,

156 2042 231 2068 non
252 2028 376 2080 egetis
395 2028 660 2066 Androtione:
690 2029 759 2067 sed
781 2030 831 2067 ad
851 2037 1078 2070 cessatoreS.
1116 2044 1119 2047 ¹
1137 2032 1353 2082 Diligenter
1379 2033 1495 2083 igitur
1509 2035 1616 2071 vobis

156 2101 216 2130 est
235 2103 338 2128 nunc
359 2089 701 2136 considerandum,
720 2091 867 2128 tantine
882 2092 1082 2129 aestimetis
1109 2093 1329 2142 reipublicae
1349 2100 1492 2131 statum
1507 2102 1546 2132 et
1559 2109 1617 2132 re-

157 2159 288 2204 ceptas
308 2151 432 2201 leges,
453 2157 492 2188 et
512 2150 767 2201 jurisjurandi
787 2152 1025 2202 religionem,
1084 2153 1185 2190 Nam
1207 2153 1238 2190 si
1258 2153 1372 2191 istum
1394 2155 1615 2201 absolvens,

155 2215 219 2265 qui
252 2213 350 2251 adeo
381 2212 584 2250 manifeste
616 2212 768 2262 legibus
798 2213 990 2251 contraria
1020 2214 1201 2260 decrevit,
1232 2216 1401 2253 omnium
1438 2217 1615 2267 opinione

153 2276 361 2328 pecuniam
376 2274 478 2312 illam
500 2274 648 2324 legibus
664 2279 702 2312 et
715 2274 959 2326 jurijurando
973 2275 1239 2326 praetuleritis:
1270 2290 1370 2327 quae,
1389 2290 1463 2315 nec
1483 2278 1513 2316 si
1528 2279 1614 2329 quis

155 2350 240 2376 eam
275 2336 323 2374 de
352 2348 422 2373 suo
440 2335 659 2386 largiretur,
681 2336 911 2386 accipienda
930 2343 1046 2382 esset,
1067 2337 1211 2375 nedum
1235 2338 1426 2388 exigenda
1446 2340 1494 2377 ab
1514 2341 1612 2379 aliis.

157 2397 323 2435 Proinde
344 2409 431 2434 cum
452 2396 537 2434 haec
560 2397 710 2443 dixerit,
731 2404 966 2435 mementote
993 2398 1256 2449 jurisjurandi,
1279 2406 1317 2436 et
1346 2400 1528 2451 cogitate,
1549 2403 1614 2440 ac-'

155 2459 394 2497 cusationem
415 2471 517 2495 nunc
538 2458 586 2495 de
607 2458 798 2508 exigendo
827 2459 968 2497 tributo
1003 2472 1079 2497 non
1108 2473 1196 2497 esse
1214 2460 1447 2499 institutam:
1479 2463 1548 2501 sed
1564 2464 1611 2501 de

156 2534 215 2566 ee,
237 2525 363 2556 utrum
384 2518 514 2568 legum
533 2518 717 2557 inviolata
735 2533 821 2557 esse
837 2520 978 2558 debeat
995 2522 1220 2560 auctoritas.
1270 2536 1275 2542 ·

214 2583 275 2619 15.
306 2580 363 2617 Ac
383 2578 431 2616 de
451 2579 508 2617 his
527 2579 695 2630 quidem,
715 2593 792 2630 quo
807 2588 922 2632 pacto
943 2595 1010 2619 vos
1032 2595 1054 2620 a
1074 2583 1159 2633 lege
1179 2583 1409 2622 abducendo
1436 2585 1610 2636 decipere

156 2644 206 2682 sit
225 2649 449 2686 conaturuS,
469 2646 507 2678 et
525 2640 616 2690 quid
637 2642 683 2678 ad
707 2642 789 2692 ejus
810 2643 1071 2682 cavillationes
1092 2645 1352 2696 repudiandas
1373 2645 1410 2681 in
1431 2654 1611 2697 promptu

156 2718 224 2742 vos
243 2703 383 2740 habere
404 2707 590 2751 oporteat,
607 2715 694 2739 cum
714 2703 836 2741 multo
855 2705 965 2755 plura
979 2706 1093 2743 etiam
1108 2706 1248 2743 referre
1264 2719 1433 2756 possem,
1453 2708 1557 2755 quod
1574 2715 1613 2745 et

156 2767 240 2803 haec
262 2763 438 2801 sufficere
460 2762 634 2807 arbitror,
654 2769 779 2800 cetera
799 2767 1112 2815 praetermittam:
1143 2767 1328 2816 inquiram
1351 2773 1478 2803 autem
1508 2774 1546 2804 et
1573 2768 1612 2806 in

155 2825 330 2877 publicas
359 2823 466 2861 istius
495 2822 587 2859 boni
613 2823 664 2870 (si
693 2823 765 2860 diis
792 2825 935 2875 placet)
966 2828 1034 2864 viri
1065 2828 1258 2865 actiones:
1289 2827 1327 2864 in
1356 2828 1495 2878 quibus
1523 2831 1610 2867 nul-

157 2887 237 2923 lum
269 2897 347 2922 non
385 2883 623 2921 crudelitatis
662 2897 784 2934 genus
821 2889 1005 2926 exercuit.
1063 2889 1163 2925 Nam
1199 2895 1237 2925 et
1267 2889 1540 2938 impudentem,
1574 2900 1611 2930 et

159 2946 358 2992 audacem,
379 2952 418 2983 et
437 2945 714 2997 peculatorem,
736 2954 774 2985 et
794 2949 1014 2999 superbum,
1037 2956 1075 2987 et
1097 2949 1146 2987 ad
1166 2949 1317 2999 quidvis
1339 2951 1465 3001 potius
1493 2965 1609 3001 quam
