1923 3149
270 227 351 289 ¹428
677 231 905 269 CONTRA
941 227 1322 271 TiMOCRATEM.

282 342 498 369 necesse
540 345 657 370 esse
708 341 761 372 ut
812 335 1062 385 praesides
1109 335 1462 385 comprobent,
1507 333 1550 371 si
1604 334 1720 384 quis

277 404 298 427 v
313 405 334 428 a
350 392 372 429 d
389 406 408 430 e
423 407 439 430 s
475 393 592 432 dare
624 408 647 433 v
660 396 768 446 elit,
796 405 932 435 contra
951 410 1084 435 omnes
1112 397 1218 447 leges
1237 396 1460 434 existimans
1490 407 1720 437 conservan-

276 452 367 489 dum
397 466 481 492 esse
499 461 661 504 sontem,
682 464 720 494 et
742 459 842 508 apud
866 471 931 496 vos
959 458 1194 496 damnatum.
1239 457 1338 494 Nam
1359 470 1476 507 quum
1504 457 1539 493 ei
1565 456 1719 493 vadium

274 515 584 555 constitutionem
605 518 776 567 quolibet
803 525 973 570 tempore
997 519 1154 556 liberam
1175 518 1322 564 fecerit,
1347 517 1568 554 facultatem
1599 515 1720 560 dedit,

273 587 318 610 ne
339 575 431 624 quid
453 589 620 627 unquam
639 579 774 624 solvat,
797 592 922 630 neque
942 586 1068 617 tamen
1089 579 1290 617 vinciatur.
1326 579 1423 620 Quis
1445 578 1544 615 enim
1565 590 1640 614 non
1662 577 1719 614 in-

270 634 397 672 veniet
423 637 514 674 viles
537 637 738 675 homines?
769 639 858 686 Qui,
881 641 946 677 ubi
964 653 1033 677 vos
1060 653 1125 678 eos
1154 638 1470 690 improbaveritis‚
1500 638 1719 684 discedant,

270 707 358 732 nam
380 697 410 733 si
430 698 515 746 quis
530 711 631 744 eum,
647 705 691 736 ut
709 699 773 749 qui
789 700 908 738 vades
927 714 1003 738 non
1023 701 1182 746 dederit,
1203 701 1240 738 in
1262 699 1417 738 vincula
1435 698 1658 750 postulabit,
1678 711 1718 736 se

270 763 308 793 et
329 757 431 803 dare,
461 766 498 795 et
519 760 698 797 daturum
728 760 844 807 dicet,
873 769 910 799 et
928 762 1036 800 istius
1057 763 1181 814 legem
1200 763 1382 813 proferet,
1401 774 1502 811 quae,
1531 773 1618 798 cum
1636 760 1719 810 ipse

267 818 371 863 velit,
401 821 632 858 constituere
650 821 769 859 vades
783 822 933 872 jubeat,
964 823 1115 860 interim
1143 823 1341 868 custodiri,
1374 828 1413 859 et
1440 821 1471 859 si
1500 833 1568 858 vos
1598 821 1717 858 vades

266 875 498 926 improbetis,
530 880 566 917 in
588 881 750 918 vinculis
771 894 870 927 esse,
889 895 965 919 non
981 883 1128 933 jubeat.
1172 883 1235 920 Sic
1255 883 1330 920 ista
1348 882 1410 919 lex
1431 893 1564 919 revera
1591 881 1715 932 quod-

267 936 355 973 dam
377 941 716 989 praesentissimum
735 943 946 980 remedium
965 951 1024 980 est
1043 943 1259 981 hominibus
1276 942 1498 993 injuriarum
1519 942 1716 980 studiosis.

268 996 323 1034 Ei
358 1012 484 1037 vero
516 1001 601 1051 qui
633 1002 790 1040 vades
824 1003 1137 1048 constituit,
1173 1003 1216 1041 si
1248 1001 1550 1040 reddiderit
1588 1001 1714 1039 civi-

263 1060 366 1096 tati
412 1069 688 1112 argentum
738 1071 961 1114 propter
1004 1065 1139 1115 quod
1182 1064 1325 1101 vades
1366 1062 1521 1107 dedit,
1556 1061 1712 1108 abire,

262 1119 400 1170 inquit,
430 1123 441 1158 l
455 1123 464 1159 i
479 1136 499 1160 c
513 1137 531 1161 e
546 1137 568 1161 a
580 1131 595 1161 t
627 1125 707 1162 vin
721 1138 741 1163 c
754 1125 873 1162 ulis.
905 1125 1054 1163 Rursus
1069 1126 1131 1163 hic
1147 1138 1169 1163 a
1185 1125 1330 1162 malitia
1346 1137 1416 1162 sua
1430 1136 1509 1161 non
1525 1122 1713 1168 discessit,

262 1180 310 1217 de
331 1195 406 1231 qua
424 1184 540 1232 paulo
566 1192 655 1223 ante
676 1186 765 1231 dixi,
788 1199 860 1223 nec
882 1186 941 1223 sui
961 1187 1104 1224 oblitus
1125 1193 1197 1230 est,
1220 1199 1346 1236 neque
1366 1184 1518 1235 scripsit
1545 1184 1712 1222 aestima-

261 1241 404 1279 tionem
425 1243 500 1281 litis
521 1258 607 1282 cum
638 1247 869 1291 accessione,
901 1247 970 1284 sed
998 1248 1077 1293 ubi,
1106 1247 1242 1298 inquit,
1273 1245 1482 1284 reddiderit
1510 1251 1711 1295 argentum

262 1303 365 1352 quod
383 1302 580 1351 debuerat,
596 1307 758 1344 vinculis
772 1308 965 1345 liberetur.
1021 1308 1112 1345 Sin
1145 1321 1197 1345 ar
1212 1314 1404 1357 gentum
1430 1318 1520 1343 non
1554 1318 1708 1343 nume-

260 1363 389 1399 rarit
423 1364 502 1401 vel
531 1365 654 1415 ipse,
688 1368 771 1404 vel
802 1368 976 1414 vades,
1007 1380 1130 1405 nono
1163 1374 1349 1405 senatu
1367 1380 1384 1403 s
1419 1373 1708 1412 conventu,

262 1422 300 1459 is
335 1425 422 1472 qui
469 1428 759 1475 sponsione
803 1428 1068 1466 liberatus
1115 1434 1199 1466 est
1248 1428 1298 1464 in
1338 1427 1555 1465 vincula
1590 1440 1709 1464 con-

252 1483 482 1532 jiciatur,
525 1487 734 1524 vadium
769 1490 863 1525 bon
881 1502 903 1526 a
947 1503 971 1539 p
988 1489 1204 1526 ublicen
1221 1495 1317 1525 tur.
1365 1488 1409 1524 In
1439 1487 1511 1524 hoe
1539 1494 1709 1525 extremo

256 1544 394 1593 capite,
427 1545 506 1595 ipse
535 1559 619 1584 sese
642 1547 862 1597 injuriarum
882 1548 1083 1586 manifeste
1103 1549 1274 1586 damnat.
1313 1547 1402 1585 Non
1427 1547 1528 1585 enim
1559 1547 1597 1584 in
1623 1548 1708 1585 uni-

254 1617 421 1651 versum,
441 1606 551 1655 quasi
577 1607 616 1644 id
643 1614 754 1658 turpe
783 1615 851 1646 aut
876 1609 986 1646 nefas
1013 1609 1250 1653 existimarit,
1280 1608 1401 1645 ullum
1430 1607 1552 1646 civem
1578 1608 1708 1646 vinciri

254 1666 393 1703 vetuit:
424 1666 492 1703 sed
511 1680 596 1705 eam
616 1669 870 1714 occasionem,
892 1683 970 1720 qua
989 1677 1138 1708 sontem
1160 1683 1288 1708 coram
1309 1668 1632 1720 comprehendere
1662 1670 1706 1706 li-

255 1727 379 1770 cebat,
401 1726 623 1774 suffuratus,
643 1742 783 1767 nomen
804 1730 981 1780 supplicii
1003 1730 1178 1767 sumendi
1198 1729 1304 1767 vobis
1323 1729 1471 1767 affectis
1491 1730 1628 1780 injuria
1647 1742 1706 1767 re-

254 1785 375 1835 liquit,
395 1799 470 1823 rem
490 1787 612 1837 ipsam
633 1790 800 1834 sustulit,
821 1796 860 1828 et
879 1790 936 1827 his
958 1791 1023 1840 qui
1043 1797 1206 1827 vestram
1228 1789 1430 1840 pecuniam
1455 1791 1491 1827 vi
1520 1790 1706 1836 detinent,

253 1846 477 1895 impunitate
497 1849 706 1899 proposita,
727 1857 875 1888 tantum
898 1864 974 1889 non
996 1851 1210 1902 adscripsit,
1238 1851 1353 1889 licere
1380 1850 1432 1887 illi
1453 1851 1552 1888 diem
1579 1851 1705 1890 dicere

245 1907 458 1954 judicibus,
481 1910 544 1960 qni
566 1910 725 1948 vinculis
747 1912 972 1950 addixerint.

304 1970 368 2004 24.
391 1969 488 2006 Cum
506 1977 631 2008 autem
648 1971 766 2009 multa
781 1972 1033 2010 intolerabilia
1049 1974 1138 2018 sint,
1157 1986 1243 2023 quae
1258 1973 1334 2023 legi
1350 1972 1519 2017 inseruit,
1540 1973 1580 2010 id
1596 1974 1702 2023 quod

250 2030 452 2067 maximam
475 2031 776 2081 indignationem
800 2035 1071 2084 meretur,jam
1090 2034 1198 2071 vobis
1218 2033 1357 2070 dicam.
1388 2033 1488 2070 Nam
1514 2046 1601 2083 quae
1633 2048 1703 2084 per

250 2098 364 2127 totam
385 2091 508 2141 legem
537 2092 641 2137 dicit,
670 2094 718 2131 ad
741 2107 825 2131 eum
852 2095 1044 2144 pertinent
1064 2094 1192 2131 omnia
1212 2095 1275 2144 qui
1296 2093 1415 2131 vades
1435 2094 1700 2132 consatuerit:

248 2151 383 2188 civero
397 2153 461 2201 qui
478 2166 552 2189 non
570 2155 823 2199 constituerit,
840 2168 965 2205 neque
981 2155 1167 2199 meliores,
1183 2167 1310 2204 neque
1323 2154 1542 2199 deteriores,
1558 2155 1702 2205 quide-

250 2212 365 2262 nique
380 2213 524 2250 nullam
540 2215 654 2251 vestri
667 2216 853 2252 rationem
868 2216 1063 2266 habuerit,
1076 2216 1222 2253 nullam
1242 2228 1368 2265 neque
1389 2228 1555 2266 poenam,
1576 2229 1702 2266 neque

247 2273 431 2311 ultionem
453 2274 669 2326 adscripsit,
692 2276 760 2313 sed
782 2283 928 2314 tantam
948 2276 1056 2314 dedit
1075 2276 1354 2327 impunitatem,
1374 2282 1517 2326 quanta
1535 2278 1701 2315 maxima

247 2334 328 2371 dari
347 2342 487 2384 potest.
529 2336 628 2373 Nam
646 2343 684 2374 et
701 2343 851 2388 tempus
871 2337 990 2375 vades
1006 2337 1252 2374 constituenti
1271 2337 1453 2380 definivit,
1473 2350 1617 2374 nonum
1639 2351 1700 2377 se-

246 2402 360 2431 natus
380 2400 627 2433 conventum.
672 2397 794 2447 quue
823 2398 911 2436 inde
940 2404 1069 2448 potest
1093 2397 1266 2448 intelligi.
1314 2397 1547 2448 Adscripsit‚
1573 2400 1698 2449 publi-

245 2454 371 2492 canda
396 2469 478 2493 esse
498 2458 600 2494 bona
616 2457 784 2503 vadium,
807 2459 837 2495 si
857 2459 941 2508 quis
961 2472 1038 2496 non
1065 2459 1232 2496 solverit.
1277 2458 1368 2505 Ejus
1389 2471 1478 2496 vero
1496 2459 1561 2509 qui
1580 2460 1698 2498 vades

246 2528 321 2551 non
343 2515 460 2559 dedit,
488 2516 581 2553 nulli
603 2517 732 2567 ntique
757 2518 874 2555 vades
895 2531 980 2556 esse
1000 2524 1173 2569 possunt.
1217 2518 1273 2554 Ac
1301 2518 1527 2568 praesidibus
1552 2532 1574 2557 a
1592 2520 1699 2558 vobis

245 2584 347 2614 sorte
367 2577 526 2614 delectis
547 2578 594 2614 ad
610 2579 878 2628 judicandum,
894 2579 1163 2616 necessitatem
1184 2578 1378 2628 imposuit,
1399 2579 1429 2615 si
1444 2579 1527 2628 quis
1547 2578 1697 2617 dederit

244 2637 469 2687 recipiendi.
492 2637 783 2688 Rempublicam
795 2639 1024 2677 laedentibus
1037 2639 1182 2676 nullam
1196 2639 1398 2689 adscripsit
1411 2640 1695 2686 necessitatem,

244 2698 310 2735 sed
321 2705 503 2748 tanquam
513 2699 766 2736 benemeritis
777 2700 970 2750 optionem
986 2699 1106 2743 dedit,
1120 2707 1245 2736 utrum
1262 2699 1353 2736 dare
1365 2713 1498 2750 poenas
1512 2700 1693 2746 debeant,

244 2771 377 2795 necne.
407 2760 596 2800 Quaenam
614 2759 726 2809 igitur
742 2759 802 2796 lex
819 2761 891 2797 ista
905 2760 1030 2796 minus
1047 2759 1163 2803 utilis,
1180 2767 1246 2797 aut
1264 2760 1469 2810 improbior
1485 2757 1694 2811 excogitari

242 2827 371 2868 queat,
387 2833 472 2869 qum
493 2820 668 2869 primum,
685 2820 731 2857 de
752 2820 810 2857 his
830 2821 895 2869 qui
915 2820 1077 2857 antehac
1098 2820 1334 2870 injudicium
1356 2820 1511 2858 adducti
1528 2821 1692 2867 fuerant,

243 2880 432 2917 contraria
447 2880 582 2918 vestris
598 2880 795 2918 sententiis
811 2881 992 2931 imperat:
1015 2881 1167 2926 deinde,
1184 2894 1299 2931 quum
1316 2882 1360 2918 iis
1375 2882 1438 2931 qui
1452 2882 1488 2918 in
1502 2881 1691 2931 judicium

238 2939 458 2977 adducendi
476 2948 577 2985 sunt,
599 2942 700 2979 litem
717 2941 1058 2992 oestimarejubeat
1072 2941 1397 2993 juratosjudiceS,
1419 2942 1689 2980 aestimationes

243 3000 331 3036 facit
353 3001 499 3038 irritas:
532 3008 717 3050 praeterea
742 3001 884 3040 aerariis
906 3001 1051 3039 aditum
1078 3002 1127 3039 ad
1154 3001 1400 3051 magistratus
1428 3001 1617 3051 relinquit,
1644 3014 1689 3040 ea
