1923 3149
560 160 785 200 CONTRA
815 160 1267 200 ARISTOCRATEM.
1561 165 1634 202 411

179 262 342 314 vestigio
355 262 563 302 foederibus
576 264 759 303 excludit.
791 264 959 315 Pignora
973 276 1110 315 capere
1127 264 1204 303 illic
1219 264 1282 303 ubi
1297 264 1494 303 homicida
1508 265 1637 313 fuerit,

177 325 251 363 nisi
277 325 343 376 jus
369 324 461 363 dare
489 325 623 372 velint,
647 325 761 376 jubet
779 326 842 363 lex
867 338 991 375 usque
1022 325 1071 362 ad
1099 331 1176 362 tres
1203 325 1341 363 licere:
1372 326 1459 372 iste,
1487 326 1517 364 si
1552 328 1638 378 quis

177 397 286 424 reum
308 391 457 423 asserat
475 398 499 423 a
524 385 694 424 violenta
713 385 963 431 abductione,
993 385 1132 423 nolens
1163 391 1208 422 ut
1237 393 1326 424 ante
1348 386 1537 437 judicium
1569 388 1637 427 de-

176 448 305 493 datur,
324 448 453 486 statim
471 460 558 485 eum
576 448 783 487 foederibus
802 448 989 486 excludit.
1015 447 1104 484 Non
1121 446 1211 484 sinit
1225 447 1286 484 lex
1304 447 1472 498 aliquam
1494 449 1634 500 legem,

175 508 250 546 nisi
269 508 403 547 eadem
422 508 563 560 pariter
587 509 637 546 ad
664 521 797 547 omnes
817 508 1021 559 pertineat,
1038 507 1305 558 promulgare:
1336 507 1422 554 iste,
1442 510 1490 547 ob
1510 523 1631 548 unum

174 570 312 617 virum,
339 569 534 620 peculiare
560 569 758 608 decretum
790 568 934 607 scribit.
984 568 1076 606 Non
1102 568 1192 607 sinit
1223 568 1284 606 lex
1319 568 1516 607 decretum
1545 571 1633 621 lege

172 630 262 682 plus
286 631 439 676 valere:
468 631 556 679 iste,
587 643 676 669 cum
700 637 760 670 tot
778 631 856 670 sint
880 629 1003 681 leges,
1023 630 1222 669 decretum
1246 635 1372 668 ratum
1399 630 1505 678 facit,
1526 632 1632 683 leges

173 691 287 730 tollit.

227 754 292 790 57.
325 752 422 790 Haec
442 759 592 800 cavete,
617 759 733 804 atque
751 752 790 791 in
808 753 884 792 hoc
904 766 1091 792 consessu
1109 754 1228 792 nolite
1249 753 1435 800 oblivisci,
1465 761 1506 793 et
1524 754 1632 805 quic-

169 812 263 863 quid
292 813 355 851 isti
382 813 612 864 effugiorum
632 814 883 864 quaeritarint,
912 816 1146 854 contemnite
1177 822 1217 854 et
1243 815 1468 867 repudiate3
1493 817 1629 868 jubete

167 873 311 924 potius,
326 880 370 912 ut
381 875 576 922 ostendat,
597 875 810 926 ubijudicii
830 876 1063 914 mentionem
1080 876 1227 923 fecerit,
1248 884 1313 915 aut
1332 878 1397 914 ubi
1420 877 1629 928 scripserit,

168 934 200 972 si
221 936 307 986 quis
327 936 446 974 caedis
466 936 666 975 convictus
692 937 819 984 fuerit,
840 944 883 975 ut
910 937 958 975 de
977 951 1023 976 eo
1052 951 1176 989 poenae
1207 945 1418 976 sumantur.
1463 939 1566 976 Nam
1598 939 1631 977 si

169 1002 238 1034 aut
257 996 398 1035 alicubi
419 997 509 1035 alibi
529 997 757 1036 damnatum
778 1004 819 1036 et
836 998 1071 1045 convictum,
1091 999 1331 1050 puniendum
1354 1013 1439 1038 esse
1461 1000 1630 1050 scripsit,

169 1063 238 1096 aut
268 1058 350 1109 ipse
375 1058 635 1109 judicandum
664 1073 751 1097 esse
782 1059 948 1111 scripsit,
969 1066 1096 1097 utrum
1117 1073 1205 1098 reus
1235 1062 1384 1100 caedem
1404 1062 1538 1100 fecerit
1555 1074 1629 1099 nec

167 1131 231 1166 ne,
244 1118 500 1171 item‚jurene
521 1133 569 1158 an
591 1120 728 1172 injuria
749 1120 946 1166 occiderit,
968 1121 1060 1158 nihil
1081 1121 1270 1172 deliquit:
1301 1123 1331 1161 si
1350 1136 1440 1161 vero
1457 1122 1627 1160 criminis

166 1179 362 1219 duntaxat
386 1181 580 1220 mentione
603 1182 719 1228 facta,
739 1182 769 1220 si
791 1183 873 1233 quis
894 1183 1090 1229 occiderit,
1112 1183 1302 1234 inquiens,
1324 1184 1516 1236 praeterito
1536 1184 1629 1230 hoc,

166 1242 198 1279 si
219 1242 338 1280 caedis
358 1243 555 1281 convictus
575 1243 702 1290 suerit,
717 1244 808 1282 item
826 1244 907 1289 illo,
927 1243 957 1281 si
977 1245 1164 1282 occidisse
1180 1246 1385 1293 videbitur,
1406 1259 1478 1284 nec
1497 1246 1624 1283 minus

163 1303 247 1352 illo,
267 1316 405 1353 poenas
429 1303 495 1341 det
520 1304 729 1351 homicidii,
754 1305 860 1351 item,
880 1306 981 1343 idem
1002 1306 1049 1343 de
1070 1319 1115 1344 eo
1133 1307 1362 1358 supplicium
1384 1313 1557 1345 sumatur
1577 1319 1625 1345 ac

164 1364 197 1402 si
215 1363 490 1402 Atheniensem
513 1365 731 1411 occidisset,
747 1366 778 1403 si
794 1366 958 1416 denique
979 1367 1135 1404 omuino
1150 1368 1235 1418 jure
1250 1369 1352 1406 omni
1374 1369 1566 1419 praeterito
1587 1373 1630 1406 et

163 1426 357 1477 neglecto,
383 1426 522 1464 abduci
541 1426 655 1465 licere
677 1427 843 1478 scripsit,
870 1441 917 1466 ne
938 1428 1195 1479 decipiamini,
1216 1429 1286 1467 sed
1303 1430 1408 1468 haud
1428 1429 1544 1468 dubie
1564 1436 1623 1468 te-

164 1489 302 1536 neam,
323 1488 429 1528 nullo
450 1501 621 1541 unquam
641 1489 795 1528 decreto
808 1489 915 1540 leges
936 1503 1059 1542 usque
1079 1490 1178 1530 adeo
1197 1491 1317 1531 fuisse
1335 1491 1513 1531 violatas.
