1923 3149
664 533 1243 591 DEMOSTHENIS

431 699 755 748 CONTRA
813 700 1490 751 ARISTOGITONEM

661 860 907 903 ORATIO
941 861 1257 904 SECUNDA.

283 996 319 1031 1.
341 993 536 1031 Arum-00
546 1006 715 1032 1r0NEM
735 995 850 1032 istum
866 994 1007 1032 debere
1027 994 1175 1041 aerario,
1194 1000 1233 1032 et
1246 993 1372 1044 capite
1387 992 1630 1039 diminutum,
1646 1000 1685 1031 et

227 1055 379 1105 legibus
407 1068 491 1093 esse
511 1055 759 1094 interdictum
777 1069 826 1093 ne
846 1055 943 1093 tales
967 1055 1142 1093 homines
1168 1055 1377 1106 quicquam
1403 1067 1472 1106 pro
1500 1054 1685 1092 concione

228 1115 373 1162 dicant,
393 1115 589 1154 evidenter
608 1123 808 1154 ostensum
835 1123 904 1160 est,
923 1116 1101 1167 judices:
1131 1123 1222 1154 sunt
1241 1123 1370 1154 autem
1391 1129 1415 1154 a
1432 1115 1541 1154 vobis
1561 1116 1687 1167 repel-

225 1178 331 1216 lendi
349 1185 388 1216 et
408 1180 626 1225 coercendi,
646 1191 734 1218 cum
754 1193 888 1218 omnes
908 1180 1036 1231 legum
1055 1179 1272 1226 violatores,
1287 1186 1368 1218 tum
1387 1193 1475 1218 vero
1494 1180 1533 1217 in
1553 1179 1685 1231 primis

226 1240 264 1287 ii,
286 1240 350 1291 qui
364 1242 590 1294 magistratu
605 1241 829 1292 funguntur,
845 1248 884 1279 et
902 1242 942 1279 in
956 1242 1154 1293 republica
1167 1248 1382 1280 versantur.
1410 1241 1484 1279 Per
1497 1241 1569 1279 hos
1585 1242 1686 1279 enim

229 1307 268 1339 et
285 1301 473 1340 maximas
494 1303 711 1353 respublica
735 1303 867 1341 clades
888 1303 1038 1354 accipit,
1060 1303 1091 1340 si
1110 1303 1198 1341 mali
1221 1303 1311 1349 sint,
1333 1310 1373 1340 et
1391 1302 1557 1340 vicissim
1574 1304 1686 1353 juva-

230 1369 292 1400 tur
318 1362 535 1413 plurimum,
570 1363 601 1400 si
622 1364 699 1400 sint
716 1364 807 1401 boni
825 1363 906 1410 viri,
926 1372 963 1401 et
980 1363 1111 1414 legum
1131 1363 1307 1401 studiosi.
1338 1363 1454 1406 Quod
1482 1364 1512 1400 si
1531 1376 1685 1413 rempu-

229 1422 372 1461 blicam
402 1424 695 1475 capessentibus
725 1424 844 1462 semel
864 1424 1110 1475 permiseritis
1139 1424 1283 1462 violare
1311 1425 1435 1475 leges,
1466 1431 1506 1461 et
1532 1430 1691 1475 recepta

224 1486 313 1537 jura
332 1486 546 1536 despicere,
572 1499 733 1524 necesse
761 1487 832 1524 erit
853 1486 1067 1532 universos,
1085 1487 1151 1536 qui
1179 1486 1218 1524 in
1243 1486 1396 1524 civitate
1423 1485 1585 1538 degunt,
1616 1486 1687 1524 im-

228 1547 430 1598 probitatis
463 1560 594 1585 eorum
624 1560 760 1598 poenas
791 1547 993 1585 sustinere.
1039 1547 1096 1585 Ut
1127 1547 1227 1585 enim
1264 1547 1506 1593 delictorum,
1535 1560 1622 1598 quae
1649 1548 1689 1586 in

230 1607 392 1645 navibus
423 1609 716 1646 committuntur
747 1608 846 1646 inter
882 1608 1160 1659 navigandum,
1185 1609 1217 1646 si
1245 1609 1330 1659 quis
1357 1615 1563 1646 nautarum
1590 1608 1688 1647 deli-

230 1670 370 1719 querit,
390 1682 550 1720 parvum
579 1676 639 1707 est
668 1670 867 1715 damnum,
899 1670 957 1707 sin
984 1670 1218 1720 gubernator
1250 1670 1439 1721 deceptus
1462 1669 1591 1716 fuerit,
1621 1677 1690 1707 aut

232 1730 429 1775 aberrarit,
469 1731 663 1768 communi
700 1730 919 1769 calamitate
955 1738 1130 1769 vectores
1166 1744 1300 1769 omnes
1341 1731 1520 1770 involvit:
1556 1730 1612 1769 sic
1648 1738 1688 1769 et

232 1791 467 1841 plebeiorum
486 1799 651 1842 peccata
669 1804 746 1830 non
765 1792 802 1829 in
821 1792 965 1843 populi,
985 1793 1055 1830 sed
1075 1793 1111 1830 iu
1134 1793 1302 1844 ipsorum
1323 1793 1509 1831 damnum
1528 1793 1688 1838 cedunt,

232 1852 303 1890 sed
332 1852 645 1903 magistratuum,
665 1859 704 1891 et
729 1853 1007 1904 rempublicam
1038 1853 1334 1904 gubernantium
1356 1860 1518 1904 peccata
1542 1854 1592 1891 ad
1619 1866 1690 1891 vos

232 1913 432 1951 universos
457 1913 663 1964 pertinent.
715 1915 960 1965 Quapropter
982 1922 1021 1952 et
1039 1915 1130 1952 Solo
1148 1915 1309 1966 plebeiis
1329 1915 1453 1962 tarda,
1485 1915 1689 1966 magistra-

232 1975 336 2013 tibus
373 1982 412 2012 et
436 1976 567 2026 populi
599 1976 917 2026 gubernatoribus
941 1976 1089 2014 velocia
1120 1976 1306 2027 supplicia
1334 1977 1548 2014 constituit:
1586 1977 1691 2026 quod

234 2036 491 2082 existimabat,
511 2036 560 2073 de
579 2037 650 2075 illis
671 2037 806 2087 quovis
832 2043 1004 2088 tempore
1025 2037 1123 2074 sumi
1143 2050 1258 2088 posse
1276 2050 1429 2088 poenas,
1451 2038 1522 2075 hos
1543 2050 1690 2076 moram

233 2097 388 2136 ultionis
407 2111 485 2135 non
505 2098 718 2137 admittere.
753 2099 952 2151 Oppressa
971 2099 1071 2137 enirn
1086 2099 1274 2146 libertate,
1292 2099 1356 2150 qui
1380 2111 1515 2150 poenas
1540 2105 1691 2150 repetat

231 2160 313 2200 fore
327 2158 530 2198 neminem.

287 2223 326 2258 2.
356 2221 486 2271 Atque
503 2221 588 2259 haec
606 2220 781 2259 instituta
799 2233 914 2259 nemo
929 2221 985 2260 ita
997 2228 1058 2259 est
1075 2221 1135 2259 vel
1155 2221 1375 2273 impudens,
1389 2221 1450 2259 vel
1463 2220 1579 2259 vestri
1593 2233 1687 2259 con-

232 2287 410 2332 temptor,
430 2281 495 2331 qui
513 2280 685 2319 refellere
705 2281 858 2326 audeat,
879 2289 1016 2332 praeter
1041 2282 1356 2332 Aristogitonem,
1382 2288 1421 2319 et
1447 2282 1529 2332 ejus
1558 2281 1681 2320 auda-

180 2355 183 2358 ⁴
235 2344 334 2381 ciam
354 2349 393 2380 et
412 2342 706 2392 improbitatem.
737 2343 885 2381 Omnes
906 2343 1006 2381 enim
1026 2344 1289 2394 magistratus,
1308 2350 1347 2380 et
1364 2343 1487 2381 claros
1509 2344 1547 2380 in
1574 2357 1689 2395 repu-

233 2403 337 2442 blica
363 2403 461 2440 viros
482 2403 733 2449 inveniemus,
754 2405 785 2441 si
805 2405 897 2454 quid
927 2405 1044 2442 semel
1065 2417 1088 2441 a
1112 2405 1221 2442 vobis
1241 2404 1537 2454 pronunciatum
1561 2404 1599 2442 in
1619 2418 1686 2443 eos

235 2465 362 2510 suerit,
383 2471 508 2501 ratum
527 2464 721 2502 habuisse.
762 2465 861 2502 Nam
883 2472 922 2502 et
940 2466 971 2502 si
991 2465 1129 2515 quibus
1150 2466 1356 2515 abrogatur
1381 2466 1643 2515 magistratus,
1664 2466 1689 2503 ii

235 2527 366 2565 statim
398 2525 600 2576 deponunt
626 2538 777 2570 munus,
799 2533 839 2563 et
868 2538 1029 2564 coronas
1050 2526 1252 2563 amittunt:
1289 2532 1328 2563 et
1347 2525 1378 2563 si
1397 2526 1460 2576 qui
1486 2540 1506 2563 e
1528 2527 1687 2564 sexviris

237 2590 276 2627 in
297 2588 541 2636 Areopagum
569 2599 645 2623 non
666 2586 929 2633 admittuntur,
950 2587 1092 2624 omissa
1112 2586 1304 2630 violentia,
1325 2587 1447 2637 aequis
1469 2587 1604 2624 animis
1624 2601 1689 2626 ve-

239 2655 319 2687 stra
337 2648 377 2685 in
396 2646 614 2697 cognitione
633 2647 897 2697 acquiescunt.
957 2647 1010 2684 Et
1031 2647 1115 2684 haec
1135 2648 1269 2685 merito
1289 2647 1449 2685 faciunt.
1491 2647 1687 2691 Quemad-

239 2709 394 2747 modum
424 2708 539 2753 enim,
561 2720 649 2746 cum
676 2707 715 2745 in
734 2709 959 2758 magistratu
981 2714 1083 2752 sunt,
1104 2720 1127 2744 a
1152 2708 1311 2759 plebeiis
1331 2708 1586 2746 obedientiam
1617 2709 1687 2746 sibi

239 2769 369 2808 deberi
388 2774 561 2813 censent,
582 2767 717 2806 eodem
750 2769 864 2806 modo
884 2776 922 2806 et
950 2768 1021 2818 ipsi
1047 2769 1220 2819 deposito
1252 2770 1491 2819 magistratu,
1524 2769 1687 2820 legibus,

239 2830 461 2880 reipublicae
482 2829 912 2879 moderatricibus,jure
943 2830 1219 2879 obsequuntur.
1278 2829 1473 2867 Praeterea
1495 2830 1560 2880 qui
1590 2843 1688 2867 rem-

242 2891 431 2944 publicam
451 2890 768 2930 administrarunt
786 2903 935 2936 omnes,
958 2891 988 2928 si
1008 2903 1027 2928 e
1049 2890 1231 2930 memoria
1246 2890 1448 2930 vetustatis
1465 2890 1566 2929 facto
1581 2890 1687 2930 initio
