<?xml version="1.0" encoding="UTF-8"?>
<!DOCTYPE html PUBLIC "-//W3C//DTD XHTML 1.0 Transitional//EN"
    "http://www.w3.org/TR/xhtml1/DTD/xhtml1-transitional.dtd">
<html xmlns="http://www.w3.org/1999/xhtml" xml:lang="en" lang="en">
 <head>
  <title>
</title>
<meta http-equiv="Content-Type" content="text/html;charset=utf-8" />
  <meta name='ocr-system' content='tesseract 3.04.00' />
  <meta name='ocr-capabilities' content='ocr_page ocr_carea ocr_par ocr_line ocrx_word'/>
</head>
<body>
  <div class='ocr_page' id='page_1' title='image "./oratoresatticie15dobs_0526.png"; bbox 0 0 1923 3149; ppageno 0'>
   <div class='ocr_carea' id='block_1_1' title="bbox 235 156 1334 206">
    <p class='ocr_par' dir='ltr' id='par_1_1' title="bbox 235 156 1334 206">
     <span class='ocr_line' id='line_1_1' title="bbox 235 156 1334 206; baseline -0.008 -3"><span class='ocrx_word' id='word_1_1' title='bbox 235 169 312 206; x_wconf 81' lang='lat'>510</span> <span class='ocrx_word' id='word_1_2' title='bbox 580 160 640 200; x_wconf 84' lang='lat' dir='ltr'>IN</span> <span class='ocrx_word' id='word_1_3' title='bbox 670 157 979 200; x_wconf 85' lang='lat' dir='ltr'>ONETOREM</span> <span class='ocrx_word' id='word_1_4' title='bbox 1012 159 1165 196; x_wconf 90' lang='lat' dir='ltr'><strong>UNDE</strong></span> <span class='ocrx_word' id='word_1_5' title='bbox 1194 157 1250 195; x_wconf 86' lang='lat' dir='ltr'>VI</span> <span class='ocrx_word' id='word_1_6' title='bbox 1282 156 1334 195; x_wconf 87' lang='grc' dir='ltr'>ΙΙ.</span> 
     </span>
    </p>
   </div>
   <div class='ocr_carea' id='block_1_2' title="bbox 217 258 1702 2210">
    <p class='ocr_par' dir='ltr' id='par_1_2' title="bbox 217 258 1685 671">
     <span class='ocr_line' id='line_1_2' title="bbox 232 258 1680 315; baseline -0.006 -9"><span class='ocrx_word' id='word_1_7' title='bbox 232 278 313 307; x_wconf 88' lang='lat' dir='ltr'>tum</span> <span class='ocrx_word' id='word_1_8' title='bbox 332 267 447 306; x_wconf 89' lang='lat' dir='ltr'>etiam</span> <span class='ocrx_word' id='word_1_9' title='bbox 467 265 682 304; x_wconf 89' lang='lat' dir='ltr'>soluturum</span> <span class='ocrx_word' id='word_1_10' title='bbox 712 262 929 315; x_wconf 70' lang='lat' dir='ltr'>spondeat?</span> <span class='ocrx_word' id='word_1_11' title='bbox 978 263 1101 301; x_wconf 88' lang='lat' dir='ltr'>Nemo</span> <span class='ocrx_word' id='word_1_12' title='bbox 1129 261 1275 313; x_wconf 80' lang='lat' dir='ltr'><strong>opinor.</strong></span> <span class='ocrx_word' id='word_1_13' title='bbox 1324 258 1445 297; x_wconf 90' lang='lat' dir='ltr'>Nulla</span> <span class='ocrx_word' id='word_1_14' title='bbox 1474 259 1575 297; x_wconf 89' lang='lat' dir='ltr'>enim</span> <span class='ocrx_word' id='word_1_15' title='bbox 1608 259 1680 298; x_wconf 90' lang='lat' dir='ltr'>hoc</span> 
     </span>
     <span class='ocr_line' id='line_1_3' title="bbox 233 320 1682 378; baseline -0.007 -11"><span class='ocrx_word' id='word_1_16' title='bbox 233 329 328 367; x_wconf 87' lang='lat' dir='ltr'>ratio</span> <span class='ocrx_word' id='word_1_17' title='bbox 346 327 448 372; x_wconf 86' lang='lat' dir='ltr'>sinit,</span> <span class='ocrx_word' id='word_1_18' title='bbox 477 327 540 378; x_wconf 91' lang='lat' dir='ltr'>qui</span> <span class='ocrx_word' id='word_1_19' title='bbox 566 327 648 377; x_wconf 91' lang='lat' dir='ltr'>ipse</span> <span class='ocrx_word' id='word_1_20' title='bbox 674 325 745 363; x_wconf 84' lang='lat' dir='ltr'>sibi</span> <span class='ocrx_word' id='word_1_21' title='bbox 776 325 965 362; x_wconf 84' lang='lat' dir='ltr'>talentum</span> <span class='ocrx_word' id='word_1_22' title='bbox 986 335 1210 374; x_wconf 91' lang='lat' dir='ltr'>recuperare</span> <span class='ocrx_word' id='word_1_23' title='bbox 1243 329 1422 373; x_wconf 88' lang='lat' dir='ltr'>nequeat,</span> <span class='ocrx_word' id='word_1_24' title='bbox 1454 333 1542 359; x_wconf 88' lang='lat' dir='ltr'>eum</span> <span class='ocrx_word' id='word_1_25' title='bbox 1573 320 1682 359; x_wconf 86' lang='lat' dir='ltr'>alteri</span> 
     </span>
     <span class='ocr_line' id='line_1_4' title="bbox 232 381 1680 440; baseline -0.007 -12"><span class='ocrx_word' id='word_1_26' title='bbox 232 389 397 440; x_wconf 89' lang='lat' dir='ltr'>cuipiam</span> <span class='ocrx_word' id='word_1_27' title='bbox 430 401 471 426; x_wconf 84' lang='lat' dir='ltr'>se</span> <span class='ocrx_word' id='word_1_28' title='bbox 511 388 604 425; x_wconf 84' lang='lat' dir='ltr'>satis</span> <span class='ocrx_word' id='word_1_29' title='bbox 637 399 722 425; x_wconf 91' lang='lat' dir='ltr'>esse</span> <span class='ocrx_word' id='word_1_30' title='bbox 754 386 948 424; x_wconf 87' lang='lat' dir='ltr'>facturum</span> <span class='ocrx_word' id='word_1_31' title='bbox 979 384 1152 435; x_wconf 82' lang='lat' dir='ltr'>polliceri</span> <span class='ocrx_word' id='word_1_32' title='bbox 1185 390 1301 434; x_wconf 84' lang='lat' dir='ltr'>atque</span> <span class='ocrx_word' id='word_1_33' title='bbox 1336 382 1433 420; x_wconf 89' lang='lat' dir='ltr'>adeo</span> <span class='ocrx_word' id='word_1_34' title='bbox 1466 381 1680 433; x_wconf 89' lang='lat' dir='ltr'>spondere:</span> 
     </span>
     <span class='ocr_line' id='line_1_5' title="bbox 232 442 1683 500; baseline -0.006 -13"><span class='ocrx_word' id='word_1_35' title='bbox 232 450 323 500; x_wconf 90' lang='lat' dir='ltr'>quin</span> <span class='ocrx_word' id='word_1_36' title='bbox 349 456 388 487; x_wconf 91' lang='lat' dir='ltr'>et</span> <span class='ocrx_word' id='word_1_37' title='bbox 407 448 469 486; x_wconf 86' lang='lat' dir='ltr'>isti</span> <span class='ocrx_word' id='word_1_38' title='bbox 501 448 571 499; x_wconf 88' lang='lat' dir='ltr'>ipsi</span> <span class='ocrx_word' id='word_1_39' title='bbox 604 447 814 491; x_wconf 88' lang='lat' dir='ltr'>declarant,</span> <span class='ocrx_word' id='word_1_40' title='bbox 837 446 1047 483; x_wconf 87' lang='lat' dir='ltr'>Onetorem</span> <span class='ocrx_word' id='word_1_41' title='bbox 1069 445 1196 482; x_wconf 85' lang='lat' dir='ltr'>dotem</span> <span class='ocrx_word' id='word_1_42' title='bbox 1222 457 1299 482; x_wconf 92' lang='lat' dir='ltr'>non</span> <span class='ocrx_word' id='word_1_43' title='bbox 1319 443 1488 489; x_wconf 85' lang='lat' dir='ltr'>dedisse,</span> <span class='ocrx_word' id='word_1_44' title='bbox 1510 442 1578 480; x_wconf 90' lang='lat' dir='ltr'>sed</span> <span class='ocrx_word' id='word_1_45' title='bbox 1597 454 1683 492; x_wconf 90' lang='lat' dir='ltr'>pro-</span> 
     </span>
     <span class='ocr_line' id='line_1_6' title="bbox 217 503 1684 563; baseline -0.006 -14"><span class='ocrx_word' id='word_1_46' title='bbox 217 518 317 563; x_wconf 64' lang='lat' dir='ltr'>⁴pter</span> <span class='ocrx_word' id='word_1_47' title='bbox 336 523 497 561; x_wconf 83' lang='lat' dir='ltr'>magnas</span> <span class='ocrx_word' id='word_1_48' title='bbox 517 522 611 560; x_wconf 87' lang='lat' dir='ltr'>opes</span> <span class='ocrx_word' id='word_1_49' title='bbox 632 522 718 560; x_wconf 89' lang='lat' dir='ltr'>quae</span> <span class='ocrx_word' id='word_1_50' title='bbox 738 521 834 546; x_wconf 86' lang='lat' dir='ltr'>meae</span> <span class='ocrx_word' id='word_1_51' title='bbox 856 514 957 553; x_wconf 90' lang='lat' dir='ltr'>sunt,</span> <span class='ocrx_word' id='word_1_52' title='bbox 976 506 1141 557; x_wconf 85' lang='lat' dir='ltr'>Aphobo</span> <span class='ocrx_word' id='word_1_53' title='bbox 1163 518 1246 543; x_wconf 91' lang='lat' dir='ltr'>esse</span> <span class='ocrx_word' id='word_1_54' title='bbox 1267 505 1533 555; x_wconf 88' lang='lat' dir='ltr'>conjunctum,</span> <span class='ocrx_word' id='word_1_55' title='bbox 1563 510 1602 541; x_wconf 86' lang='lat' dir='ltr'>et</span> <span class='ocrx_word' id='word_1_56' title='bbox 1626 503 1684 553; x_wconf 90' lang='lat' dir='ltr'>pi-</span> 
     </span>
     <span class='ocr_line' id='line_1_7' title="bbox 235 563 1685 622; baseline -0.006 -13"><span class='ocrx_word' id='word_1_57' title='bbox 235 584 335 622; x_wconf 74' lang='lat' dir='ltr'>gnus</span> <span class='ocrx_word' id='word_1_58' title='bbox 365 571 442 610; x_wconf 86' lang='lat' dir='ltr'>hoc</span> <span class='ocrx_word' id='word_1_59' title='bbox 472 570 635 620; x_wconf 87' lang='lat' dir='ltr'>cepisse,</span> <span class='ocrx_word' id='word_1_60' title='bbox 651 577 696 607; x_wconf 91' lang='lat' dir='ltr'>ut</span> <span class='ocrx_word' id='word_1_61' title='bbox 722 569 905 607; x_wconf 88' lang='lat' dir='ltr'>heredem</span> <span class='ocrx_word' id='word_1_62' title='bbox 926 581 1014 606; x_wconf 89' lang='lat' dir='ltr'>eum</span> <span class='ocrx_word' id='word_1_63' title='bbox 1044 579 1217 605; x_wconf 89' lang='lat' dir='ltr'>meorum</span> <span class='ocrx_word' id='word_1_64' title='bbox 1233 580 1321 605; x_wconf 91' lang='lat' dir='ltr'>cum</span> <span class='ocrx_word' id='word_1_65' title='bbox 1351 578 1422 604; x_wconf 88' lang='lat' dir='ltr'>sua</span> <span class='ocrx_word' id='word_1_66' title='bbox 1456 577 1586 603; x_wconf 86' lang='lat' dir='ltr'>sorore</span> <span class='ocrx_word' id='word_1_67' title='bbox 1606 563 1685 601; x_wconf 89' lang='lat' dir='ltr'>effi-</span> 
     </span>
     <span class='ocr_line' id='line_1_8' title="bbox 233 640 352 671; baseline 0 0"><span class='ocrx_word' id='word_1_68' title='bbox 233 640 352 671; x_wconf 85' lang='lat' dir='ltr'>ceret.</span> 
     </span>
    </p>

    <p class='ocr_par' dir='ltr' id='par_1_3' title="bbox 233 687 1702 1662">
     <span class='ocr_line' id='line_1_9' title="bbox 288 687 1685 743; baseline -0.005 -12"><span class='ocrx_word' id='word_1_69' title='bbox 288 695 325 732; x_wconf 87' lang='lat'>6.</span> <span class='ocrx_word' id='word_1_70' title='bbox 357 694 406 731; x_wconf 90' lang='lat' dir='ltr'>Et</span> <span class='ocrx_word' id='word_1_71' title='bbox 425 705 527 730; x_wconf 84' lang='lat' dir='ltr'>nuuc</span> <span class='ocrx_word' id='word_1_72' title='bbox 546 690 690 743; x_wconf 86' lang='lat' dir='ltr'>effugia</span> <span class='ocrx_word' id='word_1_73' title='bbox 708 690 888 742; x_wconf 87' lang='lat' dir='ltr'>quaeritat</span> <span class='ocrx_word' id='word_1_74' title='bbox 906 695 946 727; x_wconf 87' lang='lat' dir='ltr'>et</span> <span class='ocrx_word' id='word_1_75' title='bbox 962 689 1154 741; x_wconf 85' lang='lat' dir='ltr'>praetexit,</span> <span class='ocrx_word' id='word_1_76' title='bbox 1179 702 1220 727; x_wconf 90' lang='lat' dir='ltr'>se</span> <span class='ocrx_word' id='word_1_77' title='bbox 1241 689 1344 740; x_wconf 90' lang='lat' dir='ltr'>prius</span> <span class='ocrx_word' id='word_1_78' title='bbox 1364 687 1514 738; x_wconf 86' lang='lat' dir='ltr'>cepisse</span> <span class='ocrx_word' id='word_1_79' title='bbox 1528 687 1685 737; x_wconf 86' lang='lat' dir='ltr'>pignus,</span> 
     </span>
     <span class='ocr_line' id='line_1_10' title="bbox 234 747 1687 806; baseline -0.007 -14"><span class='ocrx_word' id='word_1_80' title='bbox 234 767 349 806; x_wconf 91' lang='lat' dir='ltr'>quam</span> <span class='ocrx_word' id='word_1_81' title='bbox 368 754 431 791; x_wconf 90' lang='lat' dir='ltr'>ille</span> <span class='ocrx_word' id='word_1_82' title='bbox 445 752 619 804; x_wconf 89' lang='lat' dir='ltr'>judicum</span> <span class='ocrx_word' id='word_1_83' title='bbox 641 752 833 790; x_wconf 86' lang='lat' dir='ltr'>sententia</span> <span class='ocrx_word' id='word_1_84' title='bbox 851 751 1110 788; x_wconf 86' lang='lat' dir='ltr'>damnaretur.</span> <span class='ocrx_word' id='word_1_85' title='bbox 1168 750 1259 787; x_wconf 89' lang='lat' dir='ltr'>Non</span> <span class='ocrx_word' id='word_1_86' title='bbox 1284 756 1386 787; x_wconf 85' lang='lat' dir='ltr'>certe</span> <span class='ocrx_word' id='word_1_87' title='bbox 1405 748 1524 799; x_wconf 85' lang='lat' dir='ltr'>prius,</span> <span class='ocrx_word' id='word_1_88' title='bbox 1555 748 1585 784; x_wconf 90' lang='lat' dir='ltr'>si</span> <span class='ocrx_word' id='word_1_89' title='bbox 1604 747 1687 796; x_wconf 88' lang='lat' dir='ltr'>qui-</span> 
     </span>
     <span class='ocr_line' id='line_1_11' title="bbox 234 809 1688 861; baseline -0.006 -8"><span class='ocrx_word' id='word_1_90' title='bbox 234 816 323 853; x_wconf 89' lang='lat' dir='ltr'>dem</span> <span class='ocrx_word' id='word_1_91' title='bbox 352 822 394 852; x_wconf 90' lang='lat' dir='ltr'>tu</span> <span class='ocrx_word' id='word_1_92' title='bbox 426 827 529 852; x_wconf 89' lang='lat' dir='ltr'>nunc</span> <span class='ocrx_word' id='word_1_93' title='bbox 549 827 639 852; x_wconf 84' lang='lat' dir='ltr'>vera</span> <span class='ocrx_word' id='word_1_94' title='bbox 657 814 778 851; x_wconf 90' lang='lat' dir='ltr'>dicis:</span> <span class='ocrx_word' id='word_1_95' title='bbox 810 818 966 851; x_wconf 89' lang='lat' dir='ltr'>constat</span> <span class='ocrx_word' id='word_1_96' title='bbox 998 811 1114 857; x_wconf 89' lang='lat' dir='ltr'>enim,</span> <span class='ocrx_word' id='word_1_97' title='bbox 1142 817 1180 849; x_wconf 86' lang='lat' dir='ltr'>te</span> <span class='ocrx_word' id='word_1_98' title='bbox 1207 824 1292 849; x_wconf 91' lang='lat' dir='ltr'>cum</span> <span class='ocrx_word' id='word_1_99' title='bbox 1313 810 1458 861; x_wconf 86' lang='lat' dir='ltr'>injuriae</span> <span class='ocrx_word' id='word_1_100' title='bbox 1487 809 1594 846; x_wconf 89' lang='lat' dir='ltr'>illum</span> <span class='ocrx_word' id='word_1_101' title='bbox 1620 809 1688 846; x_wconf 90' lang='lat' dir='ltr'>da-</span> 
     </span>
     <span class='ocr_line' id='line_1_12' title="bbox 235 870 1688 923; baseline -0.004 -10"><span class='ocrx_word' id='word_1_102' title='bbox 235 888 404 923; x_wconf 90' lang='lat' dir='ltr'>mnares,</span> <span class='ocrx_word' id='word_1_103' title='bbox 425 889 471 914; x_wconf 90' lang='lat' dir='ltr'>ea</span> <span class='ocrx_word' id='word_1_104' title='bbox 488 875 637 914; x_wconf 89' lang='lat' dir='ltr'>fecisse.</span> <span class='ocrx_word' id='word_1_105' title='bbox 687 875 837 913; x_wconf 89' lang='lat' dir='ltr'>Deinde</span> <span class='ocrx_word' id='word_1_106' title='bbox 857 873 1063 912; x_wconf 87' lang='lat' dir='ltr'>ridiculum</span> <span class='ocrx_word' id='word_1_107' title='bbox 1079 874 1195 911; x_wconf 85' lang='lat' dir='ltr'>etiam</span> <span class='ocrx_word' id='word_1_108' title='bbox 1211 879 1270 911; x_wconf 89' lang='lat' dir='ltr'>est</span> <span class='ocrx_word' id='word_1_109' title='bbox 1289 872 1393 910; x_wconf 91' lang='lat' dir='ltr'>istud</span> <span class='ocrx_word' id='word_1_110' title='bbox 1413 870 1555 916; x_wconf 87' lang='lat' dir='ltr'>dicere,</span> <span class='ocrx_word' id='word_1_111' title='bbox 1576 871 1688 921; x_wconf 85' lang='lat' dir='ltr'>quasi</span> 
     </span>
     <span class='ocr_line' id='line_1_13' title="bbox 234 930 1688 986; baseline -0.006 -11"><span class='ocrx_word' id='word_1_112' title='bbox 234 949 324 975; x_wconf 83' lang='lat' dir='ltr'>vero</span> <span class='ocrx_word' id='word_1_113' title='bbox 339 949 408 974; x_wconf 88' lang='lat' dir='ltr'>vos</span> <span class='ocrx_word' id='word_1_114' title='bbox 425 936 624 986; x_wconf 80' lang='lat' dir='ltr'>ignoretis,</span> <span class='ocrx_word' id='word_1_115' title='bbox 643 948 777 974; x_wconf 89' lang='lat' dir='ltr'>omnes</span> <span class='ocrx_word' id='word_1_116' title='bbox 798 935 1015 973; x_wconf 89' lang='lat' dir='ltr'>istiusmodi</span> <span class='ocrx_word' id='word_1_117' title='bbox 1036 934 1259 986; x_wconf 87' lang='lat' dir='ltr'>injuriarum</span> <span class='ocrx_word' id='word_1_118' title='bbox 1281 933 1476 971; x_wconf 91' lang='lat' dir='ltr'>studiosos</span> <span class='ocrx_word' id='word_1_119' title='bbox 1499 930 1688 976; x_wconf 88' lang='lat' dir='ltr'>meditari,</span> 
     </span>
     <span class='ocr_line' id='line_1_14' title="bbox 233 991 1688 1046; baseline -0.004 -12"><span class='ocrx_word' id='word_1_120' title='bbox 233 996 327 1046; x_wconf 89' lang='lat' dir='ltr'>quid</span> <span class='ocrx_word' id='word_1_121' title='bbox 348 996 488 1034; x_wconf 91' lang='lat' dir='ltr'>dicturi</span> <span class='ocrx_word' id='word_1_122' title='bbox 513 1003 617 1043; x_wconf 91' lang='lat' dir='ltr'>sunt,</span> <span class='ocrx_word' id='word_1_123' title='bbox 638 997 830 1034; x_wconf 88' lang='lat' dir='ltr'>neminem</span> <span class='ocrx_word' id='word_1_124' title='bbox 849 1005 976 1034; x_wconf 88' lang='lat' dir='ltr'>autem</span> <span class='ocrx_word' id='word_1_125' title='bbox 999 1009 1170 1046; x_wconf 90' lang='lat' dir='ltr'>unquam</span> <span class='ocrx_word' id='word_1_126' title='bbox 1190 995 1417 1032; x_wconf 86' lang='lat' dir='ltr'>damnatum</span> <span class='ocrx_word' id='word_1_127' title='bbox 1441 1005 1524 1031; x_wconf 82' lang='lat' dir='ltr'>esse</span> <span class='ocrx_word' id='word_1_128' title='bbox 1544 992 1609 1042; x_wconf 89' lang='lat' dir='ltr'>qui</span> <span class='ocrx_word' id='word_1_129' title='bbox 1627 991 1688 1029; x_wconf 88' lang='lat' dir='ltr'>vel</span> 
     </span>
     <span class='ocr_line' id='line_1_15' title="bbox 234 1053 1690 1108; baseline -0.004 -12"><span class='ocrx_word' id='word_1_130' title='bbox 234 1064 392 1102; x_wconf 83' lang='lat' dir='ltr'>taceret,</span> <span class='ocrx_word' id='word_1_131' title='bbox 411 1058 474 1095; x_wconf 87' lang='lat' dir='ltr'>vel</span> <span class='ocrx_word' id='word_1_132' title='bbox 503 1071 545 1094; x_wconf 89' lang='lat' dir='ltr'>se</span> <span class='ocrx_word' id='word_1_133' title='bbox 566 1058 774 1108; x_wconf 88' lang='lat' dir='ltr'>deliquisse</span> <span class='ocrx_word' id='word_1_134' title='bbox 802 1058 1074 1095; x_wconf 85' lang='lat' dir='ltr'>confiteretur:</span> <span class='ocrx_word' id='word_1_135' title='bbox 1104 1056 1175 1094; x_wconf 91' lang='lat' dir='ltr'>sed</span> <span class='ocrx_word' id='word_1_136' title='bbox 1200 1055 1468 1106; x_wconf 85' lang='lat' dir='ltr'>unusquisque</span> <span class='ocrx_word' id='word_1_137' title='bbox 1497 1053 1690 1097; x_wconf 90' lang='lat' dir='ltr'>nimirum,</span> 
     </span>
     <span class='ocr_line' id='line_1_16' title="bbox 234 1113 1691 1166; baseline -0.003 -10"><span class='ocrx_word' id='word_1_138' title='bbox 234 1131 322 1156; x_wconf 91' lang='lat' dir='ltr'>cum</span> <span class='ocrx_word' id='word_1_139' title='bbox 350 1118 443 1156; x_wconf 88' lang='lat' dir='ltr'>nihil</span> <span class='ocrx_word' id='word_1_140' title='bbox 462 1118 540 1156; x_wconf 84' lang='lat' dir='ltr'>veri</span> <span class='ocrx_word' id='word_1_141' title='bbox 559 1117 687 1154; x_wconf 87' lang='lat' dir='ltr'>dicere</span> <span class='ocrx_word' id='word_1_142' title='bbox 708 1119 1025 1166; x_wconf 80' lang='lat' dir='ltr'>deprehenditur,</span> <span class='ocrx_word' id='word_1_143' title='bbox 1047 1125 1127 1152; x_wconf 87' lang='lat' dir='ltr'>turn</span> <span class='ocrx_word' id='word_1_144' title='bbox 1149 1115 1317 1164; x_wconf 89' lang='lat' dir='ltr'>denique</span> <span class='ocrx_word' id='word_1_145' title='bbox 1336 1113 1588 1163; x_wconf 82' lang='lat' dir='ltr'>cognoscitur</span> <span class='ocrx_word' id='word_1_146' title='bbox 1615 1125 1691 1163; x_wconf 93' lang='lat' dir='ltr'>quo</span> 
     </span>
     <span class='ocr_line' id='line_1_17' title="bbox 234 1176 1702 1231; baseline -0.005 -12"><span class='ocrx_word' id='word_1_147' title='bbox 234 1181 285 1219; x_wconf 84' lang='lat' dir='ltr'>sit</span> <span class='ocrx_word' id='word_1_148' title='bbox 304 1181 472 1231; x_wconf 86' lang='lat' dir='ltr'>ingenio.</span> <span class='ocrx_word' id='word_1_149' title='bbox 529 1180 575 1216; x_wconf 91' lang='lat' dir='ltr'>Id</span> <span class='ocrx_word' id='word_1_150' title='bbox 594 1179 699 1229; x_wconf 91' lang='lat' dir='ltr'>quod</span> <span class='ocrx_word' id='word_1_151' title='bbox 719 1177 781 1215; x_wconf 89' lang='lat' dir='ltr'>isti</span> <span class='ocrx_word' id='word_1_152' title='bbox 800 1176 976 1215; x_wconf 88' lang='lat' dir='ltr'>accidere</span> <span class='ocrx_word' id='word_1_153' title='bbox 1001 1184 1171 1227; x_wconf 89' lang='lat' dir='ltr'>apparet.</span> <span class='ocrx_word' id='word_1_154' title='bbox 1229 1177 1314 1226; x_wconf 87' lang='lat' dir='ltr'>Age</span> <span class='ocrx_word' id='word_1_155' title='bbox 1334 1188 1438 1221; x_wconf 90' lang='lat' dir='ltr'>vero,</span> <span class='ocrx_word' id='word_1_156' title='bbox 1453 1176 1517 1226; x_wconf 92' lang='lat' dir='ltr'>qui</span> <span class='ocrx_word' id='word_1_157' title='bbox 1535 1187 1702 1226; x_wconf 87' lang='lat' dir='ltr'>aequum·</span> 
     </span>
     <span class='ocr_line' id='line_1_18' title="bbox 235 1236 1691 1293; baseline -0.005 -13"><span class='ocrx_word' id='word_1_158' title='bbox 235 1248 307 1288; x_wconf 81' lang='lat' dir='ltr'>est,</span> <span class='ocrx_word' id='word_1_159' title='bbox 327 1242 359 1280; x_wconf 89' lang='lat' dir='ltr'>si</span> <span class='ocrx_word' id='word_1_160' title='bbox 379 1242 499 1293; x_wconf 85' lang='lat' dir='ltr'>pluris</span> <span class='ocrx_word' id='word_1_161' title='bbox 519 1247 580 1279; x_wconf 89' lang='lat' dir='ltr'>est</span> <span class='ocrx_word' id='word_1_162' title='bbox 598 1239 769 1285; x_wconf 88' lang='lat' dir='ltr'>minoris,</span> <span class='ocrx_word' id='word_1_163' title='bbox 796 1238 853 1276; x_wconf 84' lang='lat' dir='ltr'>sin</span> <span class='ocrx_word' id='word_1_164' title='bbox 875 1237 1031 1275; x_wconf 91' lang='lat' dir='ltr'>minoris</span> <span class='ocrx_word' id='word_1_165' title='bbox 1052 1246 1112 1275; x_wconf 85' lang='lat' dir='ltr'>est</span> <span class='ocrx_word' id='word_1_166' title='bbox 1126 1237 1259 1288; x_wconf 87' lang='lat' dir='ltr'>pluris,</span> <span class='ocrx_word' id='word_1_167' title='bbox 1288 1236 1494 1274; x_wconf 68' lang='lat' dir='ltr'>aestimari?</span> <span class='ocrx_word' id='word_1_168' title='bbox 1526 1243 1605 1282; x_wconf 90' lang='lat' dir='ltr'>aut,</span> <span class='ocrx_word' id='word_1_169' title='bbox 1625 1236 1691 1286; x_wconf 89' lang='lat' dir='ltr'>qui</span> 
     </span>
     <span class='ocr_line' id='line_1_19' title="bbox 234 1299 1692 1355; baseline -0.003 -14"><span class='ocrx_word' id='word_1_170' title='bbox 234 1316 387 1355; x_wconf 74' lang='lat' dir='ltr'>aequum</span> <span class='ocrx_word' id='word_1_171' title='bbox 407 1311 480 1350; x_wconf 89' lang='lat' dir='ltr'>est,</span> <span class='ocrx_word' id='word_1_172' title='bbox 507 1315 633 1341; x_wconf 90' lang='lat' dir='ltr'>sorore</span> <span class='ocrx_word' id='word_1_173' title='bbox 653 1309 721 1340; x_wconf 87' lang='lat' dir='ltr'>tua</span> <span class='ocrx_word' id='word_1_174' title='bbox 737 1314 786 1338; x_wconf 86' lang='lat' dir='ltr'>ne</span> <span class='ocrx_word' id='word_1_175' title='bbox 805 1299 921 1338; x_wconf 91' lang='lat' dir='ltr'>hodie</span> <span class='ocrx_word' id='word_1_176' title='bbox 948 1299 1103 1350; x_wconf 89' lang='lat' dir='ltr'>quidem</span> <span class='ocrx_word' id='word_1_177' title='bbox 1124 1300 1186 1337; x_wconf 85' lang='lat' dir='ltr'>alii</span> <span class='ocrx_word' id='word_1_178' title='bbox 1206 1307 1342 1350; x_wconf 86' lang='lat' dir='ltr'>nupta,</span> <span class='ocrx_word' id='word_1_179' title='bbox 1361 1312 1433 1337; x_wconf 92' lang='lat' dir='ltr'>nec</span> <span class='ocrx_word' id='word_1_180' title='bbox 1458 1299 1506 1337; x_wconf 90' lang='lat' dir='ltr'>ab</span> <span class='ocrx_word' id='word_1_181' title='bbox 1526 1299 1692 1348; x_wconf 92' lang='lat' dir='ltr'>Aphobo</span> 
     </span>
     <span class='ocr_line' id='line_1_20' title="bbox 234 1360 1691 1416; baseline -0.005 -13"><span class='ocrx_word' id='word_1_182' title='bbox 234 1366 400 1411; x_wconf 89' lang='lat' dir='ltr'>deserta,</span> <span class='ocrx_word' id='word_1_183' title='bbox 429 1378 555 1416; x_wconf 91' lang='lat' dir='ltr'>neque</span> <span class='ocrx_word' id='word_1_184' title='bbox 586 1364 677 1402; x_wconf 88' lang='lat' dir='ltr'>dote</span> <span class='ocrx_word' id='word_1_185' title='bbox 712 1376 781 1414; x_wconf 88' lang='lat' dir='ltr'>per</span> <span class='ocrx_word' id='word_1_186' title='bbox 817 1363 933 1400; x_wconf 89' lang='lat' dir='ltr'>istum</span> <span class='ocrx_word' id='word_1_187' title='bbox 966 1367 1182 1406; x_wconf 87' lang='lat' dir='ltr'>numerata,</span> <span class='ocrx_word' id='word_1_188' title='bbox 1202 1360 1266 1410; x_wconf 92' lang='lat' dir='ltr'>qui</span> <span class='ocrx_word' id='word_1_189' title='bbox 1294 1360 1332 1397; x_wconf 89' lang='lat' dir='ltr'>in</span> <span class='ocrx_word' id='word_1_190' title='bbox 1356 1360 1462 1397; x_wconf 88' lang='lat' dir='ltr'>hisce</span> <span class='ocrx_word' id='word_1_191' title='bbox 1484 1360 1598 1396; x_wconf 89' lang='lat' dir='ltr'>rebus</span> <span class='ocrx_word' id='word_1_192' title='bbox 1619 1371 1691 1396; x_wconf 88' lang='lat' dir='ltr'>nec</span> 
     </span>
     <span class='ocr_line' id='line_1_21' title="bbox 235 1420 1693 1478; baseline -0.005 -14"><span class='ocrx_word' id='word_1_193' title='bbox 235 1427 484 1478; x_wconf 63' lang='lat' dir='ltr'>quaestiones,</span> <span class='ocrx_word' id='word_1_194' title='bbox 505 1439 577 1464; x_wconf 87' lang='lat' dir='ltr'>nec</span> <span class='ocrx_word' id='word_1_195' title='bbox 598 1426 722 1462; x_wconf 90' lang='lat' dir='ltr'>ullum</span> <span class='ocrx_word' id='word_1_196' title='bbox 744 1424 923 1474; x_wconf 89' lang='lat' dir='ltr'>aliudjus</span> <span class='ocrx_word' id='word_1_197' title='bbox 939 1423 1093 1473; x_wconf 87' lang='lat' dir='ltr'>accipit,</span> <span class='ocrx_word' id='word_1_198' title='bbox 1114 1428 1157 1458; x_wconf 90' lang='lat' dir='ltr'>ut</span> <span class='ocrx_word' id='word_1_199' title='bbox 1177 1422 1342 1459; x_wconf 86' lang='lat' dir='ltr'>affirmes</span> <span class='ocrx_word' id='word_1_200' title='bbox 1357 1428 1394 1459; x_wconf 90' lang='lat' dir='ltr'>te</span> <span class='ocrx_word' id='word_1_201' title='bbox 1415 1420 1605 1458; x_wconf 89' lang='lat' dir='ltr'>indicibus</span> <span class='ocrx_word' id='word_1_202' title='bbox 1624 1433 1693 1471; x_wconf 86' lang='lat' dir='ltr'>ap-</span> 
     </span>
     <span class='ocr_line' id='line_1_22' title="bbox 236 1482 1694 1539; baseline -0.006 -12"><span class='ocrx_word' id='word_1_203' title='bbox 236 1489 371 1539; x_wconf 87' lang='lat' dir='ltr'>positis</span> <span class='ocrx_word' id='word_1_204' title='bbox 407 1487 643 1532; x_wconf 82' lang='lat' dir='ltr'>declarasse,</span> <span class='ocrx_word' id='word_1_205' title='bbox 673 1493 779 1523; x_wconf 89' lang='lat' dir='ltr'>tuum</span> <span class='ocrx_word' id='word_1_206' title='bbox 813 1497 897 1522; x_wconf 89' lang='lat' dir='ltr'>esse</span> <span class='ocrx_word' id='word_1_207' title='bbox 929 1482 1143 1534; x_wconf 71' lang='lat' dir='ltr'>praedium?</span> <span class='ocrx_word' id='word_1_208' title='bbox 1191 1482 1276 1533; x_wconf 85' lang='lat' dir='ltr'>Ego</span> <span class='ocrx_word' id='word_1_209' title='bbox 1305 1495 1395 1520; x_wconf 91' lang='lat' dir='ltr'>vero</span> <span class='ocrx_word' id='word_1_210' title='bbox 1427 1494 1581 1532; x_wconf 83' lang='lat' dir='ltr'>aequum</span> <span class='ocrx_word' id='word_1_211' title='bbox 1608 1493 1694 1519; x_wconf 90' lang='lat' dir='ltr'>esse</span> 
     </span>
     <span class='ocr_line' id='line_1_23' title="bbox 235 1542 1693 1597; baseline -0.006 -9"><span class='ocrx_word' id='word_1_212' title='bbox 235 1549 389 1588; x_wconf 91' lang='lat' dir='ltr'>minime</span> <span class='ocrx_word' id='word_1_213' title='bbox 404 1549 580 1588; x_wconf 82' lang='lat' dir='ltr'>arbitror.</span> <span class='ocrx_word' id='word_1_214' title='bbox 640 1548 721 1585; x_wconf 86' lang='lat' dir='ltr'>Res</span> <span class='ocrx_word' id='word_1_215' title='bbox 736 1546 836 1585; x_wconf 89' lang='lat' dir='ltr'>enim</span> <span class='ocrx_word' id='word_1_216' title='bbox 853 1547 937 1597; x_wconf 87' lang='lat' dir='ltr'>ipsa</span> <span class='ocrx_word' id='word_1_217' title='bbox 953 1553 992 1583; x_wconf 87' lang='lat' dir='ltr'>et</span> <span class='ocrx_word' id='word_1_218' title='bbox 1005 1545 1145 1583; x_wconf 88' lang='lat' dir='ltr'>veritas</span> <span class='ocrx_word' id='word_1_219' title='bbox 1167 1544 1394 1595; x_wconf 85' lang='lat' dir='ltr'>spectanda,</span> <span class='ocrx_word' id='word_1_220' title='bbox 1414 1556 1493 1581; x_wconf 90' lang='lat' dir='ltr'>non</span> <span class='ocrx_word' id='word_1_221' title='bbox 1513 1543 1560 1580; x_wconf 91' lang='lat' dir='ltr'>de</span> <span class='ocrx_word' id='word_1_222' title='bbox 1581 1542 1693 1580; x_wconf 88' lang='lat' dir='ltr'>indu-</span> 
     </span>
     <span class='ocr_line' id='line_1_24' title="bbox 236 1604 1638 1662; baseline -0.006 -12"><span class='ocrx_word' id='word_1_223' title='bbox 236 1612 329 1650; x_wconf 86' lang='lat' dir='ltr'>stria</span> <span class='ocrx_word' id='word_1_224' title='bbox 348 1611 512 1662; x_wconf 84' lang='lat' dir='ltr'>quaesita</span> <span class='ocrx_word' id='word_1_225' title='bbox 527 1610 670 1660; x_wconf 81' lang='lat' dir='ltr'>effugia</span> <span class='ocrx_word' id='word_1_226' title='bbox 689 1616 729 1648; x_wconf 91' lang='lat' dir='ltr'>et</span> <span class='ocrx_word' id='word_1_227' title='bbox 742 1607 1043 1647; x_wconf 85' lang='lat' dir='ltr'>commentitiaec</span> <span class='ocrx_word' id='word_1_228' title='bbox 1051 1621 1100 1645; x_wconf 89' lang='lat' dir='ltr'>au</span> <span class='ocrx_word' id='word_1_229' title='bbox 1112 1620 1180 1653; x_wconf 85' lang='lat' dir='ltr'>sae,</span> <span class='ocrx_word' id='word_1_230' title='bbox 1199 1606 1379 1657; x_wconf 90' lang='lat' dir='ltr'>qualibus</span> <span class='ocrx_word' id='word_1_231' title='bbox 1394 1618 1462 1644; x_wconf 91' lang='lat' dir='ltr'>vos</span> <span class='ocrx_word' id='word_1_232' title='bbox 1476 1604 1638 1643; x_wconf 88' lang='lat' dir='ltr'>utimini.</span> 
     </span>
    </p>

    <p class='ocr_par' dir='ltr' id='par_1_4' title="bbox 235 1667 1697 2210">
     <span class='ocr_line' id='line_1_25' title="bbox 290 1667 1693 1722; baseline -0.004 -13"><span class='ocrx_word' id='word_1_233' title='bbox 290 1675 327 1710; x_wconf 95' lang='lat'>7.</span> <span class='ocrx_word' id='word_1_234' title='bbox 359 1672 510 1710; x_wconf 89' lang='lat' dir='ltr'>Deinde</span> <span class='ocrx_word' id='word_1_235' title='bbox 538 1672 644 1722; x_wconf 87' lang='lat' dir='ltr'>quod</span> <span class='ocrx_word' id='word_1_236' title='bbox 677 1670 944 1722; x_wconf 84' lang='lat' dir='ltr'>gravissimum</span> <span class='ocrx_word' id='word_1_237' title='bbox 972 1676 1045 1715; x_wconf 90' lang='lat' dir='ltr'>est,</span> <span class='ocrx_word' id='word_1_238' title='bbox 1069 1669 1100 1706; x_wconf 89' lang='lat' dir='ltr'>si</span> <span class='ocrx_word' id='word_1_239' title='bbox 1127 1668 1293 1706; x_wconf 86' lang='lat' dir='ltr'>maxime</span> <span class='ocrx_word' id='word_1_240' title='bbox 1323 1667 1526 1705; x_wconf 89' lang='lat' dir='ltr'>dedissetis</span> <span class='ocrx_word' id='word_1_241' title='bbox 1547 1667 1693 1713; x_wconf 85' lang='lat' dir='ltr'>dotem,</span> 
     </span>
     <span class='ocr_line' id='line_1_26' title="bbox 235 1728 1693 1786; baseline -0.005 -14"><span class='ocrx_word' id='word_1_242' title='bbox 235 1747 350 1786; x_wconf 84' lang='lat' dir='ltr'>quam</span> <span class='ocrx_word' id='word_1_243' title='bbox 376 1747 452 1772; x_wconf 93' lang='lat' dir='ltr'>non</span> <span class='ocrx_word' id='word_1_244' title='bbox 483 1733 660 1779; x_wconf 88' lang='lat' dir='ltr'>dedistis,</span> <span class='ocrx_word' id='word_1_245' title='bbox 688 1733 771 1783; x_wconf 89' lang='lat' dir='ltr'>quis</span> <span class='ocrx_word' id='word_1_246' title='bbox 805 1745 937 1770; x_wconf 88' lang='lat' dir='ltr'>earum</span> <span class='ocrx_word' id='word_1_247' title='bbox 965 1743 1092 1769; x_wconf 89' lang='lat' dir='ltr'>rerum</span> <span class='ocrx_word' id='word_1_248' title='bbox 1128 1737 1263 1767; x_wconf 86' lang='lat' dir='ltr'>auctor</span> <span class='ocrx_word' id='word_1_249' title='bbox 1286 1728 1414 1767; x_wconf 74' lang='lat' dir='ltr'>esset?</span> <span class='ocrx_word' id='word_1_250' title='bbox 1444 1728 1585 1766; x_wconf 88' lang='lat' dir='ltr'>Nonne</span> <span class='ocrx_word' id='word_1_251' title='bbox 1609 1740 1693 1774; x_wconf 91' lang='lat' dir='ltr'>vos,</span> 
     </span>
     <span class='ocr_line' id='line_1_27' title="bbox 236 1788 1694 1847; baseline -0.005 -14"><span class='ocrx_word' id='word_1_252' title='bbox 236 1796 417 1847; x_wconf 89' lang='lat' dir='ltr'>quoniam</span> <span class='ocrx_word' id='word_1_253' title='bbox 437 1808 522 1833; x_wconf 88' lang='lat' dir='ltr'>mea</span> <span class='ocrx_word' id='word_1_254' title='bbox 542 1794 776 1832; x_wconf 68' lang='lat' dir='ltr'>dedissetis?</span> <span class='ocrx_word' id='word_1_255' title='bbox 806 1794 946 1832; x_wconf 90' lang='lat' dir='ltr'>Nonne</span> <span class='ocrx_word' id='word_1_256' title='bbox 972 1799 1076 1830; x_wconf 88' lang='lat' dir='ltr'>totos</span> <span class='ocrx_word' id='word_1_257' title='bbox 1102 1791 1234 1830; x_wconf 89' lang='lat' dir='ltr'>decem</span> <span class='ocrx_word' id='word_1_258' title='bbox 1265 1803 1387 1828; x_wconf 88' lang='lat' dir='ltr'>annos</span> <span class='ocrx_word' id='word_1_259' title='bbox 1407 1796 1497 1828; x_wconf 86' lang='lat' dir='ltr'>ante</span> <span class='ocrx_word' id='word_1_260' title='bbox 1524 1801 1612 1828; x_wconf 86' lang='lat' dir='ltr'>mea</span> <span class='ocrx_word' id='word_1_261' title='bbox 1630 1788 1694 1826; x_wconf 91' lang='lat' dir='ltr'>ille</span> 
     </span>
     <span class='ocr_line' id='line_1_28' title="bbox 237 1852 1695 1907; baseline -0.005 -12"><span class='ocrx_word' id='word_1_262' title='bbox 237 1863 453 1907; x_wconf 86' lang='lat' dir='ltr'>acceperat,</span> <span class='ocrx_word' id='word_1_263' title='bbox 489 1862 650 1907; x_wconf 88' lang='lat' dir='ltr'>propter</span> <span class='ocrx_word' id='word_1_264' title='bbox 686 1868 775 1906; x_wconf 86' lang='lat' dir='ltr'>quae</span> <span class='ocrx_word' id='word_1_265' title='bbox 807 1855 1013 1893; x_wconf 89' lang='lat' dir='ltr'>damnatus</span> <span class='ocrx_word' id='word_1_266' title='bbox 1046 1853 1131 1899; x_wconf 84' lang='lat' dir='ltr'>fuit,</span> <span class='ocrx_word' id='word_1_267' title='bbox 1163 1865 1278 1903; x_wconf 88' lang='lat' dir='ltr'>quam</span> <span class='ocrx_word' id='word_1_268' title='bbox 1310 1852 1535 1889; x_wconf 89' lang='lat' dir='ltr'>affinitatem</span> <span class='ocrx_word' id='word_1_269' title='bbox 1567 1858 1695 1888; x_wconf 88' lang='lat' dir='ltr'>tecum</span> 
     </span>
     <span class='ocr_line' id='line_1_29' title="bbox 239 1911 1694 1965; baseline -0.005 -9"><span class='ocrx_word' id='word_1_270' title='bbox 239 1917 513 1956; x_wconf 74' lang='lat' dir='ltr'>contraheret?</span> <span class='ocrx_word' id='word_1_271' title='bbox 546 1918 605 1954; x_wconf 76' lang='lat' dir='ltr'>An</span> <span class='ocrx_word' id='word_1_272' title='bbox 630 1923 669 1954; x_wconf 91' lang='lat' dir='ltr'>te</span> <span class='ocrx_word' id='word_1_273' title='bbox 695 1916 824 1952; x_wconf 91' lang='lat' dir='ltr'>omnia</span> <span class='ocrx_word' id='word_1_274' title='bbox 848 1927 1077 1965; x_wconf 85' lang='lat' dir='ltr'>recuperare</span> <span class='ocrx_word' id='word_1_275' title='bbox 1099 1914 1277 1957; x_wconf 89' lang='lat' dir='ltr'>decebat,</span> <span class='ocrx_word' id='word_1_276' title='bbox 1298 1925 1358 1949; x_wconf 91' lang='lat' dir='ltr'>me</span> <span class='ocrx_word' id='word_1_277' title='bbox 1389 1912 1453 1962; x_wconf 92' lang='lat' dir='ltr'>qui</span> <span class='ocrx_word' id='word_1_278' title='bbox 1482 1919 1521 1949; x_wconf 84' lang='lat' dir='ltr'>et</span> <span class='ocrx_word' id='word_1_279' title='bbox 1544 1911 1694 1962; x_wconf 91' lang='lat' dir='ltr'>judicio</span> 
     </span>
     <span class='ocr_line' id='line_1_30' title="bbox 238 1973 1696 2028; baseline -0.005 -12"><span class='ocrx_word' id='word_1_280' title='bbox 238 1978 404 2016; x_wconf 84' lang='lat' dir='ltr'>viceram</span> <span class='ocrx_word' id='word_1_281' title='bbox 424 1985 464 2015; x_wconf 92' lang='lat' dir='ltr'>et</span> <span class='ocrx_word' id='word_1_282' title='bbox 481 1977 651 2028; x_wconf 87' lang='lat' dir='ltr'>pupillus</span> <span class='ocrx_word' id='word_1_283' title='bbox 671 1975 954 2014; x_wconf 87' lang='lat' dir='ltr'>circumventus</span> <span class='ocrx_word' id='word_1_284' title='bbox 970 1987 1072 2012; x_wconf 86' lang='lat' dir='ltr'>eram</span> <span class='ocrx_word' id='word_1_285' title='bbox 1089 1981 1128 2011; x_wconf 90' lang='lat' dir='ltr'>et</span> <span class='ocrx_word' id='word_1_286' title='bbox 1141 1986 1233 2011; x_wconf 90' lang='lat' dir='ltr'>vera</span> <span class='ocrx_word' id='word_1_287' title='bbox 1251 1974 1345 2010; x_wconf 91' lang='lat' dir='ltr'>dote</span> <span class='ocrx_word' id='word_1_288' title='bbox 1365 1973 1564 2023; x_wconf 88' lang='lat' dir='ltr'>spoliatus,</span> <span class='ocrx_word' id='word_1_289' title='bbox 1581 1985 1696 2023; x_wconf 88' lang='lat' dir='ltr'>quem</span> 
     </span>
     <span class='ocr_line' id='line_1_31' title="bbox 241 2033 1697 2087; baseline -0.004 -10"><span class='ocrx_word' id='word_1_290' title='bbox 241 2038 367 2077; x_wconf 88' lang='lat' dir='ltr'>solum</span> <span class='ocrx_word' id='word_1_291' title='bbox 397 2037 565 2076; x_wconf 90' lang='lat' dir='ltr'>omnium</span> <span class='ocrx_word' id='word_1_292' title='bbox 587 2037 669 2075; x_wconf 90' lang='lat' dir='ltr'>sine</span> <span class='ocrx_word' id='word_1_293' title='bbox 697 2036 853 2074; x_wconf 84' lang='lat' dir='ltr'>mulctae</span> <span class='ocrx_word' id='word_1_294' title='bbox 885 2035 1058 2087; x_wconf 85' lang='lat' dir='ltr'>periculo</span> <span class='ocrx_word' id='word_1_295' title='bbox 1082 2047 1269 2073; x_wconf 83' lang='lat' dir='ltr'>accusare</span> <span class='ocrx_word' id='word_1_296' title='bbox 1301 2034 1497 2080; x_wconf 88' lang='lat' dir='ltr'>decuerat,</span> <span class='ocrx_word' id='word_1_297' title='bbox 1525 2033 1574 2072; x_wconf 88' lang='lat' dir='ltr'>ad</span> <span class='ocrx_word' id='word_1_298' title='bbox 1605 2033 1697 2071; x_wconf 87' lang='lat' dir='ltr'>talia</span> 
     </span>
     <span class='ocr_line' id='line_1_32' title="bbox 240 2095 1695 2152; baseline -0.005 -13"><span class='ocrx_word' id='word_1_299' title='bbox 240 2099 492 2152; x_wconf 86' lang='lat' dir='ltr'>perpetienda</span> <span class='ocrx_word' id='word_1_300' title='bbox 510 2099 612 2149; x_wconf 88' lang='lat' dir='ltr'>cogi,</span> <span class='ocrx_word' id='word_1_301' title='bbox 643 2110 692 2136; x_wconf 91' lang='lat' dir='ltr'>ne</span> <span class='ocrx_word' id='word_1_302' title='bbox 720 2097 897 2136; x_wconf 89' lang='lat' dir='ltr'>teruncio</span> <span class='ocrx_word' id='word_1_303' title='bbox 927 2097 1083 2148; x_wconf 91' lang='lat' dir='ltr'>quidem</span> <span class='ocrx_word' id='word_1_304' title='bbox 1113 2103 1288 2146; x_wconf 88' lang='lat' dir='ltr'>accepto,</span> <span class='ocrx_word' id='word_1_305' title='bbox 1308 2095 1374 2145; x_wconf 87' lang='lat' dir='ltr'>qui</span> <span class='ocrx_word' id='word_1_306' title='bbox 1393 2103 1550 2146; x_wconf 83' lang='lat' dir='ltr'>paratus</span> <span class='ocrx_word' id='word_1_307' title='bbox 1569 2107 1695 2134; x_wconf 89' lang='lat' dir='ltr'>essem</span> 
     </span>
     <span class='ocr_line' id='line_1_33' title="bbox 241 2156 1512 2210; baseline -0.006 -10"><span class='ocrx_word' id='word_1_308' title='bbox 241 2162 372 2201; x_wconf 86' lang='lat' dir='ltr'>omnia</span> <span class='ocrx_word' id='word_1_309' title='bbox 390 2161 532 2208; x_wconf 83' lang='lat' dir='ltr'>facere,</span> <span class='ocrx_word' id='word_1_310' title='bbox 552 2160 583 2199; x_wconf 91' lang='lat' dir='ltr'>si</span> <span class='ocrx_word' id='word_1_311' title='bbox 602 2173 672 2199; x_wconf 88' lang='lat' dir='ltr'>vos</span> <span class='ocrx_word' id='word_1_312' title='bbox 693 2159 821 2199; x_wconf 88' lang='lat' dir='ltr'>officio</span> <span class='ocrx_word' id='word_1_313' title='bbox 841 2157 950 2210; x_wconf 86' lang='lat' dir='ltr'>fungi</span> <span class='ocrx_word' id='word_1_314' title='bbox 971 2171 1019 2197; x_wconf 84' lang='lat' dir='ltr'>ex</span> <span class='ocrx_word' id='word_1_315' title='bbox 1038 2157 1119 2196; x_wconf 88' lang='lat' dir='ltr'>ulla</span> <span class='ocrx_word' id='word_1_316' title='bbox 1136 2163 1245 2209; x_wconf 86' lang='lat' dir='ltr'>parte</span> <span class='ocrx_word' id='word_1_317' title='bbox 1264 2156 1512 2196; x_wconf 82' lang='lat' dir='ltr'>voluissetis?</span> 
     </span>
    </p>
   </div>
   <div class='ocr_carea' id='block_1_3' title="bbox 710 2280 1241 2309">
    <p class='ocr_par' dir='ltr' id='par_1_5' title="bbox 710 2280 1241 2309">
     <span class='ocr_line' id='line_1_34' title="bbox 710 2280 1241 2309; baseline -0.008 0"><span class='ocrx_word' id='word_1_318' title='bbox 710 2281 1027 2309; x_wconf 73' lang='lat' dir='ltr'>DEMOSTHENIS</span> <span class='ocrx_word' id='word_1_319' title='bbox 1059 2280 1241 2307; x_wconf 75' lang='lat' dir='ltr'>OPERUM</span> 
     </span>
    </p>
   </div>
   <div class='ocr_carea' id='block_1_4' title="bbox 643 2374 1291 2404">
    <p class='ocr_par' dir='ltr' id='par_1_6' title="bbox 643 2374 1291 2404">
     <span class='ocr_line' id='line_1_35' title="bbox 643 2374 1291 2404; baseline -0.006 -1"><span class='ocrx_word' id='word_1_320' title='bbox 643 2377 824 2404; x_wconf 72' lang='lat' dir='ltr'>LATINAE</span> <span class='ocrx_word' id='word_1_321' title='bbox 854 2374 1291 2404; x_wconf 73' lang='lat' dir='ltr'>INTERPRETATIONIS</span> 
     </span>
    </p>
   </div>
   <div class='ocr_carea' id='block_1_5' title="bbox 828 2479 1102 2506">
    <p class='ocr_par' dir='ltr' id='par_1_7' title="bbox 828 2479 1102 2506">
     <span class='ocr_line' id='line_1_36' title="bbox 828 2479 1102 2506; baseline -0.011 -1"><span class='ocrx_word' id='word_1_322' title='bbox 828 2481 935 2506; x_wconf 81' lang='lat' dir='ltr'><strong>TOMl</strong></span> <span class='ocrx_word' id='word_1_323' title='bbox 970 2479 1102 2504; x_wconf 74' lang='lat' dir='ltr'>PR1M¹</span> 
     </span>
    </p>
   </div>
   <div class='ocr_carea' id='block_1_6' title="bbox 887 2584 1042 2621">
    <p class='ocr_par' dir='ltr' id='par_1_8' title="bbox 887 2584 1042 2621">
     <span class='ocr_line' id='line_1_37' title="bbox 887 2584 1042 2621; baseline -0.006 0"><span class='ocrx_word' id='word_1_324' title='bbox 887 2584 1042 2621; x_wconf 82' lang='lat' dir='ltr'>FINIS.</span> 
     </span>
    </p>
   </div>
  </div>
 </body>
</html>
