1923 3149
516 189 741 227 CONTRA
784 186 1229 226 ARISTOCRATEM,
1527 187 1596 226 401

153 288 238 339 lege
266 290 356 327 mihi
385 289 486 328 hanc
505 292 624 328 solam
645 291 860 343 epistolam,
886 290 1039 340 reliquis
1066 290 1231 328 omissis.
1279 289 1365 326 Jam
1396 289 1494 326 enim
1521 300 1605 338 per·

152 351 298 402 spicitis
319 351 506 397 nimirum,
526 352 719 402 quomodo
739 352 846 390 vobis
867 351 998 388 fucum
1018 350 1161 388 fecerit.
1212 350 1362 387 Recita.

737 476 1012 517 EPISTOLA.

155 579 268 618 Satis.
300 582 494 632 Cogitate,
511 595 598 620 cum
619 582 838 632 scripsisset
855 594 895 619 se
915 582 1023 620 vobis
1047 581 1332 619 Chersonesum
1355 580 1606 622 redditurum,

153 641 279 681 locata
306 644 443 681 vestris
473 643 633 681 inimicis
665 656 793 693 opera,
824 644 968 694 eripere
998 650 1126 682 cetera
1159 650 1339 681 conatum
1377 654 1485 679 csse:
1516 641 1606 677 item

152 703 369 741 Alexandri
389 704 537 754 legatos
559 717 582 741 a
600 717 640 741 se
659 701 895 754 repudiatos,
916 718 1002 742 cum
1024 718 1109 742 eum
1129 711 1283 742 constet
1301 716 1386 740 cum
1407 702 1490 753 ejus
1509 714 1607 752 prae·

152 763 316 802 donibus
344 765 599 816 conspirasse,
621 771 734 815 atque
755 764 891 804 eadem
915 766 1129 804 factitasse.
1175 766 1281 803 Bene
1303 764 1385 801 vult
1404 763 1510 800 vobis
1536 761 1607 800 sci-

151 823 255 869 licet,
284 837 373 863 cum
393 825 532 875 quibus
557 826 610 863 ita
638 825 862 876 simpliciter
885 828 975 877 egit,
1006 839 1077 864 nec
1103 826 1222 863 ullum
1255 823 1498 862 mendacium
1517 823 1609 860 scri-

152 885 242 935 psit,
259 899 382 936 neque
401 887 509 924 vobis
525 886 659 925 sucum
680 887 784 925 fecit,

206 948 270 984 40.
301 947 485 985 Nondum
515 955 641 986 autem
662 949 753 986 hinc
773 956 941 994 constat,
968 961 1187 999 quanquam
1215 948 1268 985 ita
1287 946 1413 997 palam
1444 950 1609 989 constat,

152 1008 246 1045 nihil
258 1022 340 1047 esse
356 1010 430 1047 fide
451 1010 625 1060 dignum,
642 1010 823 1061 quicquid
843 1023 884 1048 se
900 1010 1028 1048 studio
1043 1009 1264 1060 reipublicae
1281 1014 1421 1045 nostrae
1437 1006 1611 1043 factitare

154 1068 249 1107 dicit
281 1076 320 1108 et
349 1070 516 1117 simulat,
545 1072 618 1109 sed
648 1085 695 1109 ex
722 1072 904 1109 insecutis
929 1071 1041 1109 factis
1072 1071 1112 1108 id
1138 1071 1208 1108 erit
1233 1068 1460 1107 evidentius.
1508 1066 1610 1103 Nam

155 1130 310 1182 Cotym,
329 1132 433 1169 bono
453 1133 627 1179 consilio,
646 1132 766 1170 hostis
787 1133 887 1171 enim
905 1139 1034 1170 vester
1053 1139 1092 1171 et
1113 1132 1326 1170 sceleratus
1348 1130 1461 1167 homo
1476 1127 1613 1173 fuerat,

155 1190 282 1242 Pytho
302 1193 454 1239 occidit,
478 1193 749 1244 Cersobleptes
769 1201 895 1232 autem
915 1196 978 1245 qui
1001 1208 1102 1232 nunc
1123 1201 1274 1244 regnat,
1299 1190 1611 1230 adolescentulus

152 1259 248 1298 erat,
263 1259 302 1290 et
317 1265 450 1291 omnes
470 1253 617 1304 Cotyos
634 1254 758 1299 liberi,
775 1268 925 1292 summa
942 1269 1068 1293 rerum
1086 1262 1227 1301 autem,
1242 1261 1322 1291 tum
1337 1253 1426 1303 quia
1440 1264 1611 1303 praesens

152 1319 248 1359 erat,
269 1319 349 1350 tum
369 1315 457 1364 quia
477 1327 607 1351 secum
627 1315 795 1352 habebat
813 1316 1033 1363 exercitum,
1056 1329 1176 1366 penes
1206 1315 1479 1353 Charidemum
1508 1318 1610 1349 erat:

153 1375 258 1412 venit
276 1375 562 1426 Cephisodotus
582 1376 799 1426 imperator,
827 1376 877 1414 ad
895 1390 1010 1428 quem
1026 1377 1090 1414 ille
1106 1377 1262 1414 miserat
1276 1374 1478 1426 epistolam
1494 1373 1611 1419 illam,

153 1441 193 1473 et
218 1436 407 1483 triremes,
435 1450 523 1474 cum
542 1436 620 1474 vita
647 1437 729 1488 ejus
750 1438 788 1474 in
807 1438 924 1476 dubio
947 1445 1064 1485 esset,
1086 1438 1282 1476 Artabazo
1302 1435 1428 1473 adhuc
1455 1434 1611 1480 infesto,

154 1510 242 1534 eum
270 1497 500 1535 liberaturae.
556 1498 662 1539 Quid
694 1498 823 1547 igitur,
861 1499 1133 1545 Athenienses,
1161 1512 1208 1536 ex
1239 1497 1365 1535 officio
1394 1495 1613 1533 faciendum

154 1558 290 1596 fuisset
315 1557 459 1596 homini
487 1558 633 1596 fraudis
660 1559 806 1608 experti
835 1566 950 1610 atque
978 1562 1114 1606 amico,
1147 1561 1378 1611 imperatore
1410 1563 1612 1607 praesente,

155 1631 232 1656 non
251 1632 297 1657 eo
313 1632 428 1669 quem
448 1619 618 1657 invidere
635 1619 705 1666 sibi
721 1619 882 1657 dixisset
896 1620 1118 1670 quicquam,
1134 1620 1202 1658 sed
1218 1620 1284 1657 illo
1300 1619 1410 1669 cujus
1425 1618 1462 1655 in
1483 1624 1613 1655 vestra

155 1679 250 1716 urbe
281 1679 486 1718 amicitiam
523 1680 746 1731 praetulerat
776 1681 967 1726 omnibus,
998 1687 1037 1718 et
1064 1680 1113 1717 ad
1144 1693 1258 1730 quem
1289 1679 1417 1716 literas
1444 1678 1613 1723 miserat,

159 1740 283 1791 Cotye
304 1741 501 1787 defuncto,
533 1742 637 1778 omni
669 1742 896 1779 auctoritate
924 1741 963 1777 in
988 1755 1028 1778 se
1061 1740 1233 1778 collata?
1264 1740 1352 1777 Non
1378 1740 1506 1777 statim
1527 1739 1614 1777 red-

156 1801 287 1840 denda
313 1802 419 1839 vobis
439 1801 572 1854 regio?
602 1801 693 1839 Non
712 1808 841 1839 vestro
861 1802 1054 1840 communi
1073 1801 1232 1839 consilio
1260 1812 1328 1838 rex
1351 1800 1527 1837 Thraciae
1545 1799 1614 1836 de-

157 1862 399 1913 signandus?
430 1863 519 1900 Non
537 1870 647 1901 tanta
671 1862 875 1900 occasione
895 1862 1026 1900 oblata
1047 1874 1117 1899 sua
1135 1861 1174 1898 in
1192 1874 1261 1899 vos
1280 1860 1480 1911 probanda
1496 1861 1613 1897 bene-

156 1923 351 1963 volentia?
381 1923 565 1972 Omnino,
595 1925 626 1961 si
645 1923 738 1975 quid
758 1937 831 1974 ego
850 1924 965 1961 modo
988 1923 1112 1960 video.
1162 1922 1266 1960 Num
1285 1933 1375 1959 vero
1400 1921 1478 1958 tale
1506 1920 1614 1971 quic·-

153 2000 268 2038 quam
296 1986 417 2025 fecit?
446 1987 660 2026 Plurimum
679 1995 781 2026 certe
811 1989 934 2026 abest.
982 1987 1062 2025 Sed
1094 1993 1176 2025 toto
1202 1986 1350 2036 reliquo
1380 1984 1613 2035 septimestri

155 2056 328 2100 tempore
346 2046 455 2087 vobis
477 2050 517 2086 in
542 2062 652 2087 mora
678 2049 751 2087 fuit
779 2050 949 2100 gerendo
968 2049 1085 2095 bello,
1116 2062 1188 2086 nec
1214 2046 1468 2085 dissimulatis
1491 2046 1615 2083 inimi-

157 2109 270 2156 citiis,
290 2121 363 2147 nec
385 2109 508 2147 ullum
530 2110 742 2147 humanum
772 2111 932 2148 verbum
959 2109 1196 2161 prolocutus.
1255 2108 1356 2144 Nam
1386 2106 1493 2144 initio
1525 2119 1613 2143 cum

158 2184 230 2209 nos
258 2170 393 2208 decem
424 2170 549 2209 solum
576 2171 738 2209 navibus
772 2170 822 2208 ad
854 2170 1080 2208 Perinthum
1110 2169 1405 2221 appulissemus,
1432 2167 1614 2218 quoniam

157 2233 239 2283 ipse
258 2245 379 2284 prope
393 2232 534 2271 adesse
552 2233 758 2278 ferebatur,
778 2239 823 2270 ut
837 2245 908 2271 nos
924 2246 1011 2270 cum
1028 2245 1074 2270 eo
1094 2232 1428 2282 conjungeremus,
1445 2229 1549 2267 hisce
1565 2229 1613 2266 de

157 2295 271 2332 rebus
285 2306 374 2331 cum
389 2307 436 2332 eo
449 2294 693 2341 collocuturi,
710 2307 799 2333 cum
815 2294 1060 2332 observasset
1075 2300 1225 2331 nostros
1238 2292 1375 2329 milites
1391 2290 1614 2342 apparando

156 2354 319 2405 prandio
337 2354 519 2403 intentos,
539 2362 702 2394 conatus
722 2362 783 2394 est
802 2368 920 2394 naves
940 2362 1092 2393 nostras
1112 2353 1364 2404 intercipere3
1395 2352 1613 2403 multosque

159 2429 209 2454 ex
228 2417 282 2455 eis
303 2417 457 2463 occidit,
473 2424 513 2456 et
530 2417 621 2468 quia
637 2418 785 2470 equites
804 2416 1011 2455 nonnullos
1027 2424 1066 2454 et
1085 2416 1216 2454 velites
1238 2414 1420 2461 habebat,
1439 2413 1489 2452 ad
1508 2419 1614 2451 mare*

161 2478 348 2528 compulit
371 2478 582 2516 universos.

215 2539 280 2575 41.
317 2538 468 2576 Deinde
483 2540 593 2577 nobis
606 2538 754 2577 nullum
769 2538 943 2577 Thraciae
955 2538 1084 2576 locum
1105 2544 1173 2576 aut
1183 2537 1366 2589 oppidum
1378 2536 1613 2587 petentibus,

161 2611 287 2637 —nec
307 2599 408 2636 enim
428 2598 499 2638 hoc
524 2600 675 2638 medius
694 2599 809 2637 fidius
838 2600 976 2638 dixerit
995 2600 1213 2650 quisquam,
1231 2599 1309 2637 vim
1327 2598 1427 2637 enim
1446 2597 1482 2634 vi
1501 2609 1613 2647 repu-

160 2660 284 2706 lisset,
299 2666 337 2697 et
354 2659 532 2705 laesisset,
551 2673 600 2698 ne
619 2661 889 2707 laederetur-,
911 2673 988 2698 non
1008 2661 1062 2699 ita
1079 2666 1152 2707 est,
1171 2673 1243 2698 nec
1270 2659 1370 2697 enim
1390 2670 1554 2708 usquam
1575 2657 1614 2694 in

160 2720 362 2759 Thraciam
381 2721 569 2767 venimus,
584 2721 653 2760 sed
677 2722 715 2758 in
734 2721 1071 2772 Alopeconnesum
1092 2722 1371 2772 cogitabamuS‚
1392 2732 1479 2770 quae
1504 2725 1543 2756 et
1563 2717 1612 2755 ad

162 2781 448 2820 Chersonesum
472 2781 650 2832 pertinet,
669 2787 709 2819 et
732 2789 868 2821 nostra
886 2783 970 2830 fuit,
997 2789 1036 2820 et
1062 2781 1361 2834 promontorium
1379 2792 1514 2817 versus
1537 2779 1614 2816 Im—

160 2843 273 2881 brum
293 2842 478 2889 eminens,
503 2841 726 2892 longissime
745 2856 768 2880 a
786 2842 951 2882 Thracia
975 2849 1177 2888 remotum,
1203 2855 1287 2893 quae
1306 2840 1554 2892 praedonibus
1574 2846 1613 2877 et

162 2903 295 2953 piratis
314 2903 454 2942 referta
473 2910 567 2941 erat.
604 2903 694 2940 Huc
713 2903 828 2953 igitur
847 2916 935 2941 cum
955 2904 1202 2948 venissemus,
1219 2910 1256 2939 et
1274 2901 1442 2939 latrones
1462 2899 1611 2938 obside-

874 2966 896 3000 3
931 2977 952 3000 r·
