1923 3149
566 186 795 224 CONTRA
831 184 1212 224 TIMOCRATEM.
1531 184 1606 219 441

164 289 340 327 ultimum
360 290 481 340 puniri
503 290 630 328 debet.
670 289 740 327 Isti
767 302 856 327 vero
878 295 1025 330 contra,
1045 299 1182 337 poenas
1210 285 1431 335 corporibus
1459 284 1611 330 civium,

163 351 274 401 qnasi
295 351 484 401 mancipia
512 358 654 395 essent,
687 351 918 393 inflixerunt,
952 361 998 385 ac
1017 355 1094 384 tam
1121 347 1260 396 inique,
1285 354 1361 383 tam
1384 347 1614 396 impotenter

163 413 360 450 vobiscum
376 413 455 463 egit
471 412 673 457 Androtio,
691 419 732 450 ut
746 419 890 462 patrem
912 422 1022 447 suum
1044 408 1127 445 oeris
1143 408 1254 444 alieni
1276 421 1393 444 causa
1408 408 1443 444 in
1459 420 1613 445 carcere

165 474 316 523 publice
338 474 519 517 vinctum,
552 480 725 523 oportere
754 471 957 514 censuerit,
979 482 1024 506 eo
1060 481 1130 505 nec
1159 467 1360 511 dissoluto,
1380 468 1613 518 neejudicio

164 534 380 578 liberatum,
397 534 603 584 aufugere:
625 533 851 582 reliquorum
869 531 1020 573 civium,
1039 529 1070 566 si
1087 529 1170 579 quis
1188 541 1259 566 sua
1273 527 1402 565 debita
1416 541 1614 566 numerare

166 608 243 632 non
264 602 405 645 posset,
426 608 514 631 eum
545 608 591 631 ex
612 594 762 631 aedibus
791 592 867 630 suis
888 592 925 628 in
953 603 1144 628 carcerem
1165 604 1187 626 a
1219 602 1259 626 se
1281 589 1438 626 ductum
1467 590 1614 626 vinciri.

166 655 216 693 Et
235 657 474 693 Timocrates
489 668 511 692 a
526 655 677 692 nemine
698 666 853 704 prorsus
871 652 989 690 nostri
1010 651 1152 689 ordinis
1171 649 1320 700 plebeio
1339 649 1506 694 homine,
1527 663 1616 687 cum

166 716 325 766 duplum
340 723 594 765 extorqueret,
609 714 725 752 vades
747 714 921 764 accipere
935 713 1069 757 voluit,
1090 725 1166 749 non
1183 711 1298 748 modo
1313 723 1390 748 non
1406 711 1455 747 ad
1471 723 1616 748 nonum

166 784 321 814 senatus
332 782 580 821 conventum,
590 775 714 813 sedne
728 775 776 812 ad
787 788 903 811 unum
917 774 1071 824 quidem
1083 773 1198 817 diem,
1209 772 1279 809 sed
1290 770 1486 822 autdupla
1497 784 1616 822 pecu-

167 837 231 873 nia
246 837 533 875 annumeranda
548 844 641 882 erat,
660 843 727 874 aut
742 835 876 873 vinciri
897 835 1026 872 statim
1047 833 1264 884 oportebat,
1285 839 1400 883 atque
1417 833 1618 870 undecim-

166 897 255 935 viris
277 897 345 935 iste
359 897 505 947 judicio
525 910 601 934 non
620 897 837 935 convictum
859 909 904 933 eo
925 902 1096 945 tempore
1113 894 1313 931 tradebat:
1337 905 1438 930 nunc
1456 906 1559 938 vero,
1576 900 1619 931 ut

169 971 267 1008 quos
283 958 569 1003 damnaveritis,
589 958 626 994 hi
647 957 752 995 liberi
773 956 1033 1000 obambulent‚
1055 955 1180 1006 legem
1206 954 1303 991 ferre
1321 966 1397 991 non
1418 953 1621 998 dubitavit,

167 1032 328 1068 eamque
344 1031 432 1055 cum
455 1031 524 1055 suo
544 1018 725 1068 periculo.
759 1017 837 1055 Sed
852 1026 977 1054 tamen
993 1024 1031 1053 et
1049 1016 1134 1053 baec
1150 1023 1188 1053 et
1207 1014 1272 1051 illa
1289 1027 1328 1051 se
1343 1015 1460 1052 vestri
1479 1015 1620 1053 fecisse

169 1080 299 1118 studio
329 1080 575 1117 dictitabunt.
624 1079 705 1116 Vos
731 1079 848 1129 igitur
871 1077 1094 1116 concedetis
1120 1077 1159 1114 in
1186 1082 1355 1113 vestram
1383 1075 1545 1125 gratiam
1574 1089 1621 1114 ea

169 1153 254 1178 esse
271 1141 385 1184 facta,
408 1148 447 1178 et
460 1140 625 1177 audacia
645 1146 758 1190 atque
778 1140 949 1189 improba
969 1139 1126 1176 istorum
1147 1137 1320 1175 facinora
1342 1137 1461 1186 aequis
1482 1138 1619 1175 animis

168 1200 323 1239 seretis?
354 1201 475 1251 Atqui
497 1200 586 1238 odio
608 1208 735 1237 vestro
749 1201 876 1251 potius
897 1213 1010 1250 quam
1028 1201 1105 1237 vita
1121 1199 1225 1249 digni
1241 1205 1333 1235 sunt
1352 1198 1390 1236 id
1406 1212 1530 1248 genus
1550 1200 1620 1236 ho·-

169 1263 305 1300 mines.
346 1262 446 1299 Nam
478 1262 543 1311 qui
580 1262 724 1312 aliquid
754 1261 909 1312 publico
938 1262 1089 1298 nornine
1116 1261 1373 1304 administrat,
1396 1267 1435 1297 et
1453 1267 1622 1299 vestram

166 1322 412 1360 clementiam
431 1322 591 1372 experiri
616 1323 758 1364 studet,
780 1335 865 1359 eum
888 1322 1002 1372 hujus
1030 1321 1193 1359 civitatis
1221 1321 1391 1358 moribus
1415 1322 1621 1372 praeditum

168 1396 253 1421 esse
268 1383 392 1424 decet.
424 1382 454 1419 Ii
474 1395 565 1419 vero
585 1383 648 1432 qui
671 1382 790 1419 sunt?
822 1381 1072 1419 Imbecillium
1088 1381 1266 1426 misereri,
1281 1382 1475 1419 firmorum
1496 1389 1534 1420 et
1552 1397 1623 1434 po-

169 1430 328 1481 tentium
359 1443 613 1494 petulantiam
639 1456 816 1481 coercere
832 1457 841 1486 ;
872 1456 950 1480 non
980 1442 1186 1479 crudeliter
1215 1443 1380 1492 grassari
1408 1444 1443 1481 in
1469 1444 1623 1494 plebem

168 1505 364 1551 miseram,
384 1517 534 1554 semper
550 1504 697 1541 adulari
715 1511 755 1541 ct
776 1503 902 1541 colere
922 1503 1172 1554 potentiores.
1204 1504 1250 1541 Id
1265 1504 1368 1553 quod
1383 1511 1423 1542 tu
1442 1505 1537 1542 facis
1557 1506 1623 1542 Ti-

169 1572 372 1603 mocrates.
405 1566 466 1602 Ob
486 1578 572 1615 quae
592 1566 724 1602 merita
743 1565 782 1602 hi
801 1565 950 1610 merito,
972 1578 1019 1601 ne
1041 1564 1173 1602 audita
1193 1564 1346 1614 quidem
1369 1566 1624 1605 excusatione

170 1633 251 1672 tua,
268 1633 390 1665 morte
405 1625 530 1678 potius
547 1634 585 1663 te
600 1625 842 1674 mulctarent,
858 1639 970 1676 quam
992 1626 1028 1662 in
1044 1625 1205 1676 gratiam
1224 1626 1480 1664 Androtionis
1495 1627 1623 1665 dimit-

168 1693 307 1725 terent.

223 1748 290 1784 40.
319 1747 409 1784 Jam
429 1759 497 1785 eos
510 1761 583 1785 nec
602 1747 639 1785 in
662 1748 854 1798 exigendo
874 1762 948 1786 aere
969 1749 1095 1786 alieno
1113 1756 1282 1787 vestrum
1307 1756 1498 1801 spectasse
1517 1763 1623 1789 com-

172 1808 344 1853 modum,
363 1808 402 1845 id
422 1821 577 1858 quoque
596 1809 704 1846 vobis
722 1810 850 1847 statim
871 1810 1090 1848 declarabo.
1124 1810 1163 1847 Si
1184 1810 1269 1860 quis
1290 1811 1391 1848 enim
1410 1825 1479 1848 vos
1501 1818 1624 1862 roget,

170 1876 298 1907 utrum
317 1870 558 1908 nocentiores
579 1870 799 1921 reipublicae
820 1877 956 1921 putent
973 1872 1161 1921 agricolas
1177 1878 1216 1909 et
1229 1885 1378 1922 parcos,
1393 1873 1457 1922 qui
1473 1879 1626 1923 propter

171 1931 414 1969 educandam
431 1931 603 1968 sobolem
619 1932 930 1982 domesticosque
946 1940 1135 1982 sumptus,
1151 1939 1190 1970 et
1201 1933 1275 1970 alia
1287 1946 1446 1971 munera
1458 1934 1627 1984 publica,

173 1991 317 2029 tributa
331 2004 409 2028 non
432 1992 705 2041 praestiterunt,
727 2005 775 2029 an
795 2005 886 2030 vero
905 1992 968 2042 qui
990 1992 1195 2043 pecuniam
1217 2006 1347 2031 eorum
1367 1994 1432 2044 qui
1453 1995 1628 2032 conferre

172 2052 390 2094 voluerunt,
419 2058 460 2089 et
479 2065 502 2089 a
519 2053 633 2089 sociis
661 2053 802 2090 nostris
823 2061 1034 2103 acceptam,
1061 2054 1237 2091 furantur
1262 2061 1301 2091 et
1327 2055 1518 2105 perdunt3
1547 2068 1626 2092 non

173 2119 283 2150 tanta
301 2113 430 2150 futura
455 2119 528 2157 est,
550 2114 723 2163 quamvis
745 2114 908 2150 frontem
933 2114 1211 2164 perfricuerint,
1231 2128 1362 2152 eorum
1387 2115 1563 2162 audacia,
1582 2123 1629 2154 ut

172 2173 308 2211 dicant
324 2172 446 2222 magis
468 2185 552 2211 esse
572 2173 728 2221 injurios
748 2174 812 2224 qui
843 2186 913 2211 sua
931 2174 1138 2219 retineant,
1161 2188 1275 2225 quam
1297 2187 1363 2212 eos
1384 2175 1450 2224 qui
1474 2189 1627 2226 rempu-

173 2235 314 2272 blicam
336 2233 628 2284 depeeulentur.
686 2235 762 2276 Qui
780 2236 823 2272 fit
841 2234 966 2285 igitur,
985 2235 1235 2282 Timocrates,
1258 2242 1297 2273 et
1316 2235 1517 2283 Androtio,
1539 2250 1628 2276 eum

170 2295 339 2346 amplius
359 2295 513 2345 triginta
533 2296 610 2333 sint
628 2297 730 2341 anni,
751 2309 797 2333 ex
817 2309 894 2346 quo
912 2303 1078 2334 vestrum
1093 2297 1189 2334 alter
1202 2297 1356 2347 quidem
1376 2298 1414 2335 in
1433 2298 1630 2348 republica

174 2356 346 2406 gerenda
370 2362 558 2401 versatur,
581 2364 619 2393 et
637 2357 710 2394 hoe
739 2357 864 2407 spatio
884 2358 1066 2408 temporis
1093 2357 1203 2395 multi
1224 2358 1342 2395 duces
1361 2359 1495 2396 urbem
1514 2359 1629 2397 laese-

175 2416 265 2460 rint,
286 2416 396 2453 multi
426 2417 516 2454 item
535 2424 720 2463 oratores,
740 2418 804 2467 qui
830 2418 934 2467 apud
959 2418 1029 2455 hos
1057 2431 1215 2456 causam
1239 2418 1434 2464 dixerunt,
1464 2433 1629 2470 quorum

176 2477 242 2514 alii
258 2477 306 2514 ob
325 2477 472 2515 scelera
489 2477 679 2516 interfecti
699 2485 802 2523 sunt,
825 2478 888 2515 alii
907 2479 1121 2516 voluntario
1137 2480 1287 2524 exsilio,
1305 2480 1527 2518 stimulante
1544 2494 1628 2519 see-

177 2539 297 2576 lerum
324 2538 575 2585 conscientia,
608 2553 692 2578 sese
720 2540 932 2578 imminenti
959 2541 1075 2578 exitio
1103 2541 1338 2591 eripuerunt,
1365 2548 1409 2579 ut
1435 2542 1630 2581 neminem

174 2599 295 2638 talem
314 2598 496 2636 alteruter
514 2606 682 2638 vestrum
702 2601 906 2645 accusarit,
936 2608 1003 2639 aut
1026 2602 1161 2639 saltem
1188 2602 1318 2640 dolere
1347 2616 1388 2641 se
1408 2603 1457 2640 de
1482 2603 1629 2653 injuriis

177 2659 326 2697 civitati
343 2659 456 2696 factis
477 2661 718 2698 ostenderit?
748 2661 821 2699 Hic
841 2661 995 2711 quidem
1015 2675 1082 2699 vos
1103 2663 1221 2700 nostri
1237 2664 1401 2713 gessisse
1413 2676 1541 2700 curam
1559 2676 1628 2715 ap-

174 2725 305 2770 -paret,
327 2731 415 2756 cum
433 2719 545 2757 multi
564 2721 790 2771 exagitandi
814 2722 980 2760 fuerunt.
1010 2723 1160 2760 Horum
1180 2724 1370 2761 factorum
1393 2735 1551 2761 causam
1569 2737 1630 2762 re-

177 2779 341 2831 quiritis,
361 2779 653 2817 Athenienses?
682 2781 822 2819 Dicam
837 2783 961 2820 vobis.
992 2783 1048 2820 Ex
1063 2783 1226 2834 injuriis,
1237 2783 1376 2833 quibus
1391 2795 1458 2820 vos
1472 2783 1631 2833 quidam

176 2840 368 2886 afficiunt,
388 2840 550 2878 fructum
570 2840 643 2891 ipsi
658 2854 737 2878 una
756 2843 925 2893 capiunt,
947 2850 985 2881 et
1004 2844 1051 2881 de
1070 2844 1222 2882 tributis
1243 2843 1491 2890 suffurantur,
1520 2851 1560 2882 et
1579 2846 1629 2883 ob

180 2900 378 2940 avaritiam
393 2900 662 2952 inexplebilem
675 2901 847 2940 bifariam
864 2904 1041 2942 fruuntur
1056 2903 1266 2956 republica.
1296 2904 1432 2955 Neque
1446 2904 1547 2943 enim
1563 2918 1628 2943 ex-

862 2966 884 3000 3
916 2977 937 3001 L
