1923 3149
566 162 789 202 CONTRA
817 162 1203 202 TIMOCRATEM.
1534 169 1608 205 421

163 263 398 315 adscriptum
418 264 544 303 fuerat
556 278 565 308 ;
596 264 659 303 lex
676 265 760 303 haec
781 271 864 303 rata
885 270 970 302 esto
990 272 1072 302 tum
1092 266 1247 303 demum
1267 266 1333 303 ubi
1353 265 1442 305 huic
1460 268 1614 318 praetori

162 325 260 363 alius
281 326 519 364 successerit.
556 326 593 363 Is
613 338 702 364 vero
722 325 787 376 qui
807 331 895 376 post
914 337 978 363 eas
999 325 1126 376 legem
1146 326 1246 364 hanc
1267 326 1351 364 tulit
1367 328 1447 379 jam
1476 329 1613 366 recita-

162 392 255 433 tam,
291 400 368 425 non
393 400 548 437 aequum
575 387 740 432 censuit,
771 387 930 425 easdem
960 387 1066 436 leges
1094 400 1181 436 quae
1203 388 1388 438 jubentur
1422 390 1614 440 posterius

163 461 280 497 quam
300 448 387 485 latae
404 455 508 492 sunt,
524 454 618 486 ratae
637 461 734 495 esse,
755 448 884 485 referri
908 448 958 486 ad
983 461 1070 486 eum
1091 447 1193 485 diem
1217 461 1239 485 a
1257 462 1333 498 quo
1356 450 1446 487 latae
1470 459 1614 498 essent,

161 521 286 558 neque
302 510 405 559 prius
421 510 619 547 habendas
640 523 720 547 esse
741 516 846 547 ratas
866 522 981 559 quam
1003 508 1190 560 cujusque
1211 517 1346 547 auctor
1366 513 1615 561 postulasset.

163 569 269 606 Huic
289 570 363 619 legi
385 570 627 608 considerate
647 583 762 620 quam
786 570 977 607 contraria
993 570 1042 607 sit
1061 583 1117 615 ea,
1139 584 1255 619 quam
1276 571 1348 608 iste
1369 572 1469 609 tulit.
1512 573 1615 611 Nam

160 630 226 667 illa
242 631 354 680 jubet
374 630 512 681 legem,
535 631 613 668 sive
635 645 657 668 a
678 631 868 681 praefinito
898 637 1083 683 tempore,
1104 632 1183 670 sive
1204 633 1251 670 ab
1279 646 1325 670 eo
1350 633 1411 671 die
1438 647 1514 683 quo
1540 635 1619 673 lata

161 691 289 737 fuerit,
314 698 435 729 ratam
456 703 562 728 esse:
590 692 661 729 iste
680 705 769 730 vero
792 693 956 743 scripsit,
977 700 1017 730 et
1036 693 1066 731 si
1086 694 1172 744 quis
1192 694 1398 733 damnatus
1418 695 1543 741 fuerit,
1570 696 1617 733 de

160 752 364 802 praeteritis
392 752 567 802 loquens.
611 752 749 803 Neque
775 753 813 790 id
839 754 965 804 ipsum
990 754 1150 800 definiit,
1183 755 1378 806 adscripto
1400 763 1564 806 praetore
1596 770 1619 794 a

161 825 254 864 quo,
281 813 348 851 sed
378 813 482 858 fecit,
503 827 581 852 non
610 815 727 852 modo
755 816 804 852 ab
836 816 908 852 isto
929 816 990 853 die
1010 829 1086 866 quo
1106 817 1231 867 legem
1260 817 1360 862 tulit,
1381 825 1518 862 ratam,
1548 819 1619 856 sed

160 875 276 913 etiam
292 876 340 912 ab
355 888 401 913 eo
415 882 599 926 tempore,
619 887 828 928 antequam
844 884 1018 915 nostrum
1035 879 1239 930 quisquam
1254 887 1488 918 nasceretur.
1518 880 1619 918 Nam

160 950 276 974 omne
303 937 541 988 praeteritum
566 945 734 989 tempus,
757 939 863 990 quod
889 940 1081 978 infinitum
1107 948 1181 988 est,
1205 955 1284 980 una
1313 942 1618 993 comprehcndit.

159 999 280 1049 Atqui
308 1006 345 1038 te
377 1000 560 1051 oportuit,
595 1001 848 1048 Timocrates,
878 1008 946 1040 aut
976 1003 1089 1040 istam
1117 1017 1196 1042 non
1231 1005 1393 1051 sancire,
1420 1011 1487 1043 aut
1514 1004 1617 1043 illam

162 1060 329 1107 abolere,
346 1067 386 1099 et
404 1074 495 1107 non,
515 1067 559 1099 ut
578 1068 655 1100 tuae
675 1063 825 1101 libidini
841 1063 1057 1112 satisfieret,
1071 1067 1303 1105 conturbare
1319 1066 1459 1105 omnia.

219 1123 281 1160 12.
311 1121 420 1174 Lege
439 1122 554 1162 aliam
573 1123 715 1176 legem.

821 1259 946 1298 LEX.

205 1363 315 1402 Neque
329 1362 367 1392 de
382 1361 605 1401 ignominiosis,
620 1361 781 1402 pristinam
798 1361 844 1392 eis
862 1363 1045 1403 dignitatem
1061 1364 1283 1394 restituendam
1305 1375 1386 1400 esse,
1402 1375 1501 1404 neque
1518 1366 1557 1395 de
1574 1367 1622 1396 his

161 1413 215 1454 qui
230 1414 312 1444 divis
333 1414 458 1450 debent,
474 1417 526 1443 aut
548 1413 657 1444 aerario
681 1413 927 1450 Atheniensium,
945 1415 984 1444 de
1009 1415 1191 1445 remittenda
1211 1416 1337 1451 mulcta,
1356 1422 1406 1445 aut
1431 1416 1550 1452 militia,
1565 1417 1624 1447 nisi

162 1465 248 1505 prius
269 1464 466 1494 decreverint
486 1464 702 1500 Athenienses,
719 1475 776 1494 sex
798 1464 935 1494 millibus
952 1475 1011 1494 non
1028 1466 1192 1504 pauciores
1205 1467 1299 1496 licere
1316 1466 1359 1503 id,
1376 1466 1486 1506 quibus
1502 1468 1623 1498 occulte

163 1516 399 1546 decernentibus
416 1516 458 1544 ita
474 1515 567 1544 fuerit
589 1515 700 1545 visum.
735 1515 813 1545 'rum
836 1526 910 1545 vero
930 1517 1052 1545 demum
1075 1517 1190 1546 referre
1206 1516 1311 1554 liceat,
1331 1522 1480 1556 quatenus
1501 1517 1623 1548 senatui

163 1567 341 1606 populoque
359 1566 456 1596 visum
469 1565 573 1595 fuerit.

164 1659 253 1698 Alia
284 1659 371 1697 haec
404 1659 468 1697 lex
495 1654 566 1706 est',
598 1658 690 1710 quae'
717 1658 765 1696 de
794 1656 1076 1709 ignominiosiS,
1097 1663 1136 1695 et
1159 1657 1303 1695 aerariis
1332 1657 1476 1696 referre
1505 1664 1624 1706 vetat,

164 1727 231 1759 aut
249 1720 482 1771 respondere
502 1721 551 1758 de
568 1734 645 1759 aere
664 1721 790 1759 alieno
810 1720 1085 1767 condonando,
1107 1726 1174 1757 aut
1193 1720 1342 1766 militia,
1362 1721 1434 1758 nisi
1453 1727 1624 1772 potestas

163 1782 255 1820 data
273 1782 400 1826 fuerit,
420 1794 541 1832 eaque
561 1795 640 1820 non
659 1782 882 1834 pauciorum
913 1794 1030 1831 quam
1053 1794 1121 1819 sex
1149 1781 1312 1819 millium
1343 1782 1522 1820 decreto:
1550 1782 1624 1821 iste

163 1856 254 1883 vero
272 1843 402 1894 palam
424 1844 591 1894 scripsit,
617 1844 770 1882 etiamsi
794 1843 879 1894 quis
899 1843 1058 1880 aerarius
1079 1842 1129 1881 ad
1152 1842 1309 1880 vincula
1337 1843 1388 1881 sit
1406 1843 1625 1891 damnatus,

162 1905 303 1945 remitti
323 1905 358 1943 ei
376 1904 506 1950 licere,
528 1905 560 1942 si
585 1905 701 1943 modo
724 1905 842 1943 vades
862 1904 1028 1949 dederit,
1058 1917 1147 1941 cum
1168 1903 1261 1941 nihil
1281 1903 1330 1941 de
1348 1904 1408 1941 his
1430 1905 1626 1953 adJectum

163 1967 227 2012 sit,
249 1979 374 2016 neque
400 1972 574 2017 potestas
594 1965 749 2005 dicendi
766 1966 870 2004 data.
902 1965 1003 2003 Cum
1030 1972 1159 2003 autem
1177 1964 1243 2002 lex
1263 1978 1335 2003 nec
1355 1965 1624 2017 impunitatem

163 2028 305 2079 adepto
324 2028 518 2065 licentiam
538 2028 616 2073 det,
645 2041 715 2066 suo
744 2027 900 2065 arbitrio
919 2026 1072 2077 quidvis
1092 2026 1343 2074 decernendi,
1365 2028 1434 2065 sed
1458 2040 1505 2066 ea
1525 2028 1623 2066 dun-

163 2095 285 2134 taxat,
312 2101 399 2139 quae
420 2089 569 2126 senatui
590 2088 812 2139 populoque
836 2089 998 2138 probata
1016 2088 1174 2135 fuerint,
1192 2087 1255 2125 isti
1283 2101 1333 2125 ne
1362 2088 1446 2126 haec
1466 2089 1624 2138 quidem

164 2150 303 2202 injuria
318 2149 412 2187 satis
425 2150 510 2195 fuit,
528 2149 755 2200 impunitate
774 2163 853 2187 non
869 2149 975 2196 data,
991 2149 1120 2187 dicere
1139 2155 1181 2202 et
1196 2149 1324 2200 legem
1339 2149 1435 2187 ferre
1450 2150 1556 2188 hisce
1572 2151 1623 2189 de

164 2213 293 2257 rebus,
321 2211 389 2249 sed
411 2211 569 2262 insuper
596 2210 726 2257 etiam,
754 2210 864 2248 nulla
888 2211 1026 2248 horum
1050 2210 1154 2261 apud
1173 2217 1365 2258 senatum,
1388 2211 1494 2249 nulla
1518 2212 1623 2262 apud

162 2274 350 2326 populum
382 2273 488 2310 facta
522 2272 732 2319 mentione,
767 2272 937 2318 occulte,
974 2272 1132 2310 dimisso
1166 2278 1319 2318 senatu,
1359 2272 1442 2310 aliis
1471 2280 1624 2324 propter

162 2335 305 2374 festum
320 2335 434 2373 serias
452 2334 750 2380 celebrantibus,
764 2332 1003 2371 clandestine
1020 2333 1147 2384 legem
1171 2333 1344 2371 obtrusit.
1378 2334 1495 2385 Atqui
1511 2347 1625 2386 opor-

164 2398 271 2434 tebat
289 2401 343 2442 te,
368 2396 619 2440 Timocrates,
641 2408 761 2446 quum
780 2394 919 2445 legem,
945 2407 1061 2445 quam
1088 2394 1204 2432 modo
1238 2393 1407 2441 recitavi,
1437 2395 1568 2442 scires,
1593 2396 1625 2434 si

164 2459 235 2496 rite
251 2470 364 2509 agere
375 2457 510 2505 velles,
523 2457 688 2509 primum
703 2457 845 2495 referre
859 2456 908 2494 ad
923 2463 1114 2504 senatum,
1127 2455 1264 2494 deinde
1273 2468 1409 2507 rogare
1422 2458 1625 2508 populum,

164 2526 206 2558 et
224 2520 292 2565 sic,
312 2519 344 2558 si
371 2519 549 2557 omnibus
570 2518 870 2557 Atheniensibus
896 2517 1104 2564 videretur,
1126 2517 1292 2555 scribere
1312 2523 1352 2555 et
1374 2517 1500 2568 legem
1527 2518 1626 2556 ferre

166 2582 216 2620 de
229 2580 325 2627 istis,
344 2581 460 2631 idque
475 2586 647 2631 tempore
660 2580 832 2631 legitimo
847 2586 1088 2630 exspectato,
1101 2585 1145 2617 ut
1155 2580 1268 2617 rebus
1281 2578 1331 2617 ad
1346 2578 1452 2616 hunc
1466 2579 1624 2616 modum

167 2641 455 2686 administratis,
488 2641 644 2678 etiamsi
675 2643 760 2692 quis
789 2641 996 2679 ostendere
1027 2648 1246 2688 conaretur,
1275 2654 1361 2679 eam
1388 2640 1516 2690 legem
1545 2653 1624 2677 non

165 2718 253 2744 esse
272 2718 293 2742 e
313 2702 528 2754 republica,
548 2703 684 2740 saltem
699 2716 776 2741 non
794 2703 979 2741 insidiose
994 2703 1121 2753 egisse
1136 2702 1335 2747 videreris,
1351 2700 1420 2738 sed
1433 2700 1624 2750 opinionis

166 2779 293 2805 errore
313 2766 501 2816 deceptus
519 2764 742 2815 impegisse.
771 2764 901 2812 Nunc,
920 2764 1104 2815 quoniam
1123 2770 1162 2802 et
1176 2761 1412 2807 clanculum,
1431 2767 1469 2798 et
1484 2761 1623 2808 subito,

166 2834 204 2865 et
223 2832 359 2865 contra
376 2827 498 2877 leges,
515 2825 629 2863 istam
645 2825 771 2876 legem
785 2824 825 2863 in
841 2831 989 2864 ceteras
1004 2824 1189 2864 intrusisti
1209 2822 1336 2874 potius
1357 2833 1472 2872 quam
1489 2822 1622 2869 tulisti,

167 2901 321 2928 omnem
355 2888 423 2928 tibi
455 2886 701 2939 postulandae
737 2887 858 2926 veniae
893 2900 1054 2927 causam
1092 2884 1279 2924 ademisti.
1337 2883 1439 2922 Nam
1475 2883 1520 2922 iis
1557 2884 1624 2935 qui
