1923 3149
600 222 884 262 ADVERSUS
914 221 1214 259 LEPTINEM.
1575 193 1650 257 291⁴

188 324 304 378 pius?
351 324 430 363 Sed
462 326 587 376 ipsum
619 324 1012 369 senatusconsultum,
1037 323 1142 372 quod
1163 329 1245 359 tum
1284 322 1396 372 hujus
1427 321 1493 359 viri
1530 333 1649 359 causa

189 387 335 425 factum
356 394 426 432 est,
447 387 553 425 vobis
579 387 813 425 recitabitur.
845 387 894 424 Et
912 385 1053 429 videte,
1074 384 1340 429 Athenienses,
1363 389 1457 434 quot
1472 388 1648 421 senatus-

191 448 372 486 consulta
392 448 454 486 lex
481 450 555 486 ista
574 449 678 486 irrita
697 450 827 494 faciat,
854 456 893 486 et
911 454 1006 499 quot
1023 446 1198 484 homines
1226 446 1391 492 fraudet,
1420 459 1565 496 eosque
1584 446 1649 496 qui

188 521 277 547 cuin
299 510 462 548 maxime
483 511 743 549 necessarium
759 511 832 548 fuit
850 510 959 548 vobis
979 509 1271 547 benefecerunt!
1318 508 1524 546 Invenietis
1545 508 1645 546 enim

190 583 257 609 eos
277 571 365 610 laedi
385 585 482 623 quos
503 571 657 610 minime
672 571 886 622 oportebat.
917 570 1068 608 Recita.

631 705 1190 746 SENATUSCONSULTA.

246 791 307 829 12.
336 791 533 831 Beneficia
551 794 691 845 quibus
718 794 932 846 Epicerdes
951 794 1231 832 immunitatem
1251 792 1401 837 meruit,
1427 803 1449 829 e
1469 797 1646 829 senatus-

185 852 387 900 consultis,
409 854 575 902 judices,
603 856 818 894 audivistis
871 856 933 894 Ne
961 869 1050 894 vero
1078 855 1116 892 id
1144 860 1332 906 spectate,
1355 853 1461 904 quod
1485 853 1647 904 primum

184 918 340 952 centum
359 915 497 961 minas,
519 916 660 954 deinde
680 917 866 955 talentum
885 917 1150 964 dedit,-nam
1170 929 1219 954 ne
1238 929 1302 953 eos
1322 915 1477 966 quidem
1498 913 1563 964 qui
1582 926 1645 951 ac-

183 982 372 1025 ceperunt
388 978 566 1027 pecuniae
586 992 787 1017 numerum
807 979 1016 1017 admiratos
1042 991 1126 1016 esse
1146 977 1373 1022 arbitror—5
1402 976 1471 1015 sed
1491 976 1565 1013 hoc
1590 975 1647 1012 in-

183 1036 355 1083 tuemini,
371 1039 476 1088 quod
495 1039 611 1077 alacri
631 1040 772 1086 animo,
793 1041 898 1091 quod
913 1053 988 1078 non
1005 1047 1177 1090 rogatus,
1199 1039 1316 1084 ultro,
1331 1038 1436 1089 quod
1456 1037 1532 1074 illis
1547 1044 1645 1074 tem-

182 1096 339 1147 poribus
365 1099 486 1138 dedit.
533 1100 687 1139 Etenim
706 1102 906 1140 referenda
927 1102 1049 1153 gratia
1069 1109 1128 1139 est
1147 1115 1235 1139 cum
1259 1098 1505 1138 benemeritis
1526 1097 1648 1135 omni-

181 1157 254 1196 bus
273 1172 282 1196 ε
311 1166 393 1197 tum
410 1174 499 1200 vero
515 1161 569 1199 eis
587 1163 651 1213 qui
667 1163 890 1214 tempestive
905 1163 1096 1201 beneficia
1112 1162 1326 1204 dederunt3
1347 1173 1511 1211 quorum
1525 1171 1647 1196 unum

181 1217 286 1258 hunc
305 1220 428 1259 virum
447 1236 529 1261 esse
548 1230 747 1262 ostensum
768 1231 841 1263 est.
872 1224 1013 1262 Nonne
1031 1224 1146 1274 igitur
1164 1236 1234 1261 nos
1248 1223 1407 1274 pudeat,
1428 1220 1647 1259 Athenien-

182 1292 261 1327 seS‚
281 1282 369 1320 talis
387 1282 457 1320 viri
483 1283 640 1329 liberos,
663 1286 804 1336 quibus
825 1285 918 1322 nihil
939 1285 1103 1336 objicere
1120 1297 1340 1336 possumus,
1359 1283 1468 1320 nulla
1490 1281 1647 1320 omnino

179 1340 316 1379 harum
338 1356 462 1381 rerum
482 1344 615 1383 habita
633 1346 797 1396 ratione,
827 1347 1066 1383 immunitate
1096 1344 1301 1396 spoliare?
1318 1344 1405 1381 Nec
1429 1343 1543 1389 enim,
1564 1355 1647 1393 pro-

179 1408 314 1453 pterea
332 1404 372 1441 id
392 1406 519 1443 minus
540 1413 650 1458 turpe
669 1407 842 1445 futurum
858 1414 932 1453 est,
949 1407 1054 1458 quod
1075 1407 1137 1445 alii
1152 1407 1323 1451 fuerunt,
1346 1405 1412 1455 qui
1431 1412 1513 1442 tum
1533 1405 1581 1442 ab
1601 1416 1646 1441 eo

179 1465 319 1503 servati
334 1473 438 1512 sunt,
455 1475 572 1518 atque
592 1468 872 1507 immunitatem
893 1468 927 1505 ei
948 1468 1156 1516 dederunt,
1172 1467 1236 1505 alii
1250 1480 1320 1505 vos
1340 1466 1446 1511 estis,
1462 1465 1525 1515 qui
1540 1477 1645 1502 nunc

180 1538 263 1563 eam
285 1527 428 1578 eripitis
446 1541 455 1565 ε
486 1529 556 1566 sed
569 1529 644 1567 hoc
664 1530 791 1580 ipsum
811 1536 881 1574 est,
905 1530 1009 1580 quod
1029 1529 1335 1581 indignationem
1351 1533 1515 1565 moveat.
1543 1526 1645 1564 Nam

180 1587 212 1625 si
247 1587 315 1636 illi,
344 1589 411 1639 qui
444 1590 638 1628 sciverunt
663 1598 702 1629 et
735 1599 971 1642 acceperunt
999 1591 1203 1637 beneficia,
1236 1590 1304 1628 tali
1337 1587 1644 1627 remuneratione

180 1648 299 1700 digna
329 1663 375 1688 ea
406 1659 652 1698 censuerunt,
673 1666 744 1690 nos
765 1665 856 1691 vero
889 1653 953 1704 qui
982 1652 1176 1690 duntaxat
1202 1650 1433 1697 audivimus,
1462 1662 1509 1687 ea
1539 1649 1646 1687 dona

177 1716 361 1761 tanquam
380 1711 548 1764 indignis
566 1714 784 1764 eripiemus,
804 1727 854 1751 an
874 1727 952 1752 non
972 1714 1012 1751 id
1031 1713 1103 1752 erit
1127 1710 1464 1763 indignissimum?
1494 1710 1644 1748 Eadem

178 1771 293 1810 etiarn
313 1773 361 1811 de
381 1773 425 1811 iis
446 1774 545 1821 dico,
573 1774 637 1825 qui
664 1775 1046 1827 Quadringentorum
1076 1774 1323 1826 tyrannidem
1351 1772 1642 1817 destruxerunt,

177 1840 217 1872 et
236 1835 285 1872 de
315 1834 360 1873 iis
389 1836 467 1887 qui,
496 1850 584 1874 cum
615 1838 844 1876 secessisset
872 1838 1057 1889 Populus,
1085 1837 1227 1875 bonam
1252 1849 1407 1887 operam
1436 1840 1642 1872 navarunt.

178 1895 370 1935 Omnibus
390 1899 492 1936 enim
511 1898 585 1937 illis
605 1900 794 1950 insignem
813 1900 990 1950 injuriam
1010 1898 1090 1936 fieri
1110 1897 1347 1942 crediderim,
1371 1897 1401 1935 si
1431 1896 1640 1947 quicquam

174 1959 231 1996 eis
251 1958 357 2009 quod
377 1966 459 1997 tum
489 1974 719 1999 concessum
748 1962 836 2010 fuit,
867 1973 971 1998 nunc
993 1960 1214 2011 eriperetur.
1247 1959 1284 1996 Si
1313 1958 1400 2009 quis
1426 1964 1555 1995 autem
1575 1970 1640 1995 ve-

175 2028 296 2060 strum
316 2035 543 2073 persuasum
560 2023 691 2070 habet,
708 2023 826 2074 longe
845 2024 998 2069 abesse,
1012 2029 1056 2060 ut
1074 2021 1219 2060 civitati
1239 2026 1383 2058 nostrae
1402 2019 1491 2057 talis
1511 2018 1643 2069 aliqua

175 2082 387 2121 necessitas
405 2084 572 2134 ingruat,
593 2085 625 2121 is
644 2091 735 2122 vota
753 2084 909 2135 quidem
924 2084 996 2121 diis
1012 2082 1142 2130 faciat,
1162 2082 1281 2133 idque
1294 2093 1368 2132 ego
1383 2093 1460 2118 una
1474 2080 1614 2118 faciam
1629 2093 1638 2118 ε

175 2144 341 2195 primum
361 2158 448 2182 vero
469 2142 702 2192 consideret,
724 2146 772 2183 de
792 2147 881 2196 lege
908 2145 1069 2183 ferenda
1089 2157 1176 2182 esse
1204 2143 1401 2193 suffragia,
1426 2155 1503 2192 qua
1531 2154 1637 2179 com-

175 2206 340 2256 probata
358 2207 545 2245 utendum
573 2207 657 2253 erit,
678 2207 820 2245 deinde
841 2207 961 2245 malas
980 2207 1086 2256 leges
1120 2207 1236 2243 etiam
1261 2204 1485 2242 florentibus
1505 2205 1638 2242 rebus-

174 2267 267 2318 pub.
288 2280 441 2306 nocere.
476 2268 605 2306 Nullae
622 2269 723 2306 enim
743 2282 868 2306 rerum
885 2267 1171 2306 vicissitudines
1191 2273 1338 2312 essent,
1358 2265 1431 2303 nisi
1450 2265 1636 2303 constitu-

173 2335 233 2367 tos
253 2328 292 2366 in
310 2330 488 2380 periculis
508 2332 621 2368 bonae
646 2337 727 2368 tum
745 2331 931 2376 actiones,
950 2336 1033 2367 tum
1053 2328 1174 2380 leges,
1197 2335 1280 2366 tum
1301 2327 1392 2365 boni
1411 2327 1492 2371 viri,
1512 2333 1551 2364 et
1570 2339 1636 2364 ac—

173 2397 309 2428 curata
326 2392 422 2429 ratio
450 2405 575 2430 rerum
598 2392 767 2429 omnium
793 2392 983 2443 erigerent
1011 2396 1051 2428 et
1067 2389 1347 2441 proveherent:
1379 2388 1432 2425 eis
1451 2400 1548 2425 verov
1571 2387 1638 2438 qui

172 2451 381 2490 felicissimi
399 2453 590 2500 videntur,
610 2453 740 2491 omnia
757 2453 842 2490 haec
861 2452 1055 2503 neglecta,
1071 2451 1258 2502 paulatim
1277 2450 1491 2487 effluerent.
1532 2448 1635 2487 Nam

172 2511 344 2563 plerique
369 2515 601 2561 mortalium,
623 2515 737 2552 rectis
766 2513 951 2558 consiliis,
979 2520 1019 2551 et
1042 2511 1241 2563 vigilantia
1259 2510 1424 2549 minimis
1453 2511 1565 2548 etiam
1595 2511 1635 2548 in

171 2575 301 2620 rebus,
323 2588 415 2625 opes
443 2583 603 2626 parant:
640 2576 711 2614 sed
730 2589 796 2614 eas
816 2575 950 2613 iisdem
970 2574 1184 2612 rationibus
1205 2573 1303 2610 tueri
1322 2572 1472 2610 nolunt.
1517 2570 1634 2615 Quod

173 2649 223 2674 ne
243 2649 346 2673 nunc
364 2636 472 2674 vobis
491 2650 566 2674 usu
579 2638 710 2675 veniat
728 2636 946 2674 cavendum
967 2642 1040 2681 est,
1061 2648 1186 2686 neque
1204 2633 1501 2672 existimandum
1515 2633 1632 2670 talem

170 2699 299 2749 legem
316 2697 512 2736 ferendam
527 2711 625 2744 esse,
641 2712 729 2749 quae
744 2705 917 2737 nostram
934 2698 1068 2735 urbem
1082 2703 1121 2735 et
1139 2697 1254 2734 rebus
1275 2695 1454 2734 secundis
1473 2694 1631 2732 infamia

171 2761 335 2812 repleat,
352 2766 405 2805 et,
422 2766 570 2798 mutata
588 2760 753 2808 fortuna,
770 2761 926 2808 efficiat,
942 2773 990 2797 ne
1010 2758 1214 2810 quisquam
1236 2758 1285 2795 sit
1303 2757 1368 2808 qui
1384 2757 1495 2793 nobis
1513 2756 1630 2793 bene-

173 2821 320 2860 factum
338 2822 442 2860 velit.

229 2885 292 2922 13.
326 2883 462 2935 Neque
482 2896 572 2922 vero
592 2883 633 2922 id
658 2884 782 2923 solum
801 2884 1016 2923 cavendum
1042 2890 1115 2929 est,
1134 2881 1406 2926 Athenienses,
1426 2891 1475 2916 ne
1493 2878 1630 2930 injuria

172 2943 376 2994 laedantur,
406 2947 471 2997 qui
498 2945 677 2997 privatim
697 2945 805 2985 vobis
823 2946 1052 2986 benefacere
1071 2943 1290 2988 voluerunt,
1309 2947 1348 2979 et
1366 2953 1407 2979 se
1427 2939 1569 2978 talibus
1590 2947 1629 2979 et
