1923 3149
437 209 509 247 DE
540 209 845 248 REPUBLICA
875 208 1222 247 ORDINANDA.
1478 208 1550 249 149

109 317 278 349 ornatam
309 311 568 350 tradiderunt:
612 314 776 363 privatas
804 325 891 349 vero
911 325 1111 362 procerum
1133 311 1233 349 illius
1254 311 1432 362 temporis
1452 311 1554 348 aedes

107 373 160 410 ita
174 372 390 410 moderatas
411 381 450 411 et
468 374 608 411 nomini
632 373 824 424 popularis
843 380 963 411 status
980 380 1247 423 congruentes,
1273 380 1317 409 ut
1338 373 1368 409 si
1386 373 1470 422 quis
1488 385 1554 410 ve-

108 440 240 479 strum,
259 434 539 479 Themistoclis,
561 435 742 478 Cimonis,
766 434 962 478 Aristidis,
983 441 1050 471 aut
1064 433 1261 478 Miltiadis,
1277 439 1315 469 et
1328 440 1553 471 caeterorum

109 495 190 546 ejus
211 496 335 533 aetatis
355 496 555 534 illustrium
577 495 771 533 hominum
791 495 945 532 domum
967 495 1085 540 novit,
1109 494 1226 532 nihilo
1246 494 1356 532 vicini
1381 495 1554 544 magnifi-

108 556 315 595 centiorem
337 570 422 594 esse
451 556 590 594 videat.
649 557 763 594 Nunc
782 569 885 602 vero,
908 556 1174 601 Athenienses,
1195 555 1278 593 urbi
1301 561 1441 592 nostrae
1462 556 1554 592 satis

109 626 180 663 est,
196 617 347 668 publice
369 618 446 655 vias
468 618 614 655 munire
633 624 671 655 et
689 618 814 655 fontes
834 625 1028 656 exstruere
1049 625 1088 656 et
1102 618 1312 655 incrustare
1325 616 1502 667 parietes,
1518 624 1557 653 et

109 678 293 716 similibus
313 679 424 728 nugis
442 679 815 729 occupari,—neque
831 692 920 716 vero
938 679 1072 717 harum
1092 691 1220 717 rerum
1240 684 1414 715 auctores
1433 690 1556 727 repre-

109 739 251 786 hendo,
281 752 520 790 nequaquam
540 740 578 777 id
603 740 719 784 facio,
750 740 819 778 sed
835 753 916 786 vos,
937 741 966 778 si
995 740 1052 778 his
1073 739 1323 791 procurandis
1342 751 1411 776 vos
1431 739 1557 776 officio

108 801 260 839 functos
274 802 479 852 putatis—z
500 802 672 852 privatim
685 809 813 840 autem
827 802 890 853 qui
907 802 1100 853 publicum
1116 801 1272 852 aliquod
1286 813 1424 838 munus
1439 800 1559 837 admi-

108 862 328 907 nistrarunt,
350 864 487 913 partim
513 863 674 914 publicis
703 864 872 901 aedificiis
903 864 1068 915 privatas
1088 863 1192 900 aedes
1211 861 1557 912 magnificentiores

109 925 420 970 substruxerunt,
439 938 516 962 non
535 925 774 963 solummodo
787 925 942 976 plebeiis
964 924 1219 976 superbiores,
1241 924 1376 976 partim
1396 930 1453 961 tot
1470 923 1558 960 fun-

111 985 182 1023 dos
202 993 399 1036 coemptos
419 986 554 1024 colunt
583 994 677 1037 quot
694 1000 745 1025 ne
771 1000 839 1038 per
860 987 1049 1025 somnium
1070 985 1224 1037 quidem
1242 997 1409 1035 unquam
1431 997 1557 1035 spera-

113 1053 260 1085 verant.
318 1047 463 1084 Harum
486 1054 612 1085 autem
633 1061 756 1086 rerum
777 1049 944 1086 omnium
970 1061 1087 1086 causa
1106 1054 1176 1093 est,
1196 1047 1301 1098 quod
1321 1046 1410 1084 olim
1437 1060 1558 1097 popu-

111 1108 171 1146 lus
191 1108 450 1146 universorum
477 1109 656 1147 dominus
678 1117 716 1148 et
734 1118 866 1148 auctor
881 1116 974 1156 erat,
990 1109 1194 1159 caeterique
1224 1109 1322 1146 bene
1343 1121 1471 1146 secum
1498 1109 1559 1158 agi

110 1170 308 1220 putabant,
323 1170 354 1207 si
368 1170 399 1207 is
412 1169 590 1208 honorem
609 1178 674 1208 aut
690 1172 952 1222 magistratum
967 1177 1033 1208 aut
1044 1170 1200 1221 aliquod
1214 1169 1314 1207 aliud
1332 1169 1559 1206 beneficium

109 1230 318 1281 impertiret
334 1243 342 1268 ε
375 1244 477 1269 nunc
494 1240 630 1270 contra
645 1233 706 1269 isti
725 1245 856 1270 omnes
885 1245 975 1283 opes
999 1232 1036 1269 in
1066 1245 1136 1269 sua
1151 1238 1341 1282 potestate
1358 1231 1504 1268 habent
1523 1238 1562 1268 et

110 1291 267 1329 istorum
295 1292 472 1343 auspiciis
502 1299 687 1343 geruntur
713 1294 854 1339 omnia,
874 1293 942 1330 sed
964 1293 1129 1344 populus
1158 1292 1318 1329 ministri
1343 1298 1381 1329 et
1409 1292 1560 1329 addita-

111 1354 229 1391 menti
257 1353 381 1392 locum
421 1354 592 1398 obtinet;
635 1355 818 1406 vobisque
846 1355 936 1393 satis
964 1361 1023 1392 est
1045 1354 1085 1391 id
1112 1353 1298 1405 accipere,
1331 1352 1361 1390 si
1388 1352 1479 1402 quid
1498 1352 1560 1390 isti

111 1415 207 1453 forte
227 1416 487 1466 impertierint.

168 1478 228 1514 11.
258 1476 423 1515 Proinde
444 1478 535 1515 dum
559 1478 643 1516 haec
671 1479 781 1523 fiunt,
807 1479 892 1516 talis
918 1479 1030 1516 etiam
1064 1484 1184 1516 status
1216 1477 1379 1516 civitatis
1412 1484 1485 1523 est,
1506 1485 1561 1524 ut,

110 1538 141 1575 si
159 1538 243 1588 quis
262 1538 419 1576 decreta
437 1546 562 1577 vestra
580 1540 686 1590 legat
712 1547 752 1578 et
779 1546 863 1578 acta
884 1540 1016 1578 ordine
1041 1545 1253 1591 percurrat,
1274 1552 1386 1576 nemo
1406 1539 1561 1577 credere

111 1599 234 1650 possit
253 1600 463 1638 eorundem
483 1600 677 1638 hominum
699 1614 783 1639 esse
802 1601 886 1639 haec
916 1607 954 1638 et
983 1601 1047 1639 illa
1064 1614 1072 1638 :
1103 1600 1219 1638 veluti
1239 1606 1339 1645 sunt,
1363 1613 1450 1650 quae
1469 1613 1561 1637 con-

109 1667 168 1698 tra
203 1660 454 1712 Megarenses
483 1661 656 1699 homines
691 1661 855 1701 nefarios
886 1661 1122 1708 decrevistis,
1156 1674 1273 1711 quum
1305 1667 1443 1698 terram
1469 1674 1561 1699 con-

111 1729 302 1759 secratam
321 1722 560 1760 vindicarent
577 1729 615 1760 et
633 1717 868 1769 excolerent,
898 1736 918 1760 e
931 1736 954 1759 x
969 1736 989 1760 e
1006 1736 1027 1759 u
1043 1736 1068 1759 11
1082 1722 1106 1759 d
1119 1735 1142 1758 u
1157 1735 1195 1758 m
1223 1735 1243 1758 e
1260 1734 1277 1758 s
1293 1734 1310 1758 s
1323 1734 1358 1767 e,
1386 1735 1412 1772 p
1425 1735 1442 1759 r
1457 1734 1479 1760 ο
1493 1722 1518 1759 h
1531 1722 1562 1758 i-

110 1783 348 1829 bendum,
377 1797 476 1821 non
505 1797 525 1821 c
543 1784 944 1827 oncedendum;
975 1790 1014 1821 et
1033 1783 1081 1821 de
1102 1782 1281 1821 Phliasiis
1300 1795 1418 1833 quum
1438 1796 1562 1834 nuper

112 1843 234 1896 patria
254 1844 499 1895 pellerentur,
530 1858 674 1896 opem
703 1844 999 1891 ferendam,
1028 1858 1053 1882 n
1070 1857 1130 1882 on
1159 1843 1561 1895 permittendos

111 1905 445 1945 crudelitati
491 1907 822 1954 carnificum,
861 1919 884 1944 a
923 1905 1381 1957 Peloponnensibus
1436 1906 1564 1943 auxi-

105 1966 179 2005 lia
219 1968 263 2005 si
305 1968 392 2018 qui
441 1968 637 2020 juvare
679 1967 892 2006 vellent
934 1966 1290 2005 accersenda.
1373 1965 1562 2005 Universa

113 2028 208 2075 haec,
229 2029 501 2076 Athenienses,
521 2029 706 2080 praeclara
725 2035 817 2067 sunt
834 2035 873 2067 et
897 2028 1005 2080 justa
1023 2034 1062 2066 et
1081 2041 1101 2066 e
1120 2027 1306 2079 dignitate
1326 2027 1562 2078 reipublicae,

119 2096 158 2126 at
174 2089 275 2127 facta
294 2103 380 2140 quae
400 2090 509 2141 sequi
528 2091 721 2128 debebant
740 2103 930 2141 nusquam
951 2095 1150 2140 apparent.
1208 2088 1431 2126 Inimicitias
1447 2089 1563 2139 igitur

115 2164 183 2202 per
202 2152 539 2190 senatusconsulta
558 2152 810 2198 denunciatis,
841 2152 982 2190 nullius
1009 2158 1136 2189 autem
1168 2151 1221 2189 rei
1254 2151 1433 2202 gerendae
1452 2158 1561 2202 pote-

115 2218 253 2250 statem
272 2212 422 2251 habetis
440 2226 448 2250 ε
471 2213 672 2251 decernitis
693 2214 791 2251 enim
808 2226 854 2252 ea
866 2227 952 2263 quae
971 2214 1064 2250 urbe
1084 2219 1218 2251 nostra
1236 2212 1354 2263 digna
1371 2218 1473 2258 sunt,
1492 2213 1562 2250 sed

113 2273 254 2312 viribus
273 2273 411 2312 caretis
432 2275 481 2312 ad
501 2288 547 2312 ea
561 2288 647 2325 quae
666 2274 887 2313 decrevistis
907 2273 1178 2324 exsequenda;
1200 2286 1275 2324 ego
1287 2286 1377 2311 vero
1395 2273 1562 2311 velim—

118 2341 157 2373 et
171 2348 284 2373 nemo
300 2335 392 2373 mihi
422 2344 773 2374 succenseat—-vos
794 2342 859 2373 aut
878 2335 1003 2372 minus
1022 2335 1163 2372 habere
1183 2335 1407 2381 animorum,
1428 2334 1563 2373 vestris

113 2396 278 2448 negotiis
296 2398 457 2448 agendis
476 2404 694 2444 contentos,
716 2405 783 2435 aut
797 2397 961 2448 majores
976 2396 1074 2434 vires
1101 2409 1337 2447 comparare.
1394 2396 1511 2440 Quod
1531 2397 1562 2434 si

113 2470 180 2495 vos
203 2457 381 2508 Siphnios
413 2465 478 2496 aut
508 2458 695 2511 Cythnios
716 2465 781 2496 aut
799 2459 893 2496 alios
923 2458 1005 2509 ejus
1027 2470 1112 2495 esse
1133 2457 1283 2508 generis
1304 2457 1453 2503 scirem,
1473 2457 1562 2496 hor-

114 2524 213 2556 tarer
249 2519 372 2557 minus
404 2520 543 2558 habere
578 2520 815 2559 animorum:
846 2519 914 2558 sed
933 2532 1020 2557 cum
1040 2519 1298 2557 Athenienses
1317 2519 1411 2566 sitis,
1431 2524 1565 2557 auctor

115 2592 199 2616 sum
236 2578 333 2617 vires
365 2581 529 2632 majores
565 2588 610 2620 ut
640 2582 885 2633 comparetis.
959 2581 1087 2632 Turpe
1126 2581 1240 2626 enim,
1287 2580 1561 2625 Athenienses,

114 2649 237 2691 turpe,
272 2641 437 2692 inquam,
457 2650 518 2681 est
552 2644 633 2695 ejus
666 2642 986 2695 magnanimitatis
1018 2642 1192 2680 ordinem
1223 2641 1416 2687 deserere,
1448 2653 1561 2691 quem

113 2701 223 2740 vobis
255 2703 416 2753 majores
436 2704 688 2742 tradiderunt.
747 2705 830 2742 Imo
849 2717 923 2743 nec
941 2703 1055 2742 vestri
1075 2703 1217 2742 arbitrii
1237 2710 1308 2750 est,
1327 2701 1476 2740 etiamsi
1498 2714 1557 2738 ve-

112 2763 201 2810 litis,
235 2763 394 2802 Graecos
429 2771 474 2802 ut
505 2765 689 2804 deseratis
707 2782 717 2810 ;
745 2767 867 2804 multa
899 2766 998 2804 enim
1032 2766 1080 2803 ab
1114 2765 1216 2803 omni
1248 2777 1330 2802 aevo
1362 2762 1533 2814 gessistis
1549 2776 1559 2801 z

112 2824 269 2876 proinde
290 2839 362 2864 nec
382 2831 529 2864 veteres
550 2828 691 2866 amicos
707 2829 903 2880 projicere,
919 2841 992 2866 nec
1010 2827 1142 2865 vestris
1162 2827 1336 2865 hostibus
1355 2824 1473 2861 fidere
1495 2830 1561 2861 aut

113 2887 308 2925 crescendi
327 2887 476 2939 copiam
503 2887 607 2934 dare,
632 2888 734 2927 licet.
791 2890 968 2940 Denique
999 2889 1099 2928 idem
1120 2888 1227 2926 vobis
1260 2886 1434 2936 contigit,
1456 2885 1560 2936 quod

113 2947 185 2986 illis
213 2948 291 2999 qui,
311 2948 376 2988 ubi
404 2948 521 2988 semel
553 2950 656 3002 apud
689 2963 755 2988 vos
787 2951 834 2989 ad
874 2951 1080 3002 gerendam
1119 2946 1391 2999 rempublicam
1428 2960 1559 2985 acces-
