1923 3149
618 215 902 253 ADVERSUS
945 214 1242 271 LEPTINEM.
1565 218 1645 253 289

179 327 367 372 quantum
385 318 460 356 hoc
480 319 542 363 sit,
573 318 829 357 considerate.
862 319 932 356 Ille
955 321 1002 356 ab
1036 319 1078 355 iis
1100 321 1165 368 qui
1191 319 1422 357 frumentum
1453 319 1542 357 inde
1572 332 1639 358 ex·

178 387 333 433 portant
364 379 593 418 tricesimam
623 392 690 430 pro
713 379 892 430 vectigali
920 385 1068 431 partem
1100 380 1230 430 exigit.
1281 381 1478 419 Frumenti
1511 388 1640 419 autem

177 442 378 494 myriades,
398 454 484 492 quae
505 443 553 479 ab
572 441 637 479 illo
652 441 726 479 huc
745 442 984 492 perveniunt,
1004 447 1094 478 sunt
1109 440 1260 478 circiter
1288 442 1567 491 quadraginta:
1599 441 1638 478 id

178 503 283 555 quod
304 517 324 541 e
345 502 629 541 commentariis
651 515 782 540 eorum
810 502 876 552 qui
896 502 948 540 rei
967 501 1228 539 frumentariae
1248 510 1433 552 praesunt,
1462 503 1639 540 omnibus

176 565 334 603 evidens
355 570 427 602 est.
469 565 598 606 Quare
618 563 666 600 de
682 563 838 613 triginta
855 562 1093 613 myriadibus
1121 562 1252 600 decies
1289 563 1392 599 mille
1421 563 1637 600 medimnos

177 626 340 676 largitur
367 625 501 662 nobis:
532 624 579 661 de
611 624 745 661 decem
765 637 856 662 vero
881 623 1130 674 myriadibus,
1152 624 1300 662 circiter
1326 624 1399 660 tria
1428 623 1544 660 millia
1563 636 1642 661 me-

178 687 408 725 dimnorum.
450 685 617 723 Tantum
642 691 773 722 autem
800 686 912 722 abest
932 691 975 722 ut
1003 684 1077 722 hoc
1106 686 1327 736 reipublicae
1356 690 1498 721 nostrae
1526 685 1642 721 bene-

178 747 308 786 ficium
337 745 487 796 eripiat,
516 751 561 782 ut
588 757 688 783 novo
706 744 939 783 Tlieudosiae
968 746 1137 796 emporio
1167 746 1355 790 instituto,
1387 744 1493 795 quod
1524 757 1643 794 nego-

176 810 334 847 tiatores
355 807 532 857 Bosporo
559 806 668 844 nulla
697 819 737 844 re
769 806 906 844 cedere
938 807 1143 852 affirmant,
1170 807 1286 844 etiam
1316 807 1394 844 illic
1423 805 1644 843 immunita-

176 877 255 908 tem
276 868 388 907 nobis
416 868 664 906 concesserit.
701 869 759 905 Ac
785 881 873 919 quae
901 868 977 906 alia
1007 867 1199 906 beneficia
1216 868 1272 905 vir
1302 868 1380 913 ille,
1403 871 1643 916 maioresque

177 931 259 982 ejus
288 930 327 967 in
347 943 415 968 vos
441 929 689 976 contulerint,
708 942 798 967 cum
827 928 951 967 multa
979 942 1280 968 commemorare
1301 942 1469 980 possem,
1505 935 1642 966 taceo:

173 992 269 1030 illud
302 998 431 1029 autem
450 990 764 1042 praetereundum
790 1003 868 1028 non
904 998 979 1037 est,
1001 991 1106 1042 quod
1135 991 1276 1029 abhinc
1303 991 1523 1035 triennium,
1554 1002 1642 1027 cum

177 1054 318 1105 ubique
341 1066 506 1091 annonae
525 1053 685 1104 penuria
704 1053 954 1099 laboraretur,
974 1066 1050 1090 non
1073 1053 1188 1091 modo
1217 1061 1404 1104 quantum
1431 1051 1523 1089 satis
1544 1057 1646 1088 esset

175 1115 358 1154 frumenti
375 1114 589 1160 huc,misit,
609 1113 678 1152 sed
697 1120 775 1151 tam
795 1113 875 1159 vili,
894 1121 936 1153 ut
955 1114 1177 1164 quindecim
1206 1114 1367 1159 talenta,
1395 1126 1481 1164 quae
1502 1125 1524 1149 a
1551 1111 1642 1149 Cal-

176 1175 340 1214 listhene
360 1176 642 1221 tractabantur,
664 1182 928 1225 superessent.
976 1175 1083 1217 Quid
1104 1175 1219 1225 igitur
1244 1175 1412 1219 creditis,
1433 1172 1644 1210 Athenien-

175 1250 250 1283 ses,
266 1250 368 1283 eum,
384 1237 494 1287 cujus
509 1243 618 1274 tanta
631 1236 669 1273 in
690 1248 756 1273 vos
778 1237 1041 1274 munificentia
1060 1236 1219 1281 exstitit,
1235 1236 1302 1273 ubi
1323 1236 1487 1273 audierit
1506 1235 1642 1271 immu-

177 1299 338 1340 nitatem
359 1298 430 1336 sibi
449 1298 536 1348 lege
557 1311 625 1349 per
643 1311 710 1336 vos
731 1305 917 1348 ereptam,
938 1311 1055 1349 quam
1074 1312 1122 1336 ne
1143 1304 1292 1335 mutata
1310 1298 1464 1347 quidem
1487 1303 1644 1334 senten-

175 1361 230 1399 tia
245 1374 314 1411 per
333 1360 437 1398 aliud
453 1358 833 1397 senatusconsultum
854 1360 1053 1398 restituere
1074 1360 1202 1404 liceat,
1223 1359 1416 1396 facturum
1437 1357 1552 1395 esse?
1582 1357 1643 1394 An

176 1421 335 1462 dubium
356 1421 465 1459 vobis
487 1427 560 1467 est,
581 1420 673 1471 quin
693 1420 828 1458 eadem
849 1421 924 1459 ista
939 1420 1015 1467 lex,
1031 1420 1062 1458 si
1085 1420 1235 1470 perlata
1260 1419 1386 1465 fuerit,
1407 1425 1445 1456 et
1465 1419 1570 1455 illum
1596 1419 1646 1456 sit

176 1483 389 1535 spoliatura
401 1489 439 1520 et
447 1489 597 1521 vestros
606 1483 710 1521 cives
725 1482 963 1520 immunitate
978 1481 1043 1532 qui
1057 1482 1105 1519 ab
1119 1494 1165 1519 eo
1180 1481 1410 1518 frumentum
1426 1479 1646 1518 advehunt?

179 1545 263 1584 Nec
285 1545 385 1583 enim
406 1545 609 1595 quisquam
629 1550 687 1582 est
705 1551 783 1581 tam
803 1543 941 1594 puerili
955 1543 1162 1589 sententia,
1182 1549 1225 1580 ut
1240 1542 1448 1586 existimet,
1466 1542 1572 1578 illum
1591 1554 1644 1578 ae-

173 1620 254 1658 quo
273 1606 400 1644 animo
419 1605 586 1643 laturum
608 1618 692 1642 esse
712 1612 840 1642 vestra
861 1604 934 1642 sibi
956 1616 1116 1642 munera
1136 1603 1244 1653 eripi,
1267 1616 1339 1640 sua
1364 1615 1454 1640 vero
1486 1614 1648 1639 munera

177 1668 286 1706 vobis
311 1681 389 1705 non
409 1674 642 1718 erepturum.
679 1666 810 1710 Quare
830 1672 969 1716 praeter
991 1665 1114 1703 multa
1126 1664 1373 1702 incommoda
1387 1677 1472 1714 quae
1488 1664 1563 1701 ista
1582 1664 1645 1701 lex

177 1729 216 1767 in
238 1735 434 1780 posterum
451 1727 679 1779 pariet‚jam
694 1727 741 1765 de
753 1727 1006 1778 praesentibus
1023 1726 1249 1764 utilitatibus
1265 1725 1390 1762 aufert
1408 1737 1453 1762 ac
1469 1725 1646 1762 diminuit

176 1791 335 1842 aliquid.
368 1791 418 1828 Et
431 1803 499 1827 vos
518 1795 650 1826 tamen
671 1790 719 1826 de
734 1794 786 1826 'ca
806 1788 1031 1838 abroganda
1051 1787 1272 1825 deliberatis
1294 1786 1437 1831 adhuc,
1462 1799 1539 1823 non
1562 1786 1644 1836 jam

177 1852 267 1890 olim
287 1849 558 1890 deliberastis?
589 1849 679 1901 Ipsa
698 1848 855 1887 decreta
871 1849 919 1886 de
939 1848 1124 1887 Leucone
1140 1848 1245 1886 facta
1265 1861 1359 1900 cape
1379 1855 1415 1885 et
1431 1848 1559 1889 recita,-

768 2003 1038 2041 DECRETA.

237 2103 298 2139 10.
331 2101 363 2137 E
392 2099 559 2137 decretis
579 2099 694 2148 igitur
712 2099 961 2150 perspicuum
983 2106 1054 2142 est,
1072 2098 1239 2149 judices,
1261 2099 1477 2136 Leuconem
1492 2100 1578 2150 jure
1600 2112 1645 2137 ac

178 2162 314 2200 merito
333 2160 614 2199 immunitatem
634 2172 657 2196 a
687 2159 796 2197 vobis
827 2171 915 2196 esse
947 2166 1215 2197 consecutum.
1264 2161 1341 2205 Ac,
1362 2172 1495 2197 earum
1521 2173 1646 2198 rerum

179 2225 351 2262 omniurn
371 2223 572 2261 columnas
593 2220 768 2271 ejusdem
792 2220 1007 2265 sententiae,
1028 2227 1067 2258 et
1085 2234 1154 2258 vos
1181 2228 1220 2258 et
1237 2221 1301 2258 ille
1322 2221 1511 2267 erexistis,
1533 2222 1644 2259 aliam

179 2286 356 2337 Bospori,
380 2285 495 2323 aliam
523 2283 561 2320 in
583 2282 746 2329 Piraeeo,
767 2282 879 2320 aliam
903 2282 951 2320 ad
971 2283 1188 2333 Templum.
1238 2283 1495 2321 Considerate
1517 2283 1647 2334 igitur,

177 2348 217 2386 in
236 2359 353 2399 quam
381 2346 615 2385 immensum
635 2344 808 2382 dedecus
837 2344 899 2381 lex
918 2343 993 2380 ista
1010 2356 1078 2381 vos
1098 2344 1294 2395 conjiciat,
1324 2357 1412 2394 quae
1441 2344 1573 2388 efficit,
1603 2352 1647 2385 ut

179 2410 304 2448 miuus
323 2408 414 2446 fidei
442 2407 480 2445 in
499 2413 584 2445 toto
604 2406 757 2457 Populo
775 2405 962 2457 quam-in
991 2418 1069 2443 uno
1102 2406 1183 2443 viro
1214 2405 1516 2443 essewideatur.
1562 2405 1646 2444 Nec

179 2470 280 2509 enim
298 2468 514 2520 putandum
537 2475 599 2507 est
622 2466 701 2505 alio
731 2459 885 2504 nemine
906 2466 1014 2504 vobis
1042 2474 1190 2505 erectas
1223 2475 1289 2504 eas
1323 2477 1406 2504 esse
1429 2467 1646 2513 columnas,

179 2532 253 2570 nisi
272 2537 315 2569 ut
331 2530 530 2581 pactiones
549 2519 778 2567 sint-earum
799 2537 924 2584 rerum
944 2527 1127 2574 omniurn,
1151 2541 1247 2578 quas
1266 2533 1349 2566 tum
1370 2527 1542 2573 dedistis,
1563 2535 1645 2566 tum

180 2592 386 2644 accepistis
403 2604 412 2628 ε
442 2603 510 2630 eas
528 2590 642 2641 igitur
659 2583 1137 2639 Leuco'sanctetservabit,
1155 2602 1302 2640 vosque
1323 2588 1406 2627 aliis
1423 2596 1540 2639 atque
1561 2590 1643 2628 aliis

181 2653 346 2694 subinde
360 2651 556 2692 beneficiis
576 2651 774 2690 cumulare
793 2646 978 2696 studebit,
999 2664 1068 2689 vos
1088 2664 1179 2688 vero
1195 2657 1344 2688 erectas
1361 2656 1400 2687 et
1414 2656 1562 2687 stantes
1576 2642 1645 2687 ad-

178 2717 256 2756 huc
278 2714 482 2754 columnas
501 2712 626 2751 irritas
645 2712 819 2756 facietis3
853 2712 896 2751 id
918 2712 1025 2763 quod
1052 2712 1169 2764 longe
1191 2713 1345 2763 gravius
1371 2703 1446 2756 est,
1471 2724 1588 2760 quam
1615 2705 1647 2747 si

180 2775 472 2817 demoliremini.
512 2773 634 2818 Nam,
655 2774 687 2812 si
708 2773 762 2813 ita
780 2774 859 2821 fiet,
877 2774 940 2812 hae
969 2774 1159 2812 columnae
1187 2765 1290 2812 dum'
1305 2772 1495 2828 steterint,
1514 2782 1646 2815 eorum

181 2839 369 2885 convicia,
387 2837 454 2889 qui
485 2835 631 2875 civitati
659 2831 1080 2875 nostrae‘maledictum
1111 2830 1366 2883 volunt,‘su0
1396 2834 1505 2886 quasi
1538 2834 1646 2879 testi÷

182 2903 311 2942 monio
331 2898 652 2951 comprobabunt.
694 2897 780 2948 Age
808 2911 911 2944 vero,
942 2898 976 2936 si
1005 2898 1133 2937 Leuco
1158 2897 1288 2939 missis*
1311 2897 1388 2933 huc
1409 2894 1546 2953 legatis
1578 2908 1644 2939 vo,-

181 2963 334 3003 hiscum
353 2958 834 3015 expostularitkquodnam
854 2959 902 3048 οξ
931 2959 1075 2998 crimen
1096 2965 1163 2997 aut
1181 2957 1366 3002 delictum
1397 2967 1443 2999 se*
1467 2957 1646 3005 immun&

871 3045 873 3047 .
924 3025 947 3049 r
