1923 3149
256 182 335 219 256
575 179 649 216 DE
674 178 835 217 MALE
864 179 1051 218 GESTA
1082 177 1409 216 LEGATIONE.

256 289 369 327 tator,
397 281 489 320 diris
517 281 726 333 obligams,
761 281 945 327 mendax,
980 281 1192 319 amicorum
1216 280 1400 332 proditor,
1429 279 1558 318 omnia
1583 279 1715 318 insunt

262 343 516 387 atrocissima,
537 342 632 381 nibil
648 343 787 381 horum
814 342 1009 387 defendet,
1038 354 1164 392 neque
1186 342 1391 392 quicquam
1410 342 1513 392 oequi
1536 348 1605 378 aut
1621 339 1716 378 boni

254 404 486 454 respondere
504 404 669 455 poterit:
698 418 787 455 quae
804 411 934 442 autem
959 416 1033 454 ego
1060 416 1148 440 eum
1174 415 1448 454 responsurum
1474 414 1562 440 esse
1583 401 1714 445 audio,

258 473 349 503 sunt
373 465 438 503 illa
455 465 611 516 quidem
638 466 799 503 insaniae
823 466 1007 516 proxima.
1051 464 1129 502 Sed
1157 477 1245 502 eum
1274 464 1438 501 fortasse
1469 463 1535 513 qui
1566 462 1714 500 nullam

247 526 395 577 justam
415 526 534 564 habet
550 526 853 570 excusationem,
881 526 1032 576 quidvis
1062 538 1222 563 necesse
1248 532 1309 562 est
1334 523 1585 562 comminisci.
1644 521 1716 559 Di·

252 595 403 625 cturum
421 587 550 633 audio,
568 600 700 625 eorum
731 599 794 624 me
823 599 914 636 quae
936 599 1132 632 accusem,
1152 586 1297 623 socium
1325 585 1396 622 sibi
1428 584 1559 629 fuisse,
1577 592 1617 621 et
1646 595 1715 633 ap-

252 650 507 699 probatorem,
539 659 581 686 et
616 649 834 698 adjutorem
864 649 1049 693 omnium,
1080 661 1125 684 ac
1159 646 1298 684 deiude
1327 653 1485 695 repente
1526 651 1716 682 mutatum

254 723 450 748 accusare.
482 712 716 759 Quanquam
736 718 866 746 autem
883 715 1056 746 actorum
1083 708 1149 745 illa
1176 721 1301 758 neque
1323 707 1433 757 justa
1450 714 1510 743 est
1526 705 1715 745 defensio,

251 783 380 821 neque
416 771 663 814 conveniens,
699 769 770 806 sed
806 769 882 806 mei
914 768 1094 818 quaedam
1133 769 1331 806 accusatio
1365 771 1458 817 (ego
1495 767 1598 804 enim
1641 767 1716 804 ista

253 832 286 868 si
312 831 402 876 feci,
426 843 593 880 nequam
619 829 737 866 homo
762 842 863 875 sum,
893 842 955 867 res
983 836 1114 867 autem
1134 836 1338 880 propterea
1364 828 1484 866 nihilo
1516 836 1608 866 sunt
1634 840 1717 865 me-

252 892 381 938 liores,
406 905 533 942 neque
562 890 691 928 multis
714 890 841 928 verbis
868 898 928 928 est
952 894 1068 941 opus)
1094 899 1224 928 tamen
1252 889 1364 928 officii
1387 890 1460 926 mei
1493 903 1579 927 esse
1606 897 1715 940 puto,

253 962 457 1004 utrumque
484 953 593 990 vobis
625 960 669 989 ut
693 951 914 997 ostendam,
942 961 983 990 et
1009 951 1258 989 mentiturum
1290 964 1392 994 eum,
1414 951 1447 987 si
1476 951 1570 988 talia
1599 950 1716 997 dieet,

254 1023 293 1054 et
317 1015 532 1066 legitimam
555 1014 820 1051 defensionem
845 1013 1143 1050 declinaturum.
1191 1012 1290 1055 Quae
1319 1012 1375 1049 ita
1403 1011 1517 1049 fuerit
1544 1012 1653 1062 justa
1677 1018 1718 1049 et

253 1076 429 1127 simplex,
449 1075 482 1112 si
499 1083 567 1112 aut
582 1087 663 1112 non
681 1074 820 1112 fecisse
840 1087 883 1111 se
901 1087 988 1125 quae
1008 1080 1254 1118 accusentur,
1281 1072 1517 1117 ostenderet,
1536 1080 1605 1110 aut
1628 1079 1717 1111 acta

252 1151 341 1188 quae
359 1137 449 1181 sint,
467 1136 659 1188 profuisse
676 1134 921 1186 reipublicae;
950 1148 1113 1186 quorum
1127 1134 1200 1172 iste
1218 1142 1396 1172 neutrum
1418 1134 1544 1172 facere
1563 1133 1715 1185 poterit.

254 1198 392 1248 Neque
421 1199 523 1236 enim
550 1197 725 1248 profecto
756 1196 885 1234 dicere
917 1196 1073 1248 poterit,
1101 1195 1298 1246 expedire,
1326 1204 1370 1234 ut
1394 1195 1617 1234 Phocenses
1646 1207 1715 1245 pe-

249 1260 395 1303 rierint,
415 1267 459 1296 ut
475 1258 593 1309 Pylas
612 1257 814 1308 Philippus
842 1265 988 1302 teneat,
1007 1264 1051 1294 ut
1069 1257 1245 1295 Thebani
1263 1256 1341 1294 sint
1358 1264 1550 1307 potentes,
1581 1264 1626 1294 nt
1643 1257 1714 1295 mi·

250 1320 338 1358 lites
357 1322 396 1358 in
415 1320 564 1358 Euboea
581 1328 797 1363 versentur,
818 1327 862 1356 ut
880 1319 1054 1369 Megaris
1080 1318 1231 1356 insidiae
1249 1318 1358 1362 fiant,
1377 1327 1421 1355 ut
1439 1331 1517 1368 pax
1537 1318 1644 1356 nullo
1663 1319 1716 1357 sit

246 1380 496 1432 jurejurando
520 1381 760 1425 confirmata,
787 1381 926 1431 quibus
956 1387 1040 1417 tum
1068 1380 1260 1417 contraria
1285 1380 1396 1417 vobis
1432 1379 1643 1425 nunciavit,
1670 1388 1716 1418 ut

251 1454 341 1492 quae
369 1450 409 1480 et
434 1442 542 1480 utilia
566 1450 714 1510 essent,
733 1450 774 1508 et
798 1441 930 1479 futura
949 1449 1102 1479 essent:
1131 1455 1257 1491 neque
1284 1441 1351 1478 illa
1375 1454 1454 1478 non
1484 1455 1568 1479 esse
1594 1442 1712 1486 facta,

251 1577 369 1615 quum
394 1571 467 1608 oet,
495 1564 588 1599 nihil
607 1564 768 1600 istorum
788 1563 959 1601 omnium
980 1563 1032 1600 ad
1049 1576 1111 1600 me
1131 1563 1294 1601 attinere
1314 1571 1357 1600 ut
1375 1563 1592 1601 ostendam.

259 1648 262 1649 ν
303 1626 371 1662 61.
399 1623 528 1661 Vultis
557 1623 676 1674 igitur
701 1637 779 1669 me,
804 1626 943 1663 ceteris
968 1625 1145 1662 omnibus
1170 1625 1336 1671 omissis,
1364 1633 1410 1662 ut
1435 1625 1584 1663 scilicet
1607 1625 1714 1677 apud

249 1700 321 1725 vos
346 1686 386 1723 in
413 1698 481 1723 eos
506 1685 577 1722 sim
602 1684 789 1728 invectus,
807 1693 853 1722 ut
878 1687 917 1723 in
945 1686 1081 1724 itinere
1099 1699 1166 1724 eos
1194 1686 1435 1730 offenderim,
1462 1694 1508 1724 ut
1528 1686 1583 1724 eis
1610 1687 1714 1725 omni

252 1755 424 1798 tempore
443 1747 513 1784 sim
535 1745 777 1790 adversatus,
793 1747 887 1783 istos
906 1746 1013 1797 ipsos
1032 1747 1244 1798 producere
1257 1755 1378 1785 testes
1389 1749 1518 1786 omnia
1536 1748 1634 1786 inter
1651 1761 1715 1786 me

249 1817 290 1847 et
306 1809 394 1846 illos
414 1807 605 1846 contraria
623 1820 711 1844 esse
737 1807 868 1844 facta?
895 1807 991 1845 istos
1010 1809 1214 1857 pecuniam
1243 1818 1379 1846 contra
1402 1821 1472 1846 vos
1501 1809 1712 1859 accepisse,

250 1883 315 1908 me
332 1869 564 1908 recusasse?
591 1868 731 1918 Videte
759 1869 888 1919 igitur,
918 1882 1126 1919 quemnam
1153 1869 1194 1905 in
1225 1869 1378 1906 civitate
1405 1870 1602 1907 fateamini
1626 1883 1713 1909 esse

249 1931 596 1975 vaecordissimum,
630 1937 669 1967 et
702 1931 926 1968 temeritatis
964 1940 1080 1981 atque
1114 1930 1363 1981 impudentiae
1395 1931 1714 1969 refertissimum?

251 1994 456 2032 Neminem
475 2000 641 2030 vestrum
667 1991 728 2028 vel
747 2005 816 2042 per
833 2005 999 2029 errorem
1017 1991 1136 2030 alium
1165 1992 1245 2029 scio
1265 1991 1473 2036 dicturum,
1490 2005 1607 2042 quam
1621 1992 1713 2030 Phi-

249 2055 447 2093 locratem.
494 2054 620 2095 Quem
639 2060 770 2090 autem
798 2053 966 2090 omnium
993 2052 1331 2098 clamosissimum,
1356 2059 1397 2090 et
1425 2053 1606 2103 quaelibet
1631 2054 1713 2092 cla-

248 2117 399 2154 rissima
425 2129 521 2154 voce
546 2114 893 2166 pronunciantem?
920 2114 1149 2152 AEschinem
1186 2113 1376 2151 nimirum.
1424 2114 1551 2158 Quem
1581 2122 1714 2153 autem

249 2178 314 2215 isti
331 2190 462 2215 carere
479 2177 655 2222 audacia,
676 2184 717 2214 et
729 2175 909 2213 timidum
926 2189 1011 2214 esse
1026 2175 1076 2213 ad
1095 2175 1227 2212 turbas
1241 2175 1391 2220 dicunt,
1409 2188 1484 2225 ego
1502 2182 1631 2213 autem
1644 2188 1712 2214 v&

249 2239 490 2277 recundum?
520 2239 601 2276 Me.
632 2238 770 2288 Neque
787 2239 891 2276 enim
909 2251 1079 2288 unquam
1098 2237 1208 2274 vobis
1226 2236 1411 2274 molestus
1428 2236 1498 2280 fui.
1517 2243 1588 2274 aut
1601 2237 1715 2288 coegi

250 2300 403 2338 invitos.
420 2300 542 2351 Atqui
556 2300 780 2338 inomnibus
794 2299 1057 2344 concionibus,
1066 2298 1217 2349 quoties
1232 2297 1282 2335 de
1293 2297 1353 2335 his
1360 2297 1504 2335 mentio
1521 2297 1624 2335 sacta
1637 2305 1711 2342 est,

251 2369 293 2398 et
309 2370 556 2400 accusantem
574 2374 637 2398 me
655 2359 833 2406 audistis,
851 2370 891 2399 et
909 2374 1061 2412 semper
1079 2360 1175 2398 is‘tos
1194 2359 1504 2427 redarguentem,
1524 2367 1564 2397 et
1581 2359 1713 2410 palam

252 2422 461 2468 dicentem,
495 2436 563 2461 eos
594 2422 792 2473 accepisse
824 2422 1039 2473 pecuniam,
1069 2428 1109 2459 et
1144 2421 1273 2458 omnia
1300 2419 1519 2458 vendidisse
1554 2421 1713 2471 negotia

250 2483 433 2522 civitatis.
466 2484 565 2527 Quae
594 2484 656 2520 isti
675 2497 762 2521 cum
780 2483 971 2528 audirent,
990 2495 1105 2520 nemo
1123 2494 1291 2532 uuquam
1311 2493 1446 2519 eorum
1464 2481 1534 2519 ivit
1549 2481 1713 2530 inficias,

250 2557 332 2583 non
348 2558 394 2583 os
411 2545 573 2596 aperuit,
592 2557 671 2582 non
689 2557 732 2582 se
755 2544 935 2582 ostendit.
978 2544 1078 2585 Quae
1096 2543 1212 2593 igitur
1235 2554 1355 2580 causa
1373 2549 1448 2587 est,
1477 2550 1521 2580 ut
1537 2543 1712 2581 omnium

251 2605 523 2644 vaecordissimi
548 2605 588 2642 in
608 2605 774 2650 civitate,
796 2612 835 2642 et
861 2617 957 2642 voce
975 2602 1212 2653 amplissima
1229 2602 1393 2653 praediti,
1413 2616 1438 2641 a
1460 2616 1523 2641 me
1541 2604 1712 2642 omnium

252 2666 508 2711 timidissimo,
536 2672 575 2703 et
599 2665 751 2704 nemine
778 2665 917 2702 clarius
943 2664 1136 2715 loquente,
1158 2671 1307 2701 tantum
1323 2663 1580 2715 superentur?
1608 2663 1712 2708 Quia

253 2728 391 2765 veritas
409 2736 467 2765 est
484 2734 636 2778 potens,
656 2727 887 2764 contrarium
905 2725 1110 2763 infirmum.
1152 2725 1405 2763 Conscientia
1427 2724 1707 2776 proditionum,

252 2788 362 2839 eripit
388 2789 443 2826 eis
471 2787 687 2837 audaciam,
706 2800 753 2825 ea
776 2787 949 2838 linguam
978 2786 1160 2837 reprimit,
1181 2786 1337 2823 obturat
1359 2798 1418 2830 os,
1445 2786 1569 2836 angit,
1592 2784 1709 2823 silen-

253 2848 346 2885 tium
364 2849 539 2899 imponit.
581 2849 826 2887 Postremum
850 2856 979 2886 autem
1010 2846 1105 2884 illud
1125 2846 1299 2898 profecto
1322 2845 1462 2890 nostis,
1490 2858 1594 2891 eum,
1618 2858 1708 2884 cum

252 2920 377 2960 nuper
395 2910 566 2960 legatum
589 2911 642 2949 ire
658 2922 738 2948 non
757 2909 946 2954 sineretis,
969 2908 1204 2953 clamitasse,
1224 2907 1327 2947 diem
1346 2919 1388 2946 se
1405 2905 1498 2944 mihi
1516 2905 1707 2946 dicturum
