1923 3149
737 151 811 188 DE
843 150 1084 188 CORONA.
1569 155 1639 191 1753

197 250 318 279 sthenes
344 251 560 281 Demosthenis
586 253 606 282 f.
631 253 818 283 Paeaniensis
834 263 924 283 aurea
943 263 1055 283 corona
1071 254 1246 288 donaretur,
1258 258 1288 283 et
1305 255 1332 283 in
1348 255 1464 284 theano
1481 255 1641 294 Dionysiis

197 301 313 340 magnis
329 301 416 332 novis
429 303 590 342 agentibus
602 305 750 343 tragoedis
763 305 990 344 praedicaretur,
1007 304 1026 333 d
1037 314 1054 334 ο
1066 314 1082 333 n
1096 314 1112 333 a
1123 304 1159 333 ri
1183 314 1200 333 a
1222 315 1241 343 p
1252 315 1269 333 o
1281 315 1299 343 p
1310 316 1329 334 u
1340 306 1348 334 l
1360 316 1377 334 ο
1402 307 1430 335 D
1442 316 1494 335 em
1504 317 1521 336 o
1534 317 1547 335 s
1559 307 1599 336 th
1610 317 1642 336 e-

196 361 277 381 nem
309 352 610 384 Demosthenis
642 356 662 385 f.
695 355 971 385 Paeaniensem
1003 365 1131 384 aurea
1160 365 1286 385 coron
1301 366 1317 385 a
1339 356 1518 386 virtutis
1548 367 1645 396 ergo

197 402 624 444 benevolentiaeque,
655 417 770 445 qnam
796 411 1004 445 perpetuo
1033 406 1168 435 habet
1192 410 1276 435 tum
1300 406 1334 435 in
1358 407 1532 436 Graecos
1563 408 1643 437 uni-

196 463 346 482 versos
375 458 450 484 tum
473 455 510 485 in
543 466 630 496 pop.
658 457 871 486 Athenien
887 467 982 493 sem,
1013 462 1133 496 atque
1157 456 1441 492 fortitudinis,
1470 462 1507 486 et
1532 459 1641 495 quod

195 514 396 544 nunquam
427 516 507 535 non
548 517 714 546 operam
756 507 880 537 dedit
920 508 978 537 iis
1015 508 1196 548 agendis
1228 507 1527 547 dicendisque
1556 520 1643 547 quae

195 562 293 586 sunt
320 558 490 596 populo
521 558 775 594 utilissima,
801 564 837 588 et
858 570 1072 598 propenso
1101 560 1238 589 animo
1269 559 1327 588 sit
1348 559 1397 588 ad
1426 564 1645 598 quantum-

196 606 259 637 vis
291 609 557 638 beneficium
586 620 664 648 pro
696 609 827 639 virili
856 611 1213 650 praestandum—z
1239 609 1645 649 quaeomniafalsascripsit

196 662 224 687 et
251 659 370 697 legibus
397 659 558 695 contraria,
575 671 641 689 cnm
657 660 775 700 legibus
785 666 906 690 cautum
925 661 962 690 sit
979 661 1110 700 primum
1126 672 1163 690 ne
1179 661 1255 690 falso
1273 662 1387 699 scripta
1403 660 1434 689 in
1453 660 1572 690 tabulas
1589 671 1645 699 pu-

194 708 289 738 blicas
315 710 500 745 deserantur,
517 710 629 740 deinde
646 722 682 741 ne
698 711 766 750 quis
780 717 848 742 ante
869 712 977 742 relatas
994 714 1124 742 rationes
1143 717 1326 742 coronetur:
1352 716 1397 741 est
1413 715 1514 741 autern
1532 712 1642 741 Demo-

192 758 316 789 sthenes
329 764 448 790 curator
461 761 555 791 muris
572 762 743 792 reficiendis
760 767 791 792 et
807 763 947 792 theatrali
964 763 1100 802 pecuniae
1115 763 1278 802 praefectus
1293 773 1299 790 z
1317 763 1415 792 adhuc
1431 762 1522 792 etiam
1540 772 1577 791 ne
1593 772 1645 792 co-

192 819 273 838 ronae
290 811 467 849 praedicatio
484 813 535 842 fiat
551 813 579 842 in
597 813 716 843 theatro
734 814 892 853 Dionysiis
908 814 1053 854 tragoedis
1070 814 1171 849 nobis,
1190 814 1244 843 sed
1260 814 1374 852 siquem
1398 817 1520 843 senatus
1537 824 1648 844 corona

193 862 297 897 donet,
313 862 343 891 in
359 862 444 892 curia
458 864 496 893 de
512 874 549 894 eo
564 865 788 904 praedicandum
806 876 884 900 esse,
903 866 947 894 sin
965 865 1088 899 civitas,
1104 865 1133 894 in
1150 866 1256 904 Pnyce
1283 865 1314 893 in
1334 865 1491 893 concione.
1530 864 1647 894 Mulcta

193 913 306 943 talenta
322 913 547 954 quinquaginta.
579 917 690 946 Testes
707 917 863 946 citationis
881 917 1098 955 Cephisophon
1120 915 1376 955 Cephisophontis
1392 916 1412 944 f.
1431 915 1648 950 Rhamnusius,

194 964 289 995 Cleon
306 965 430 995 Cleonis
447 967 467 996 f.
484 967 682 996 Cothocides.

252 1102 310 1140 18.
341 1103 438 1144 Quae
458 1103 495 1139 in
516 1103 670 1142 decreto
690 1104 764 1141 isto
785 1104 968 1154 exagitat,
997 1103 1269 1148 Athenienses,
1291 1104 1373 1142 haec
1402 1110 1504 1141 sunt.
1562 1103 1646 1153 Ego

194 1174 282 1199 vero
295 1176 341 1200 ex
355 1163 464 1200 hisce
485 1164 645 1213 primum
665 1164 757 1215 ipsis
777 1165 934 1215 planum
953 1178 1013 1202 me
1028 1165 1134 1203 vobis
1149 1165 1339 1203 facturum
1357 1165 1523 1209 confido,
1542 1164 1647 1214 quod

193 1223 230 1260 in
249 1225 423 1262 omnibus
453 1225 522 1262 sim
536 1226 645 1276 justa
663 1226 886 1264 defensione
914 1240 1067 1264 usurus.
1118 1226 1276 1265 Servato
1306 1227 1407 1264 enim
1432 1226 1569 1263 eodem
1589 1238 1649 1262 or-

194 1284 283 1323 dine
302 1299 414 1336 quem
435 1287 516 1338 ipse
537 1287 574 1325 in
590 1287 634 1325 iis
656 1301 743 1338 quae
762 1295 900 1326 contra
918 1302 979 1326 me
1002 1288 1151 1338 scripsit
1170 1294 1311 1325 secutus
1327 1293 1393 1333 est,
1407 1287 1454 1325 de
1471 1286 1648 1324 omnibus

194 1347 377 1398 deinceps
409 1349 604 1399 sigillatim
624 1350 750 1388 dicam
782 1350 952 1400 nihilque
985 1350 1108 1388 sciens
1139 1351 1352 1401 praeteribo.
1401 1349 1517 1391 Quod
1538 1348 1650 1399 igitur

194 1409 346 1460 scripsit
367 1409 558 1461 Ctesiphon
572 1419 762 1463 perpetuo
783 1425 843 1451 me
865 1426 951 1464 quae
971 1413 1113 1464 populo
1132 1412 1334 1450 utilissima
1354 1418 1444 1450 sunt
1465 1419 1503 1449 et
1523 1411 1650 1448 dicere

195 1475 234 1507 et
255 1483 367 1520 agere
396 1472 599 1522 animoque
621 1487 706 1511 esse
726 1486 915 1524 propenso
936 1473 984 1511 ad
1004 1480 1189 1524 quantum
1209 1474 1247 1511 in
1266 1487 1325 1510 me
1347 1474 1461 1511 situm
1488 1473 1538 1510 sit
1558 1473 1650 1509 boni

194 1533 468 1582 praestandum,
489 1549 626 1585 meque
649 1549 763 1586 super
779 1537 838 1574 his
856 1536 1084 1582 laudaverit,
1100 1548 1229 1574 eorum
1245 1549 1318 1586 ego
1338 1548 1474 1573 censeo
1494 1535 1532 1571 in
1553 1534 1649 1571 meis

195 1594 348 1644 publice
362 1597 483 1646 gestis
504 1598 618 1634 rebus
634 1598 800 1648 positam
819 1611 906 1636 esse
922 1597 1240 1648 disceptationem
1256 1611 1264 1633 :
1294 1597 1353 1634 his
1369 1597 1468 1634 enim
1489 1595 1651 1646 diligen-

196 1662 253 1693 ter
267 1658 492 1696 examinatis
516 1666 755 1710 compertum
771 1660 854 1705 erit,
868 1672 1006 1697 verane
1028 1660 1105 1697 sint
1120 1665 1233 1709 atque
1254 1658 1394 1695 idonea
1414 1671 1500 1708 quae
1521 1657 1568 1694 de
1589 1668 1650 1694 me

197 1719 349 1770 scripsit
369 1719 596 1770 Ctesiphon,
613 1733 662 1758 an
684 1734 771 1759 vero
785 1722 895 1759 falsa.
926 1720 1042 1763 Quod
1058 1727 1186 1758 autem
1205 1720 1359 1758 decreto
1375 1719 1468 1756 illud
1484 1732 1560 1756 non
1581 1718 1650 1755 ad-

196 1781 620 1832 scripsitcoronandum
635 1790 1115 1834 esseeumpostquam
1141 1781 1372 1819 rationes
1393 1781 1648 1826 retulerit,

195 1843 376 1895 quodque
394 1857 574 1888 coronam
590 1845 628 1882 in
644 1844 792 1883 theatro
804 1844 1004 1896 praedicari
1016 1843 1145 1894 jussit,
1166 1842 1279 1881 etiam
1295 1842 1369 1880 hoc
1387 1842 1437 1880 ad
1452 1855 1498 1879 ea
1511 1843 1651 1892 quaein

196 1918 276 1956 rep.
298 1905 402 1955 gessi
421 1912 515 1956 puto
546 1906 750 1956 pertinere,
770 1914 899 1944 utrum
918 1906 1064 1944 scilicet
1091 1918 1233 1943 corona
1266 1911 1305 1942 et
1334 1904 1529 1955 praeconio
1552 1905 1650 1942 inter

197 1965 298 2003 cives
308 1966 482 2016 faciendo
513 1967 654 2018 dignus
686 1981 809 2006 necne
843 1968 912 2005 sim
929 1981 938 2006 ε
969 1966 1110 2004 deinde
1138 1966 1246 2016 leges
1281 1965 1369 2002 mihi
1400 1965 1652 2016 proferendas

197 2040 279 2065 esse
299 2027 486 2073 existimo,
505 2041 571 2078 per
587 2042 683 2078 quas
703 2030 867 2067 scribere
886 2029 971 2066 haec
986 2027 1136 2066 licuerit
1156 2026 1412 2078 Ctesiphonti.
1455 2027 1581 2077 Atque
1599 2027 1653 2064 is-

197 2089 378 2126 tiusmodi
395 2089 550 2139 quidem
565 2089 843 2136 defensionem,
860 2090 1128 2135 Athenienses,
1148 2089 1358 2139 simplicem
1380 2101 1424 2125 ac
1439 2087 1652 2138 legitimam

199 2151 323 2188 facere
335 2151 528 2201 constitui,
543 2152 745 2202 aggrediar
765 2159 892 2189 autem
912 2152 1073 2202 primum
1096 2151 1146 2188 ad
1164 2163 1321 2200 ea‚quae
1342 2149 1652 2200 gessi.—Neque

198 2226 258 2251 me
269 2213 468 2263 quisquam
482 2212 676 2251 existimet
687 2214 878 2251 abducere
892 2226 1104 2251 sermonem
1116 2213 1163 2250 ab
1173 2211 1430 2256 accusatione,
1447 2211 1529 2248 siin
1541 2211 1651 2248 Grae-

198 2274 351 2312 canicas
372 2288 432 2312 res
453 2281 581 2325 gestas
601 2284 640 2312 et
659 2275 850 2313 orationes
869 2274 1052 2312 incidero.
1083 2273 1183 2310 Nam
1203 2273 1269 2323 qui
1296 2285 1379 2310 eam
1399 2272 1542 2310 decreti
1564 2285 1651 2322 par-

199 2344 276 2374 tem
304 2336 511 2374 insectatur
528 2337 567 2374 in
586 2350 663 2386 qua
690 2350 752 2374 me
773 2336 916 2388 optima
936 2336 1063 2374 dicere
1092 2342 1208 2385 atque
1227 2347 1339 2384 agere
1366 2334 1549 2384 scriptum
1580 2342 1652 2380 est,

201 2397 339 2447 quique
357 2397 443 2436 haec
470 2404 652 2448 tanquam
673 2399 771 2436 falsa
788 2397 934 2449 judicio
954 2397 1208 2448 prosequitur,
1228 2397 1259 2434 is
1280 2396 1359 2446 ipse
1390 2404 1448 2433 est
1469 2396 1533 2446 qui
1552 2396 1650 2433 hanc

201 2460 249 2497 de
272 2459 447 2496 omnibus
466 2460 561 2497 meis
581 2459 617 2496 in
639 2473 718 2510 rep.
738 2459 920 2497 institutis
941 2460 1131 2508 rebusque
1152 2458 1269 2508 gestis
1291 2458 1502 2495 orationem
1529 2464 1567 2495 et
1589 2470 1651 2495 ac-

201 2520 388 2557 cusationi
403 2521 690 2558 convenientem
706 2521 797 2558 secit
811 2527 849 2558 et
862 2520 1132 2558 necessariam.
1162 2519 1319 2556 Deinde
1341 2532 1426 2557 cum
1442 2519 1562 2556 multa
1579 2519 1654 2555 sint

200 2582 239 2619 in
260 2594 338 2631 rep.
368 2580 669 2619 administranda
699 2581 923 2626 ministeria,
953 2581 1047 2618 illud
1068 2593 1140 2631 ego
1169 2587 1327 2618 secutus
1358 2593 1441 2617 sum
1471 2579 1575 2629 quod
1603 2577 1648 2615 ad

198 2642 448 2680 Graecanicas
468 2655 528 2679 res
548 2643 782 2693 pertinebat:
814 2655 863 2680 ex
890 2643 934 2681 iis
964 2655 1056 2693 ergo
1085 2643 1330 2693 probationes
1363 2654 1469 2678 meas
1497 2652 1650 2688 aequum

202 2711 262 2742 est
279 2710 324 2742 ut
341 2704 544 2741 deducam.

259 2767 321 2803 19.
350 2767 448 2807 Quae
473 2764 590 2815 igitur
611 2766 835 2816 priusquam
863 2779 936 2817 ego
966 2766 1015 2803 ad
1048 2779 1165 2815 remp.
1196 2765 1343 2802 accessi
1373 2770 1410 2800 et
1438 2762 1553 2799 verba
1582 2775 1652 2812 pro

196 2827 386 2864 >concione
406 2825 480 2863 feci
494 2832 784 2876 praeoccuparat
810 2840 854 2864 ac
870 2827 1084 2864 detinuerat
1103 2825 1318 2875 Philippus,
1337 2822 1651 2874 praetermittam;

203 2887 295 2924 nihil
314 2885 413 2926 enim
440 2887 596 2925 istorum
618 2886 667 2924 ad
684 2899 744 2924 me
763 2886 902 2925 abitror
922 2887 1100 2926 attinere:
1131 2898 1217 2937 quae
1244 2890 1371 2923 autem
1398 2890 1650 2935 posteaquam
