1923 3149
534 174 589 211 IN
621 173 938 212 ONETOREM
970 174 1121 212 UNDE
1153 175 1210 213 VI
1244 175 1272 212 Ι.
1547 179 1621 214 507

170 275 352 322 sciebam,
372 282 448 314 tres
475 277 634 318 ancillas
661 279 708 315 ab
728 290 775 315 eo
801 276 1005 327 postulavi,
1027 289 1114 326 quae
1134 283 1173 314 ct
1193 276 1520 315 matremfamilias
1539 290 1623 316 esse

169 336 365 375 mulierem
385 344 424 375 et
441 338 645 388 pecuniam
667 350 784 389 penes
803 338 898 375 istos
918 348 1003 374 esse
1024 344 1176 384 norant,
1196 344 1240 375 ut
1261 351 1338 376 non
1359 339 1477 377 verba
1491 339 1623 386 modo,

169 401 237 438 sed
258 400 490 451 quaestiones
523 401 636 438 etiam
657 400 706 438 (le
738 413 777 438 re
796 400 1043 437 haberentur.
1101 400 1200 442 Quae
1222 413 1309 438 cum
1328 402 1361 438 ei
1389 401 1442 439 sic
1472 402 1625 440 denun-

166 465 303 509 ciasse,
324 469 362 500 et
382 462 447 513 qui
469 461 630 500 aderant
658 475 791 499 omnes
817 474 970 511 aequum
995 460 1191 515 postulare
1223 474 1284 498 me
1313 463 1626 512 pronunciarent,

168 525 218 563 ad
243 524 347 561 hanc
368 523 580 573 confugere
612 523 878 573 probationem
899 521 1047 559 noluit:
1078 521 1160 565 sed,
1182 521 1339 571 perinde
1361 535 1406 560 ac
1427 523 1457 561 si
1483 524 1625 563 talibus

165 585 205 623 in
240 584 402 635 negotiis
437 584 522 622 aliae
556 584 804 635 probationes
832 589 962 621 essent
987 582 1267 633 quaestionibus
1295 590 1334 621 et
1358 585 1520 622 testibus
1547 586 1626 623 evi-

166 645 375 692 dentiores,
406 659 532 696 neque
565 645 728 684 testibus
765 645 943 683 adductis
976 645 1024 682 de
1059 652 1260 682 numerata
1291 644 1395 690 dote,
1427 659 1553 695 neque
1586 647 1625 685 in

165 707 419 759 quaestionem
446 707 547 745 datis
577 707 724 745 ancillis
752 706 800 745 de
832 706 970 745 sororis
998 706 1240 755 matrimonio
1260 706 1438 752 consciis,
1457 719 1531 752 me,
1563 709 1626 758 qui

166 769 250 807 haec
283 770 331 807 ab
365 781 411 806 eo
436 768 695 819 postulabam,
716 769 879 818 superbe
908 768 1065 806 omnino
1093 774 1132 805 et
1156 767 1435 806 contumeliose
1460 780 1483 806 a
1503 769 1625 806 collo-

166 829 257 881 quio
289 842 358 867 suo
391 830 544 881 repulit.
603 829 706 873 Quid
739 829 812 867 isto
844 829 925 866 fieri
957 836 1089 880 posset
1120 828 1275 867 homine
1303 828 1498 878 iniquius?
1540 831 1626 880 quis

167 891 290 942 magis
309 890 358 929 de
377 890 567 928 industria
586 903 625 928 se
646 890 822 941 ignarum
841 902 925 928 esse
946 890 1047 939 aequi
1065 890 1235 940 bonique
1256 890 1480 928 simularet?
1518 891 1625 942 Cape

167 951 482 1004 provocationem
503 958 541 989 et
561 951 690 989 recita.

716 1095 1086 1134 PROVOCATIO.

167 1189 249 1228 Vos
268 1197 397 1229 autem
416 1196 456 1228 et
479 1191 653 1242 privatim
674 1197 714 1229 et
735 1191 892 1242 publice
912 1190 1192 1241 quaestionibus
1213 1203 1404 1229 summam
1425 1191 1538 1229 fidem
1558 1192 1626 1229 ha-

167 1253 289 1291 betis:
320 1260 373 1299 et,
392 1265 480 1290 cum
497 1253 595 1291 servi
615 1259 655 1292 et
674 1253 832 1304 ingenui
852 1252 1009 1300 adsunt,
1035 1254 1075 1291 in
1104 1252 1333 1304 explicanda
1353 1254 1627 1299 controversia,

167 1327 245 1352 non
277 1313 427 1351 utimini
451 1314 680 1352 testimoniis
711 1315 980 1365 ingenuorum,
1003 1315 1072 1353 sed
1098 1314 1151 1352 ita
1169 1327 1295 1352 rerum
1316 1322 1511 1365 gestarum
1531 1314 1628 1352 veri-

163 1380 284 1414 tatem
302 1374 513 1426 exquiritis,
534 1383 576 1413 ut
595 1387 724 1414 servos
744 1375 970 1426 torqueatis.
1028 1376 1112 1413 Nec
1130 1375 1282 1426 injuria,
1296 1376 1318 1412 J
1325 1375 1465 1414 udices.
1525 1375 1628 1413 Nam

167 1435 371 1487 aliquoties
405 1436 561 1473 testium
598 1436 749 1487 aliquos
781 1437 880 1474 falsa
910 1436 1104 1475 testificari
1137 1443 1381 1487 compertum
1411 1443 1493 1475 est:
1531 1437 1628 1475 nulli

166 1511 257 1537 vero
293 1497 392 1536 servi
427 1498 591 1549 subjecti
625 1497 905 1549 quaestionibus
935 1512 1105 1550 unquam
1131 1499 1170 1536 in
1202 1499 1403 1537 tormentis
1435 1499 1627 1536 mendacii

166 1560 355 1611 comperti
386 1565 488 1597 sunt.
546 1560 625 1598 Iste
644 1573 750 1607 vero,
771 1567 829 1598 tot
850 1560 939 1612 jura
959 1567 1189 1611 aspernatus
1219 1560 1395 1610 adeoque
1415 1560 1627 1611 perspicuis

164 1627 206 1660 et
223 1620 374 1672 magnis
393 1621 979 1673 probationibus,praetermissiS,
1001 1622 1210 1674 Aphobum
1230 1628 1369 1660 testem
1393 1621 1627 1660 adducendo

166 1690 208 1722 et
236 1684 509 1730 Timocratem,
543 1683 648 1722 hunc
678 1683 727 1721 de
758 1683 865 1729 data,
886 1684 993 1722 illum
1022 1684 1070 1722 de
1100 1690 1261 1736 accepta,
1289 1683 1392 1729 dote,
1413 1682 1486 1720 sibi
1508 1682 1627 1720 fidem

166 1744 298 1783 haberi
318 1758 342 1783 a
358 1745 466 1783 vobis
487 1745 712 1797 postulabit,
733 1759 813 1784 rem
832 1759 919 1784 cum
939 1745 1022 1784 istis
1042 1747 1189 1797 absque
1207 1744 1373 1784 testibus
1392 1750 1628 1782 transactam

167 1805 336 1857 fingens.
392 1806 528 1845 Tantae
545 1820 615 1845 vos
633 1807 825 1845 vecordiae
845 1807 1017 1846 damnat.

222 1869 283 1906 13.
314 1868 392 1906 Eos
411 1867 528 1919 igitur
541 1882 667 1920 neque
683 1882 785 1917 vera,
798 1882 925 1920 neque
940 1869 1155 1908 verisimilia
1170 1868 1351 1913 dicturos,
1372 1874 1453 1905 tum
1468 1880 1489 1905 e
1505 1867 1629 1918 prima

164 1943 297 1970 eorum
329 1930 574 1968 confessione
605 1931 654 1968 de
685 1931 777 1969 dote
802 1945 882 1969 non
907 1932 1073 1976 reddita,
1105 1938 1189 1969 tum
1219 1943 1265 1968 ex
1297 1928 1552 1967 affirmatione
1578 1928 1627 1965 de

166 1992 301 2032 eadem
326 1992 408 2030 sine
435 1991 602 2029 testibus
632 1991 799 2038 reddita,
832 1998 916 2030 tum
949 2005 997 2030 ex
1025 1992 1111 2042 ipso
1137 1997 1312 2041 tempore
1341 1989 1447 2040 quod
1479 1989 1518 2026 in
1547 1989 1625 2027 dis-

164 2054 311 2092 crimen
334 2052 415 2103 jam
440 2051 612 2090 adducta
637 2064 678 2089 re
703 2051 883 2090 familiari
911 2052 1142 2090 solutionem
1169 2051 1252 2089 fieri
1274 2064 1351 2088 non
1379 2050 1480 2097 sivit,
1501 2056 1582 2089 tum
1603 2063 1625 2088 e

166 2114 320 2154 caeteris
337 2114 454 2153 rebus
474 2113 666 2161 omnibus,
686 2113 782 2152 satis
803 2126 827 2152 a.
843 2127 905 2152 me
924 2120 1122 2152 ostensum
1138 2125 1222 2152 esse
1241 2111 1433 2151 existimo.
