1923 3149
291 191 365 226 358
683 188 909 226 CONTRA
939 189 1358 227 ANDROTIONEM.

288 291 335 328 de
365 291 408 327 iis
429 291 493 342 qui
519 303 593 328 non
622 297 770 341 petunt,
802 305 873 330 nec
902 293 1075 343 accipere
1104 293 1318 344 postulant,
1351 304 1505 343 prorsus
1533 305 1581 330 ne
1611 293 1736 342 rogari

287 351 443 402 quidem
472 351 736 390 conveniebat.
770 352 976 398 Praeterea,
997 367 1084 392 cum
1112 354 1343 404 quibusdam
1375 354 1422 391 de
1452 354 1564 391 rebus
1594 353 1735 392 Midias

287 420 486 451 accusaret
507 422 694 460 senatum,
713 422 751 452 et
766 414 861 452 alios
882 415 1085 466 quosdam,
1106 416 1352 454 subsilientes
1375 422 1569 454 senatores
1591 414 1735 466 precati

287 481 390 519 sunt,
409 487 456 511 ne
486 474 556 512 sibi
577 475 775 526 praemium
795 477 1014 527 eriperetur.
1067 477 1116 514 Et
1143 477 1229 515 haec
1249 477 1357 515 vobis
1381 477 1579 528 judicibus
1608 489 1653 513 ex
1675 489 1735 513 me

285 537 418 574 audire
440 537 530 574 nihil
553 544 612 575 est
632 551 741 589 opus,
762 553 850 577 cum
870 540 941 591 ipsi
961 553 1089 578 coram
1114 539 1294 587 videritis,
1314 541 1407 591 quid
1429 540 1531 591 apud
1549 539 1735 591 populum

284 604 412 635 actum
434 598 558 636 fuerit.
591 599 720 641 Quare
741 600 772 637 si
793 607 969 638 senatum
985 601 1137 652 petiisse
1158 603 1319 652 negarit,
1341 601 1396 640 sic
1415 602 1602 640 occurrite
1620 614 1629 638 :
1653 601 1735 652 jam

283 659 376 696 illud
402 660 516 697 etiam
546 660 764 705 ostendam,
785 674 863 699 non
882 662 1102 713 permittere
1127 664 1266 714 legem,
1287 671 1330 701 ut
1348 664 1514 714 populus
1533 662 1733 714 praemium

284 722 350 759 det
369 722 533 767 senatui,
553 721 770 759 triremibus
788 735 866 760 non
886 723 1011 762 sactis.
1058 725 1146 762 Hac
1176 725 1224 763 de
1244 738 1374 771 causa,
1395 724 1666 770 Athenienses,
1686 723 1735 760 ad

285 783 388 820 hunc
410 782 565 818 modum
588 782 666 820 lata
685 782 747 819 lex
767 789 839 829 est,
872 797 932 822 ne
965 786 1178 823 senatui
1212 786 1381 824 liceat
1412 785 1732 823 triremibus

282 857 306 880 n
324 856 384 880 on
423 842 596 881 factis
627 844 908 894 postulare
939 858 1135 892 munus,
1173 855 1216 885 ut
1248 860 1297 885 ne
1326 847 1469 898 populo
1495 845 1729 898 persuaderi,

281 910 349 942 aut
367 903 478 941 fucus
499 904 579 941 fieri
598 904 730 954 possit.
775 904 912 956 Neque
932 906 1033 943 enim
1054 907 1251 958 legislator
1270 909 1309 945 in
1330 914 1522 959 potestate
1540 913 1734 945 oratorum

280 979 359 1004 rem
391 979 476 1004 esse
512 973 687 1017 oportere
717 968 879 1014 censuit,
911 968 980 1006 sed
1007 969 1112 1019 quod
1144 969 1257 1008 tribui
1285 977 1324 1008 et
1345 970 1495 1020 justum
1525 975 1563 1007 et
1589 967 1734 1020 populo

282 1028 375 1065 utile
406 1034 521 1074 esset,
551 1027 638 1077 lege
667 1028 868 1066 definitum
906 1042 993 1067 esse
1023 1036 1209 1081 oportere.
1247 1031 1436 1068 Triremes
1472 1043 1550 1067 non
1579 1027 1736 1068 fecisti?

281 1089 342 1126 Ne
364 1089 479 1139 igitur
498 1089 656 1140 postula
673 1091 881 1140 praemium.
928 1091 1028 1129 Cum
1057 1098 1186 1129 autem
1214 1099 1343 1143 petere
1363 1105 1440 1130 non
1461 1092 1574 1137 sinat,
1603 1102 1732 1129 nonne

279 1150 362 1188 dari
382 1150 628 1188 vehementer
646 1151 783 1189 vetat?

332 1213 371 1249 5.
400 1212 490 1249 Jam
521 1211 615 1249 illud
648 1214 764 1250 etiam
788 1214 1060 1252 excutiendum
1091 1221 1161 1262 est,
1182 1215 1454 1261 Athenienses,
1475 1227 1543 1253 cur
1562 1220 1732 1261 senatus,

279 1273 426 1311 etiamsi
447 1274 584 1311 ceteris
614 1274 651 1311 in
672 1276 784 1313 rebus
812 1275 989 1314 omnibus
1014 1276 1198 1326 praeclare
1217 1289 1258 1314 se
1279 1277 1455 1326 gesserit,
1475 1289 1600 1326 neque
1619 1275 1669 1312 de
1686 1287 1732 1312 eo

277 1336 384 1386 queri
404 1335 605 1385 quisquam
634 1337 768 1386 possit,
795 1337 966 1375 triremes
996 1345 1125 1375 autem
1156 1351 1234 1376 non
1262 1338 1410 1384 fecerit,
1429 1338 1627 1389 praemium
1655 1349 1733 1374 non

276 1397 392 1435 liceat
411 1396 631 1447 postulare?
661 1397 868 1436 Invenietis
888 1398 989 1435 enim
1015 1398 1089 1436 hoc
1120 1398 1158 1435 in
1177 1399 1312 1450 populi
1331 1411 1417 1436 esse
1436 1398 1654 1449 praesidium
1675 1398 1733 1436 in-

275 1458 472 1495 stitutum.»
522 1457 700 1495 Arbitror
729 1459 828 1495 enim
860 1460 1137 1510 refragaturum
1165 1473 1249 1498 esse
1279 1460 1486 1505 neminem,
1505 1459 1599 1509 quin
1624 1459 1731 1509 quic-

274 1519 367 1569 quid
385 1519 446 1556 vel
465 1520 623 1565 bonum,
639 1519 700 1556 vel
730 1519 1044 1570 diversum,—ne
1069 1521 1161 1571 quid
1192 1520 1411 1558 ominosum
1438 1520 1633 1565 dicam—-‚
1656 1520 1728 1558 rei-

275 1580 440 1631 publicae
465 1580 684 1629 contigerit,
705 1587 772 1618 aut
798 1594 901 1618 nunc
929 1571 1050 1619 *etiam
1083 1582 1158 1619 sit:
1188 1581 1397 1619 triremium
1427 1581 1490 1619 vel
1525 1581 1650 1632 copia,
1670 1581 1729 1619 vel

274 1642 406 1693 inopia
423 1640 647 1691 contigisse.
705 1642 826 1692 Cujus
846 1642 997 1692 generis
1018 1642 1139 1680 multa
1156 1643 1286 1680 referri
1301 1649 1463 1694 possent
1486 1649 1526 1680 et
1543 1649 1675 1680 vetera
1691 1649 1733 1681 et

273 1702 454 1740 recentia.
511 1702 627 1745 Quod
646 1715 734 1740 vero
755 1709 815 1740 est
834 1703 1010 1740 omnibus
1041 1703 1287 1741 audientibus
1307 1704 1560 1749 notissimum,
1582 1716 1648 1741 eos
1668 1704 1731 1754 qui

271 1765 468 1816 propylaea
494 1764 560 1801 illa
591 1771 630 1802 et
659 1763 937 1815 parthenonem
960 1772 1244 1810 exstruxerunt,
1265 1771 1304 1803 et
1332 1765 1424 1804 fana
1448 1771 1577 1803 cetera
1603 1766 1732 1804 omnia

273 1840 294 1864 e
321 1826 451 1877 spoliis
484 1827 734 1864 barbarorum
767 1835 1015 1874 exornarunt,
1036 1841 1123 1879 quae
1151 1841 1286 1866 omnes
1319 1829 1455 1866 merito
1483 1828 1588 1866 laudi
1620 1829 1729 1867 nobis

273 1888 475 1925 ducimus:
505 1888 589 1932 hos,
610 1887 782 1938 inquam,
813 1888 1014 1927 audivistis
1041 1889 1230 1940 profecto,
1263 1890 1418 1927 deserta
1436 1890 1531 1927 urbe
1551 1896 1590 1927 et
1619 1890 1729 1928 Sala-

272 1948 374 1985 mine
397 1948 617 1994 conclusos,
647 1961 693 1986 eo
723 1948 825 1998 quod
849 1949 1022 1988 triremes
1050 1950 1251 1996 haberent,
1280 1957 1319 1988 et
1336 1963 1473 1988 omnes
1502 1963 1591 1988 suas
1620 1964 1728 2002 opes,

270 2016 381 2061 parta
399 2009 525 2046 navali
544 2009 716 2056 victoria,
737 2017 851 2060 atque
871 2011 1146 2062 rempublicam
1178 2024 1445 2058 conservasse,
1467 2012 1560 2050 etin
1581 2019 1729 2052 ceteros

273 2070 434 2108 Graecos
464 2069 587 2108 multa
618 2077 657 2108 et
688 2084 830 2122 magna
861 2072 1050 2110 beneficia
1077 2073 1302 2119 contulisse,
1322 2085 1484 2123 quorum
1504 2074 1727 2112 memoriam

272 2133 380 2170 nulla
395 2139 567 2170 vetustas
588 2134 768 2171 abolebit.
825 2135 903 2172 Sed
934 2135 1000 2173 illa
1017 2135 1170 2186 quidem
1202 2135 1361 2186 antiqua
1381 2142 1419 2173 et
1438 2143 1594 2174 vetera:
1624 2137 1728 2187 quod

273 2201 402 2232 autem
433 2194 582 2232 vidistis
613 2208 760 2243 omnes,
792 2195 832 2233 id
866 2195 1018 2234 dicam:
1050 2196 1170 2243 scitis,
1190 2209 1258 2235 vos
1291 2210 1414 2248 nuper
1445 2197 1726 2236 Euboeensibus

270 2257 368 2294 intra
392 2255 559 2293 triduum
586 2269 698 2307 opem
715 2257 863 2303 tulisse,
883 2264 922 2295 et
937 2258 1130 2296 Thebanis
1151 2258 1228 2297 icto
1245 2258 1393 2296 foedere
1410 2258 1576 2295 abeundi
1589 2257 1727 2296 fecisse

272 2323 515 2367 potestatem.
574 2318 763 2369 Nunquid
789 2325 916 2357 autem
941 2319 981 2357 id
1002 2326 1111 2358 tanta
1133 2319 1329 2358 celeritate
1359 2319 1640 2364 confecissetis‚
1657 2320 1727 2357 nisi

272 2391 390 2415 naves
406 2385 582 2416 recentes
602 2379 847 2427 habuissetis,
867 2381 1005 2431 quibus
1026 2394 1137 2432 opem
1157 2378 1370 2418 tulissetis?
1427 2379 1487 2416 Ne
1507 2379 1726 2429 potuissetis

269 2439 439 2490 quidem.
497 2440 628 2477 Multa
642 2442 846 2480 commoda
865 2442 1154 2480 commemorari
1170 2447 1344 2493 possent,
1367 2453 1453 2490 quae
1468 2441 1688 2491 reipublicae
1704 2454 1725 2480 e

269 2508 374 2538 recta
401 2502 610 2539 triremium
635 2502 887 2541 instructione
907 2505 1163 2554 contigerunt.
1219 2502 1308 2540 Jam
1328 2515 1348 2540 e
1369 2502 1548 2552 neglecta
1567 2510 1724 2553 quantoe

271 2563 540 2601 calamitates?
570 2564 627 2601 Ac
648 2571 777 2602 cetera
796 2566 966 2604 omittam
985 2579 993 2603 ε
1024 2566 1061 2602 in
1083 2565 1268 2603 Decelico
1288 2571 1414 2604 autem
1431 2566 1636 2604 bello—ex
1657 2579 1724 2604 an-

270 2625 444 2675 tiquitate
476 2625 576 2663 enim
609 2639 727 2663 unum
753 2628 988 2678 exemplum,
1018 2627 1122 2677 quod
1153 2628 1263 2665 vobis
1297 2627 1474 2665 omnibus
1499 2640 1613 2678 quam
1633 2627 1725 2665 mihi

271 2687 398 2724 notius
423 2693 494 2733 cst,
516 2686 848 2738 proferam—cum
869 2688 1085 2739 respublica
1106 2688 1244 2726 multas
1264 2695 1303 2726 et
1322 2701 1483 2740 magnas
1504 2689 1634 2726 clades
1660 2700 1723 2725 ae-

271 2747 448 2798 ccpissct,
464 2749 627 2798 majores
647 2748 765 2786 nostri
779 2748 1012 2787 deditionem
1028 2763 1105 2787 non
1121 2757 1209 2787 ante
1224 2750 1410 2796 fecerunt,
1428 2762 1543 2800 quam
1562 2749 1723 2787 classem

271 2809 500 2846 amisissent.
559 2809 608 2846 Et
627 2822 807 2859 quorsum
828 2810 966 2847 attinet
984 2824 1184 2849 recensere
1204 2810 1355 2849 vetera?
1402 2811 1602 2849 Postremo
1621 2810 1722 2847 enim

270 2869 465 2908 Laconico
486 2871 599 2914 bello,
621 2884 709 2908 cum
730 2884 848 2909 naves
876 2884 992 2922 posse
1012 2873 1161 2910 mittere
1189 2885 1266 2910 non
1284 2872 1523 2917 videremini,
1551 2871 1657 2909 scitis
1678 2878 1721 2909 ut

270 2931 438 2969 animata
469 2932 585 2969 suerit
613 2932 770 2970 civitas:
801 2933 904 2971 scitis
933 2941 974 2970 ut
1006 2947 1136 2971 ervum
1169 2934 1303 2973 venale
1337 2933 1460 2971 suerit.
1521 2932 1572 2970 Ut
1591 2939 1719 2970 autern
