1923 3149
264 191 342 226 240
571 187 647 225 DE
677 186 826 226 MALE
859 187 1037 227 GESTA
1072 186 1400 225 LEGATIONE.

261 290 404 327 habere
431 289 653 338 adjumenta
671 303 796 328 rerum
814 289 1082 342 gerendarum,
1104 296 1220 341 atque
1248 288 1469 332 accesserit,
1490 299 1560 338 pro
1579 293 1707 325 vestra

261 350 430 388 bonitate
451 357 490 388 et
507 350 744 389 humanitate
773 364 859 389 eum
888 351 1065 401 recipitis,
1082 350 1261 400 benigne,
1281 356 1320 386 et
1337 361 1413 386 non
1434 348 1585 385 invide:
1614 348 1705 398 quin

262 417 300 448 et
323 411 569 461 magistratus
589 411 621 449 ei
642 412 848 457 mandatis,
870 419 909 449 et
927 412 1009 462 ejus
1029 411 1118 448 fidei
1139 418 1266 448 vestra
1284 409 1438 459 negotia
1456 408 1703 446 committitis.

261 471 359 514 Quae
380 471 411 509 si
429 472 514 522 quis
534 472 650 522 probe
668 472 995 515 administraverit,
1016 470 1280 514 honorabitur,
1299 476 1338 506 et
1357 481 1402 506 eo
1423 469 1576 505 nomine
1592 481 1707 519 supra

257 532 397 582 vulgus
411 532 613 570 efferetur:
636 532 693 569 sin
710 532 911 569 frustratus
924 531 1052 575 fuerit,
1066 530 1332 568 excusationes
1347 536 1386 566 et
1399 542 1538 566 causas
1551 527 1705 565 afferet?

260 592 427 643 AEquum
442 606 518 631 non
535 600 606 630 est.
637 592 773 641 Neque
788 592 888 629 enim
908 592 960 629 ita
974 592 1066 630 satis
1082 591 1223 628 factum
1244 591 1315 628 erit
1335 591 1476 627 eversis
1493 589 1622 635 sociis,
1635 602 1707 626 nee

257 652 384 691 liberis
403 666 548 697 eorum,
569 665 640 690 nec
661 652 855 698 uxoribus,
875 665 999 702 neque
1015 652 1166 698 ceteris,
1188 652 1218 689 si
1235 658 1387 688 constet
1405 651 1470 694 eis,
1492 663 1532 687 se
1552 655 1707 700 propter

258 727 380 752 meam
400 715 599 760 inscitiam,
628 726 675 750 ne
694 714 805 751 istius
827 713 965 759 dicam,
985 725 1031 750 ea
1049 726 1135 751 esse
1162 725 1376 763 perpessos.
1407 711 1574 748 Multum
1601 716 1705 747 certe

259 777 382 813 abest.
414 776 492 813 Sed
513 783 641 813 tamen
659 787 728 812 vos
759 773 978 812 condonate
1002 774 1169 811 AEschini
1195 773 1337 811 atrocia
1357 773 1428 810 ista
1451 780 1488 809 et
1507 773 1704 816 immensa,

258 838 288 874 si
307 850 373 887 per
387 836 683 887 simplicitatem,
704 842 770 872 aut
787 835 959 885 quamvis
975 834 1084 872 aliam
1102 834 1377 885 ignorationem
1396 831 1632 871 commisisse
1650 832 1707 868 vi—

257 896 430 935 debitur:
460 905 499 935 at
518 898 549 935 si
569 910 615 935 ex
634 896 886 948 improbitate,
909 903 1069 946 argento
1089 902 1262 946 accepto,
1282 903 1319 932 et
1334 894 1569 938 muneribus,
1589 893 1704 943 idque

257 965 384 1010 aperte
403 972 449 996 ex
469 958 561 1009 ipsis
580 958 674 996 actis
695 957 1029 1002 demonstrabitur,
1050 956 1213 993 maxime
1235 955 1387 1005 quidem
1409 955 1440 992 si
1467 955 1548 991 fieri
1564 960 1705 1004 potest,

256 1020 435 1065 occidite,
449 1020 507 1057 sin
523 1020 662 1065 minus,
683 1025 722 1056 at
739 1019 775 1055 in
796 1030 842 1055 eo
857 1017 1130 1054 documentum
1147 1016 1299 1054 statuite
1319 1016 1482 1052 vivente.

309 1082 371 1118 35.
402 1079 653 1118 Considerate
666 1086 794 1116 autem
807 1077 878 1128 ipsi
891 1077 1103 1122 vobiscum,
1119 1077 1202 1128 ejus
1214 1076 1467 1114 convincendi
1482 1074 1576 1112 ratio
1588 1086 1705 1124 quam

256 1155 368 1191 aequa
385 1140 517 1178 futura
542 1141 602 1177 sit.
652 1140 823 1177 Omnino
842 1146 902 1176 est
923 1151 1096 1183 necesse,
1127 1137 1352 1175 AEschinem
1382 1150 1428 1175 ea
1455 1138 1573 1174 verba
1602 1134 1705 1186 apud

254 1216 322 1240 vos
340 1202 475 1239 fecisse
495 1202 543 1239 de
557 1200 822 1237 Phocensibus
842 1205 881 1237 et
901 1198 1219 1249 Thespiensibus,
1235 1204 1274 1234 et
1288 1198 1449 1242 Euboea,
1466 1196 1497 1234 si
1512 1209 1587 1234 non
1605 1196 1704 1233 ultro

254 1277 296 1302 se
310 1263 547 1307 vendiderat,
560 1273 706 1310 vosque
721 1260 948 1310 decipiebat,
960 1259 1021 1297 vel
1035 1259 1141 1309 quod
1156 1266 1285 1309 aperte
1300 1259 1475 1296 audierat
1487 1257 1704 1307 Philippum

253 1324 513 1376 pollicentem,
535 1335 575 1359 se
603 1321 670 1358 illa
688 1326 969 1371 suscepturum,
990 1326 1029 1357 et
1046 1320 1238 1357 facturum
1256 1333 1264 1357 :
1297 1320 1371 1364 vel,
1401 1319 1431 1364 si
1457 1318 1495 1356 id
1514 1331 1591 1355 non
1618 1317 1703 1362 fuit,

254 1384 456 1437 praestigiis
477 1382 705 1434 quibusdam
724 1389 763 1419 et
782 1381 877 1418 fucis
896 1381 1144 1418 humanitatis
1164 1381 1264 1418 illius
1284 1381 1420 1418 ceteris
1440 1381 1478 1417 in
1497 1380 1611 1416 rebus
1636 1378 1703 1415 de-

253 1453 420 1497 ceptum,
437 1445 552 1482 etiam
566 1443 650 1481 haec
667 1443 715 1480 de
727 1443 792 1480 illo
808 1455 995 1493 sperasse.
1018 1443 1071 1480 Ut
1085 1456 1215 1480 verum
1229 1456 1306 1480 non
1320 1443 1368 1479 sit
1380 1443 1516 1479 horum
1528 1440 1702 1485 alterum,

254 1507 333 1544 fieri
353 1519 431 1543 non
448 1511 590 1557 potest.
625 1504 786 1554 Propter
811 1503 895 1541 haec
916 1510 1042 1541 autem
1063 1511 1226 1554 utraque
1245 1504 1279 1541 ei
1300 1503 1517 1553 Philippum
1539 1501 1704 1537 maximo

254 1580 337 1606 esse
355 1567 444 1605 odio
466 1566 588 1603 decet.
621 1565 726 1603 Cur?
757 1564 860 1615 quia,
889 1565 994 1615 quod
1014 1564 1063 1602 ad
1083 1565 1190 1602 illum
1217 1565 1364 1608 attinet,
1397 1565 1431 1601 ei
1459 1562 1705 1600 acerbissima

253 1636 292 1667 et
323 1627 541 1679 turpissima
571 1639 734 1677 quaeque
765 1625 1016 1663 acciderunt:
1046 1639 1113 1664 vos
1143 1626 1320 1677 decepit:
1349 1625 1498 1662 laborat
1524 1623 1703 1661 infamia:

254 1691 393 1741 dignus
413 1688 570 1726 interitu
592 1687 802 1738 judicatur.
846 1687 963 1731 Quod
983 1687 1015 1725 si
1033 1688 1087 1724 ita
1105 1687 1224 1732 fieret,
1249 1693 1293 1724 ut
1312 1685 1575 1730 conveniebat,
1602 1684 1703 1735 jam-

253 1752 399 1789 dudum
418 1749 642 1801 proditionis
658 1762 745 1786 reus
771 1755 973 1799 ageretur:
1002 1762 1103 1786 nunc
1123 1755 1274 1799 propter
1293 1754 1462 1784 nostram
1480 1751 1704 1782 mansuetu-

254 1813 398 1857 dinem,
412 1817 451 1848 et
466 1810 763 1860 simplicitatem,
784 1810 953 1848 rationes
973 1810 1262 1859 reddit,easque
1277 1821 1365 1846 cum
1377 1807 1470 1845 vult.
1506 1806 1578 1843 Est
1590 1805 1704 1855 igitur

253 1875 454 1925 quisquam
468 1880 650 1916 vestrum,
665 1870 729 1919 qui
748 1882 796 1906 ex
815 1870 994 1906 AEschine
1015 1871 1131 1906 ullam
1147 1883 1277 1906 vocem
1293 1868 1469 1913 audierit,
1486 1866 1703 1916 Philippum

253 1931 484 1972 accusante?
504 1930 620 1981 quid?
643 1930 938 1979 redarguentem
957 1930 1158 1979 quisquam
1174 1936 1239 1966 aut
1252 1928 1443 1966 dicentem
1457 1941 1543 1965 eum
1559 1927 1702 1978 aliquid

251 1995 368 2034 vidit?
408 1994 547 2038 Nemo,
565 1991 630 2029 sed
653 2003 784 2028 omnes
805 1990 1060 2027 Athenienses
1085 1990 1189 2040 prius
1210 1997 1394 2028 accusant
1415 1989 1644 2039 Philippum,
1665 1995 1704 2026 et

252 2056 376 2107 quivis
395 2066 569 2104 semper;
600 2064 763 2102 quorum
781 2051 913 2100 utique
934 2051 1028 2088 nulli
1048 2051 1126 2088 ulla
1141 2051 1315 2102 privatim
1340 2050 1444 2087 facta
1465 2057 1526 2088 est
1551 2050 1701 2100 injuria.

253 2118 337 2167 Ego
358 2127 447 2153 vero
467 2114 550 2151 haec
566 2113 683 2150 verba
698 2113 745 2149 ab
764 2125 809 2149 eo
831 2112 1075 2162 requirerem,
1096 2111 1127 2149 si
1147 2125 1187 2149 se
1200 2125 1277 2149 non
1291 2111 1549 2149 vendidisset:
1581 2111 1701 2148 Athe-

252 2178 419 2221 nienses,
441 2188 502 2212 me
518 2173 672 2224 quidem
687 2179 848 2211 tractate
870 2180 912 2210 ut
928 2173 1067 2210 vultis:
1097 2173 1265 2211 credidi:
1293 2172 1483 2223 deceptus
1504 2185 1612 2209 sum:
1640 2185 1700 2209 er-

252 2238 331 2277 ravi
346 2251 355 2275 :
377 2238 514 2275 fateor:
534 2235 640 2271 illum
656 2241 781 2272 autem
794 2234 987 2272 hominem
1001 2241 1133 2272 cavete
1151 2234 1425 2278 Athenienses,
1439 2232 1610 2283 perfidus
1629 2238 1700 2278 est,

251 2300 449 2349 impostor,
468 2297 678 2346 improbus.
711 2295 799 2332 Non
810 2295 946 2333 videtis
966 2295 1160 2345 quomodo
1180 2308 1330 2333 mecum
1351 2293 1498 2344 egerit?
1526 2300 1568 2330 ut
1587 2292 1701 2331 dece-

252 2358 378 2412 perit?
408 2359 557 2395 Horum
569 2357 770 2394 verborum
788 2370 859 2406 ego
873 2356 1020 2394 nullum
1037 2357 1166 2402 audio,
1182 2369 1305 2405 neque
1320 2368 1401 2393 vos.
1418 2353 1702 2398 Quamobrem?

252 2419 342 2471 quia
360 2432 436 2456 non
457 2418 657 2467 deceptus,
684 2430 809 2467 neque
830 2417 965 2464 falsus,
986 2418 1054 2455 sed
1075 2417 1251 2455 mercede
1272 2417 1371 2454 ultro
1391 2416 1621 2461 conductus,
1642 2422 1700 2453 at-

255 2493 330 2532 que
353 2485 512 2529 argento
532 2483 704 2528 accepto,
725 2491 771 2515 ea
798 2477 905 2522 dixit,
933 2485 972 2516 et
990 2478 1043 2515 illi
1062 2478 1240 2528 prodidit,
1263 2490 1381 2527 seque
1401 2477 1627 2528 praeclarum
1654 2488 1700 2514 ac

247 2544 394 2596 justum
413 2541 467 2580 illi
486 2540 762 2578 mercenarium
781 2542 958 2591 praebuit,
974 2542 1142 2590 legatum
1163 2548 1291 2579 autern
1318 2541 1439 2588 vobis,
1464 2547 1504 2578 et
1520 2540 1642 2580 civem
1662 2546 1702 2577 et

254 2605 501 2656 proditorem,
519 2609 557 2639 et
576 2608 646 2646 ter,
662 2610 740 2638 non
760 2602 877 2639 semel
899 2609 1019 2640 morte
1039 2603 1316 2640 mulctandum.

309 2666 371 2704 36.
403 2664 537 2713 Neque
559 2674 648 2700 vero
668 2675 715 2699 ex
733 2662 790 2699 his
820 2663 942 2700 solum
961 2669 1126 2708 constat,
1148 2677 1232 2700 eum
1253 2664 1430 2701 mercede
1451 2664 1699 2708 conductum,

255 2727 382 2765 omnia
400 2724 467 2762 illa
481 2724 634 2770 dixisse,
657 2724 725 2760 sed
739 2730 777 2762 et
798 2737 844 2779 er<
859 2737 916 2769 eo,
937 2737 1024 2762 cum
1047 2738 1169 2775 nuper
1183 2726 1374 2771 Thessali,
1396 2732 1434 2763 et
1458 2725 1624 2775 Philippi
1644 2724 1699 2762 le-

256 2789 334 2838 gati
356 2799 441 2825 cum
472 2785 540 2832 eis,
567 2791 766 2831 venerunt,
799 2786 1055 2835 postulantes,
1079 2794 1121 2823 ut
1150 2787 1328 2839 Philippo
1363 2786 1699 2837 Amphictyoniam

256 2847 527 2887 decerneretis.
558 2847 683 2890 Quem
712 2846 826 2897 igitur
850 2848 1020 2884 omnium
1042 2848 1257 2886 mortalium
1283 2850 1445 2887 maxime
1475 2847 1555 2886 istis
1581 2846 1699 2885 refra-

257 2910 339 2960 gari
360 2908 545 2949 decebat?
586 2907 821 2947 AEschinem.
873 2908 980 2946 Cur?
1008 2909 1096 2959 quia
1115 2909 1196 2960 ejus
1216 2908 1491 2949 renunciationi
1511 2909 1701 2948 contraria
