1923 3149
254 104 303 140 82
622 103 829 143 ORATIO
862 105 937 145 DE
970 105 1361 146 CHERSONESO.

265 208 335 254 vis,
355 207 492 259 inquit,
513 208 716 249 decre'tum
734 212 913 258 scribere,
931 218 998 251 aut
1017 211 1238 264 periclitari,
1250 210 1320 250 sed
1339 207 1495 248 timidus
1514 219 1555 246 es
1576 214 1615 246 et
1632 206 1728 245 mol-

268 269 327 307 lis.
385 269 470 322 Ego
484 284 574 310 vero
594 272 721 311 audax
736 279 775 311 et
795 272 1036 324 importunus
1056 280 1172 324 atque
1193 271 1398 323 impudens
1417 283 1542 320 neque
1558 282 1641 307 sum
1662 280 1730 306 ne-

267 345 342 381 que
362 333 442 371 fieri
457 334 585 379 velim,
606 335 800 372 fortiorem
820 342 950 373 tamen
970 336 1087 385 longe
1108 336 1261 385 lateque
1276 335 1364 378 illis,
1383 333 1447 383 qui
1460 330 1645 382 praecipiti
1660 343 1727 366 au-

269 393 382 431 dacia
395 395 498 446 apud
514 408 580 434 vos
598 396 754 447 publica
766 397 921 446 negotia
936 404 1115 442 tractant,
1130 409 1192 433 me
1207 409 1291 433 esse
1304 394 1492 432 existimo.
1524 392 1600 435 Qui
1614 391 1728 437 enim,
1782 420 1786 422 -

271 454 544 501 Athenienses,
576 457 795 508 posthabita
825 458 990 495 utilitate
1021 457 1256 508 reipublicae,
1280 457 1316 494 in
1337 455 1525 507 judicium
1560 453 1733 498 adducit,

271 517 488 566 proscribit,
508 518 587 564 dat,
608 526 778 564 accusat,
798 518 906 557 nulla
924 518 1078 569 quidem
1097 519 1181 556 haec
1197 518 1420 556 fortitudine
1437 516 1542 561 facit,
1559 514 1628 552 sed
1643 515 1734 564 quia

272 577 358 623 scit,
379 577 469 615 dum
489 592 577 628 quae
597 580 704 617 vobis
724 579 909 631 placeant
932 579 1112 631 loquatur
1131 587 1169 618 et
1187 587 1288 617 tutas
1307 586 1458 616 tantum
1477 576 1643 628 publicae
1663 574 1732 612 ad-

272 638 563 678 ministrationis
577 648 708 691 partes
728 642 904 692 attingat,
920 655 960 680 se
979 642 1090 692 quasi
1111 643 1252 693 pignus
1271 641 1412 678 habere
1433 652 1512 676 suae
1531 636 1732 676 incolumi-

273 700 378 745 tatis,
400 701 526 739 audax
554 708 594 739 et
612 702 813 741 confidens
833 710 917 742 est:
944 704 1010 753 qui
1030 716 1134 748 vero,
1160 702 1304 754 publici
1324 701 1414 739 boni
1435 712 1565 744 causa,
1598 698 1730 736 crebro

273 762 411 800 vestris
428 762 688 801 voluntatibus
705 764 992 811 adversatur,et
1004 764 1096 801 nihil
1113 764 1162 801 ad
1177 763 1341 814 gratiam
1351 762 1534 811 loquitur,
1550 759 1618 797 sed
1631 770 1731 796 sem-

274 836 342 875 per
357 823 559 862 utilitatem
579 831 745 875 spectat,
760 833 800 863 et
818 839 903 863 eam
919 824 1098 875 gerendae
1116 823 1339 874 reipublicae
1359 823 1545 860 rationem
1560 820 1680 870 eligit,
1695 820 1734 857 in

276 897 354 936 qua
371 885 527 924 fortuna
545 886 668 937 magis
697 899 813 935 quam
832 886 1070 936 computatio
1091 884 1323 930 dominatur,
1342 891 1381 922 et
1400 890 1529 920 tamen
1547 881 1653 919 haud
1674 894 1733 918 re-

276 953 400 992 cusat,
414 959 491 997 quo
508 946 632 984 minus
649 947 848 997 utriusque
862 959 885 984 a
897 960 938 984 se
955 947 1122 984 rationes
1139 944 1404 996 repetatis‚hic
1420 944 1575 981 demum
1590 941 1645 979 vir
1659 942 1736 979 for-

275 1007 340 1053 tis,
366 1014 481 1057 atque
502 1007 617 1044 etiarn
636 1008 761 1045 bonus
781 1008 884 1045 idern
909 1006 1002 1045 civis
1035 1013 1121 1050 est;
1153 1019 1230 1044 non
1259 1006 1337 1052 isti,
1357 1004 1422 1056 qui
1445 1004 1570 1042 brevis
1603 1003 1735 1054 gratiae

276 1069 540 1120 promerendae
566 1076 687 1108 causa
715 1082 866 1107 summa
890 1069 1112 1119 reipublicae
1142 1068 1323 1119 praesidia
1349 1066 1616 1118 perdiderunt,
1639 1077 1736 1115 quos

277 1144 352 1182 ego
368 1137 517 1169 tantum
540 1132 676 1169 absum
696 1141 740 1170 ut
759 1132 916 1169 aemuler
930 1138 997 1169 aut
1009 1131 1148 1181 dignos
1165 1130 1362 1181 republica
1375 1130 1477 1167 cives
1491 1141 1576 1166 esse
1590 1134 1736 1178 putem,

278 1200 322 1230 ut
348 1193 378 1230 si
399 1193 486 1244 quis
512 1206 573 1231 me
592 1200 716 1244 roget,
737 1193 810 1231 Dic
838 1193 943 1239 mihi,
963 1200 1005 1231 tu
1027 1206 1116 1231 vero
1145 1191 1238 1242 quid
1265 1191 1460 1230 contulisti
1490 1187 1736 1240 reipublicae'?

277 1267 499 1305 quanquam
516 1267 666 1305 possem
684 1255 959 1301 Athenienses,
975 1261 1014 1292 et
1029 1253 1269 1292 trierarchias
1285 1259 1324 1291 et
1343 1252 1502 1290 aedilitia
1520 1263 1680 1287 munera
1700 1255 1740 1289 et

278 1316 454 1366 pecuniae
475 1315 700 1353 collationes
721 1323 760 1353 et
779 1316 1017 1366 captivorum
1042 1314 1326 1364 redemptiones
1355 1320 1392 1351 et
1419 1312 1492 1350 alia
1513 1311 1649 1349 similia
1665 1310 1738 1347 hu-

280 1376 478 1414 manitatis
498 1376 622 1414 officia
641 1389 953 1421 commemorare,
975 1376 1067 1413 nihil
1087 1383 1216 1414 tamen
1235 1374 1452 1426 hujusmodi
1474 1373 1650 1417 referam,
1670 1371 1740 1409 sed

279 1438 341 1475 hoc
352 1439 479 1484 dicam,
489 1451 549 1475 me
565 1439 613 1475 ab
630 1438 704 1475 ista
717 1438 897 1488 gerendae
912 1437 1131 1488 reipublicae
1144 1436 1308 1474 formula
1317 1448 1472 1487 prorsus
1486 1433 1741 1479 abhorruisse,

279 1505 319 1537 et
330 1499 434 1550 quod
452 1511 541 1537 cum
557 1498 730 1537 fortassis
750 1506 791 1537 et
808 1499 906 1550 ipse,
925 1512 1003 1536 non
1022 1499 1149 1536 minus
1168 1511 1283 1548 quam
1304 1497 1379 1541 alii,
1392 1508 1574 1534 accusare
1585 1507 1741 1545 possem

279 1567 321 1598 et
341 1560 547 1611 gratificari
567 1567 606 1598 et
624 1561 859 1612 proscribere
880 1566 920 1597 et
938 1567 1077 1597 caetera
1104 1572 1190 1610 quae
1211 1558 1274 1596 isti
1295 1558 1472 1596 factitant
1486 1557 1625 1602 facere,
1645 1569 1742 1593 nun-

280 1635 397 1673 quam
417 1635 465 1660 ne
486 1621 536 1659 ad
556 1634 675 1658 unum
691 1620 844 1672 quidem
860 1621 989 1659 talium
1009 1620 1262 1671 aucupiorum
1281 1619 1343 1656 vel
1362 1619 1561 1657 voluntate
1579 1630 1666 1655 mea
1680 1630 1741 1655 me

282 1684 430 1722 contuli
456 1683 519 1721 vel
548 1696 615 1734 spe
634 1683 731 1720 lucri
764 1689 829 1720 aut
854 1683 1060 1720 ambitione
1080 1695 1165 1720 sum
1186 1681 1385 1732 impulsus,
1406 1680 1475 1717 sed
1494 1693 1540 1717 ea
1557 1686 1741 1730 perpetuo

283 1745 385 1791 dico,
412 1744 549 1794 quibus
570 1750 725 1794 egomet
754 1744 793 1781 id
812 1756 1043 1794 consequor,
1064 1749 1107 1780 ut
1139 1743 1263 1780 minus
1295 1742 1398 1792 apud
1417 1754 1486 1779 vos
1519 1741 1744 1778 auctoritate

284 1806 432 1844 valeam
452 1813 491 1844 et
512 1806 650 1857 gratia,
673 1818 787 1855 quam
809 1805 872 1842 alii
891 1805 1013 1849 multi,
1033 1811 1073 1842 at
1097 1817 1178 1850 vos,
1200 1805 1230 1842 si
1245 1803 1336 1840 mihi
1356 1802 1641 1848 auscultamus,
1661 1815 1742 1840 am-

283 1867 424 1918 pliores
443 1867 607 1905 fieretis:
638 1866 691 1904 sic
704 1866 804 1904 enim
819 1866 944 1904 dicere
959 1865 1120 1904 fortasse
1139 1878 1215 1903 non
1234 1865 1460 1902 invidiosum
1477 1872 1549 1901 est.
1607 1864 1745 1913 Neque

285 1929 377 1967 mihi
393 1928 542 1967 videtur
556 1929 647 1967 boni
663 1928 756 1966 civis
773 1941 859 1966 esse
874 1928 1055 1974 officium,
1066 1941 1132 1966 eas
1149 1927 1329 1978 gerendae
1344 1926 1566 1977 reipublicae
1578 1925 1744 1964 rationes

284 1992 521 2041 excogitare,
540 2004 608 2041 per
635 2002 731 2040 quas
753 1990 880 2027 statim
903 2002 975 2040 ego
999 1990 1179 2041 princeps
1210 1989 1391 2026 intervos
1411 1987 1654 2032 exsisterem,
1673 1999 1741 2026 vos

285 2053 446 2091 aliorum
470 2052 612 2094 ultimi;
645 2051 713 2089 sed
735 2050 1011 2101 rempublicam
1030 2063 1106 2088 una
1126 2063 1213 2087 cum
1229 2051 1412 2087 bonorum
1429 2049 1566 2086 civium
1583 2049 1744 2086 actioni-

284 2117 357 2154 bus
378 2121 417 2152 et
431 2112 707 2165 gubernatione
721 2113 854 2163 augeri
871 2119 985 2164 atque
1002 2111 1225 2162 amplificari
1237 2111 1364 2156 decet,
1377 2111 1631 2160 omnibusque
1645 2125 1745 2149 sem-

286 2190 353 2228 per
372 2189 450 2213 non
470 2174 664 2219 facillima,
686 2174 754 2211 sed
769 2174 915 2224 optima
935 2173 1102 2211 dicenda
1118 2180 1230 2210 sunt:
1260 2185 1348 2209 nam
1370 2171 1434 2208 illo
1454 2178 1589 2208 natura
1608 2181 1744 2223 suopte

287 2244 383 2276 nutu
412 2238 542 2285 fertur,
564 2236 614 2275 ad
632 2235 717 2274 haec
747 2235 839 2274 boni
868 2234 960 2275 civis
985 2235 1204 2286 eloquentia
1235 2240 1274 2273 et
1301 2233 1476 2272 doctrina
1495 2245 1563 2271 vos
1595 2241 1747 2284 oportet

285 2299 455 2351 provehi.

343 2362 404 2398 17.
433 2361 522 2399 Jam
538 2359 734 2410 quendam
754 2360 870 2398 etiam
885 2360 963 2398 tale
984 2359 1129 2410 aliquid
1145 2359 1336 2397 dicentem
1353 2358 1498 2403 audivi,
1513 2370 1574 2394 me
1588 2357 1743 2407 quidem

288 2435 438 2473 semper
453 2421 581 2459 dicere
603 2421 761 2472 optima,
782 2421 851 2459 sed
869 2421 1051 2472 quicquid
1073 2435 1094 2459 a
1113 2434 1173 2459 me
1187 2421 1451 2472 proficiscatur
1466 2420 1582 2457 verba·
1594 2426 1745 2457 tantum

289 2497 388 2529 esse,
403 2496 492 2521 cum
511 2482 689 2532 operibus
711 2482 760 2519 sit
780 2495 878 2533 opus
899 2482 1118 2533 reipublicoe
1146 2488 1185 2520 et
1203 2482 1352 2519 actione
1379 2481 1520 2531 aliqua.
1577 2480 1661 2530 Ego
1681 2492 1747 2518 ve-

287 2558 329 2583 ro
345 2544 438 2595 quid
461 2543 508 2580 de
529 2542 587 2580 his
608 2543 784 2589 sentiam,
800 2556 991 2594 exponam
1013 2543 1119 2581 vobis
1138 2550 1176 2580 et
1195 2556 1270 2580 non
1289 2542 1551 2579 dissimulabo.
1610 2541 1748 2592 Neque

287 2606 448 2644 arbitror
468 2604 588 2641 ullum
605 2603 710 2641 aliud
730 2617 826 2655 opus
846 2611 962 2655 atque
982 2605 1148 2642 officium
1169 2617 1255 2642 csse
1276 2603 1493 2650 consiliarii,
1513 2604 1583 2641 nisi
1604 2609 1647 2640 ut
1667 2616 1747 2641 ma-

286 2667 386 2704 xime
407 2665 607 2717 prosutura
627 2665 746 2702 dicat.
805 2665 855 2702 Et
874 2665 947 2703 hoc
969 2666 1020 2703 ita
1046 2678 1146 2710 esse,
1166 2679 1226 2702 me
1243 2665 1352 2703 facile
1373 2672 1468 2716 puto
1487 2666 1746 2715 probaturum.

288 2727 392 2766 Illud
415 2727 514 2764 enim
534 2725 667 2776 utique
688 2726 806 2771 scitis,
828 2726 1072 2764 Timotheum
1089 2727 1283 2776 quondam
1313 2726 1420 2763 illum
1452 2725 1555 2776 apud
1575 2739 1641 2763 vos
1662 2739 1748 2764 ora-

285 2788 428 2828 tionem
448 2786 632 2825 habuisse
659 2786 707 2824 de
730 2787 962 2838 adjuvandis
987 2796 1027 2824 et
1047 2787 1319 2824 conservandis
1343 2787 1633 2832 Euboeensibus,
1657 2800 1747 2824 cum

285 2862 353 2889 eos
371 2849 545 2886 Thebani
563 2860 787 2899 oppressum
802 2849 912 2886 irent.
961 2849 1083 2898 Cujus
1097 2848 1180 2886 haec
1199 2848 1277 2886 fere
1294 2849 1410 2886 verba
1424 2849 1603 2887 fuerunt:
1634 2849 1754 2898 Agite,
