<?xml version="1.0" encoding="UTF-8"?>
<!DOCTYPE html PUBLIC "-//W3C//DTD XHTML 1.0 Transitional//EN"
    "http://www.w3.org/TR/xhtml1/DTD/xhtml1-transitional.dtd">
<html xmlns="http://www.w3.org/1999/xhtml" xml:lang="en" lang="en">
 <head>
  <title>
</title>
<meta http-equiv="Content-Type" content="text/html;charset=utf-8" />
  <meta name='ocr-system' content='tesseract 3.04.00' />
  <meta name='ocr-capabilities' content='ocr_page ocr_carea ocr_par ocr_line ocrx_word'/>
</head>
<body>
  <div class='ocr_page' id='page_1' title='image "./oratoresatticie15dobs_0152.png"; bbox 0 0 1923 3149; ppageno 0'>
   <div class='ocr_carea' id='block_1_1' title="bbox 506 462 1562 575">
    <p class='ocr_par' dir='ltr' id='par_1_1' title="bbox 506 462 1562 575">
     <span class='ocr_line' id='line_1_1' title="bbox 506 462 1562 507; baseline -0.006 -2"><span class='ocrx_word' id='word_1_1' title='bbox 506 467 709 507; x_wconf 90' lang='lat' dir='ltr'><strong>LIBANII</strong></span> <span class='ocrx_word' id='word_1_2' title='bbox 740 464 1137 505; x_wconf 86' lang='lat' dir='ltr'><strong>ARGUMENTUM</strong></span> <span class='ocrx_word' id='word_1_3' title='bbox 1167 462 1460 502; x_wconf 91' lang='lat' dir='ltr'>ORATIONIS</span> <span class='ocrx_word' id='word_1_4' title='bbox 1490 462 1562 500; x_wconf 92' lang='lat' dir='ltr'><strong>DE</strong></span> 
     </span>
     <span class='ocr_line' id='line_1_2' title="bbox 688 533 1361 575; baseline -0.004 0"><span class='ocrx_word' id='word_1_5' title='bbox 688 536 981 575; x_wconf 85' lang='lat' dir='ltr'><strong>LIBERTATE</strong></span> <span class='ocrx_word' id='word_1_6' title='bbox 1011 533 1361 573; x_wconf 83' lang='lat' dir='ltr'><strong>RHODIORUM.</strong></span> 
     </span>
    </p>
   </div>
   <div class='ocr_carea' id='block_1_2' title="bbox 306 634 1754 1086">
    <p class='ocr_par' dir='ltr' id='par_1_2' title="bbox 306 634 1754 1086">
     <span class='ocr_line' id='line_1_3' title="bbox 353 634 1749 678; baseline -0.003 -10"><span class='ocrx_word' id='word_1_7' title='bbox 353 639 502 669; x_wconf 71' lang='lat' dir='ltr'><strong>anm</strong></span> <span class='ocrx_word' id='word_1_8' title='bbox 526 640 607 678; x_wconf 86' lang='lat' dir='ltr'><strong>quod</strong></span> <span class='ocrx_word' id='word_1_9' title='bbox 631 640 743 670; x_wconf 83' lang='lat' dir='ltr'><strong>sociale</strong></span> <span class='ocrx_word' id='word_1_10' title='bbox 765 639 880 669; x_wconf 86' lang='lat' dir='ltr'><strong>dictum</strong></span> <span class='ocrx_word' id='word_1_11' title='bbox 906 639 972 674; x_wconf 80' lang='lat' dir='ltr'><strong>fuit,</strong></span> <span class='ocrx_word' id='word_1_12' title='bbox 995 642 1195 677; x_wconf 88' lang='lat' dir='ltr'><strong>susceperunt</strong></span> <span class='ocrx_word' id='word_1_13' title='bbox 1217 637 1367 667; x_wconf 85' lang='lat' dir='ltr'><strong>adversus</strong></span> <span class='ocrx_word' id='word_1_14' title='bbox 1394 635 1594 666; x_wconf 77' lang='lat' dir='ltr'><strong>Athenienses</strong></span> <span class='ocrx_word' id='word_1_15' title='bbox 1621 634 1691 664; x_wconf 86' lang='lat' dir='ltr'><strong>Chii</strong></span> <span class='ocrx_word' id='word_1_16' title='bbox 1717 639 1749 665; x_wconf 79' lang='lat' dir='ltr'><strong>et</strong></span> 
     </span>
     <span class='ocr_line' id='line_1_4' title="bbox 310 686 1748 731; baseline -0.003 -11"><span class='ocrx_word' id='word_1_17' title='bbox 310 690 422 720; x_wconf 84' lang='lat' dir='ltr'><strong>Rhodii</strong></span> <span class='ocrx_word' id='word_1_18' title='bbox 437 695 471 720; x_wconf 84' lang='lat' dir='ltr'><strong>et</strong></span> <span class='ocrx_word' id='word_1_19' title='bbox 485 691 625 731; x_wconf 82' lang='lat' dir='ltr'><strong>Byzantii</strong></span> <span class='ocrx_word' id='word_1_20' title='bbox 639 703 645 720; x_wconf 71' lang='grc' dir='ltr'><em>τ</em></span> <span class='ocrx_word' id='word_1_21' title='bbox 669 692 721 731; x_wconf 85' lang='lat' dir='ltr'><strong>qui</strong></span> <span class='ocrx_word' id='word_1_22' title='bbox 737 701 806 721; x_wconf 87' lang='lat' dir='ltr'><strong>cum</strong></span> <span class='ocrx_word' id='word_1_23' title='bbox 825 691 887 721; x_wconf 88' lang='lat' dir='ltr'><strong>illis</strong></span> <span class='ocrx_word' id='word_1_24' title='bbox 912 690 996 730; x_wconf 85' lang='lat' dir='ltr'><strong>prius</strong></span> <span class='ocrx_word' id='word_1_25' title='bbox 1012 689 1193 731; x_wconf 84' lang='lat' dir='ltr'><strong>paruissent,</strong></span> <span class='ocrx_word' id='word_1_26' title='bbox 1208 693 1279 718; x_wconf 84' lang='lat' dir='ltr'><strong>tunc</strong></span> <span class='ocrx_word' id='word_1_27' title='bbox 1306 687 1481 718; x_wconf 81' lang='lat' dir='ltr'><strong>societatem</strong></span> <span class='ocrx_word' id='word_1_28' title='bbox 1497 694 1600 718; x_wconf 86' lang='lat' dir='ltr'><strong>contra</strong></span> <span class='ocrx_word' id='word_1_29' title='bbox 1622 686 1748 717; x_wconf 76' lang='lat' dir='ltr'><strong>Atheni-</strong></span> 
     </span>
     <span class='ocr_line' id='line_1_5' title="bbox 306 739 1750 780; baseline -0.003 -9"><span class='ocrx_word' id='word_1_30' title='bbox 306 753 394 772; x_wconf 89' lang='lat' dir='ltr'><strong>enses</strong></span> <span class='ocrx_word' id='word_1_31' title='bbox 405 742 483 772; x_wconf 88' lang='lat' dir='ltr'><strong>inter</strong></span> <span class='ocrx_word' id='word_1_32' title='bbox 500 753 531 772; x_wconf 89' lang='lat' dir='ltr'><strong>se</strong></span> <span class='ocrx_word' id='word_1_33' title='bbox 545 744 687 773; x_wconf 81' lang='lat' dir='ltr'><strong>fecerant.</strong></span> <span class='ocrx_word' id='word_1_34' title='bbox 733 743 810 773; x_wconf 89' lang='lat' dir='ltr'><strong>Cum</strong></span> <span class='ocrx_word' id='word_1_35' title='bbox 827 747 927 773; x_wconf 89' lang='lat' dir='ltr'><strong>autem</strong></span> <span class='ocrx_word' id='word_1_36' title='bbox 941 742 1051 772; x_wconf 80' lang='lat' dir='ltr'><strong>Rhodii</strong></span> <span class='ocrx_word' id='word_1_37' title='bbox 1069 742 1166 772; x_wconf 84' lang='lat' dir='ltr'><strong>Cariae</strong></span> <span class='ocrx_word' id='word_1_38' title='bbox 1182 741 1273 770; x_wconf 86' lang='lat' dir='ltr'><strong>vicini</strong></span> <span class='ocrx_word' id='word_1_39' title='bbox 1293 744 1406 775; x_wconf 82' lang='lat' dir='ltr'><strong>essent,</strong></span> <span class='ocrx_word' id='word_1_40' title='bbox 1421 751 1453 770; x_wconf 90' lang='lat' dir='ltr'><strong>se</strong></span> <span class='ocrx_word' id='word_1_41' title='bbox 1470 741 1548 780; x_wconf 85' lang='lat' dir='ltr'><strong>apud</strong></span> <span class='ocrx_word' id='word_1_42' title='bbox 1567 739 1750 775; x_wconf 77' lang='lat' dir='ltr'><strong>Mausolum,</strong></span> 
     </span>
     <span class='ocr_line' id='line_1_6' title="bbox 308 788 1752 833; baseline -0.002 -11"><span class='ocrx_word' id='word_1_43' title='bbox 308 795 375 832; x_wconf 86' lang='lat' dir='ltr'><strong>ejus</strong></span> <span class='ocrx_word' id='word_1_44' title='bbox 391 792 556 833; x_wconf 86' lang='lat' dir='ltr'><strong>provinciae</strong></span> <span class='ocrx_word' id='word_1_45' title='bbox 579 794 768 833; x_wconf 84' lang='lat' dir='ltr'><strong>praesecturn,</strong></span> <span class='ocrx_word' id='word_1_46' title='bbox 785 794 879 833; x_wconf 80' lang='lat' dir='ltr'><strong>gratia</strong></span> <span class='ocrx_word' id='word_1_47' title='bbox 901 793 1002 823; x_wconf 90' lang='lat' dir='ltr'><strong>valere</strong></span> <span class='ocrx_word' id='word_1_48' title='bbox 1026 793 1181 833; x_wconf 81' lang='lat' dir='ltr'><strong>putabant.</strong></span> <span class='ocrx_word' id='word_1_49' title='bbox 1227 793 1257 821; x_wconf 92' lang='lat' dir='ltr'><strong>Is</strong></span> <span class='ocrx_word' id='word_1_50' title='bbox 1277 791 1420 832; x_wconf 85' lang='lat' dir='ltr'><strong>paulatim</strong></span> <span class='ocrx_word' id='word_1_51' title='bbox 1439 791 1518 830; x_wconf 82' lang='lat' dir='ltr'><strong>apud</strong></span> <span class='ocrx_word' id='word_1_52' title='bbox 1537 801 1601 826; x_wconf 87' lang='lat' dir='ltr'><strong>eos,</strong></span> <span class='ocrx_word' id='word_1_53' title='bbox 1619 790 1676 819; x_wconf 82' lang='lat' dir='ltr'><strong>fide</strong></span> <span class='ocrx_word' id='word_1_54' title='bbox 1693 788 1752 819; x_wconf 85' lang='lat' dir='ltr'><strong>sibi</strong></span> 
     </span>
     <span class='ocr_line' id='line_1_7' title="bbox 309 841 1750 883; baseline -0.003 -9"><span class='ocrx_word' id='word_1_55' title='bbox 309 844 481 878; x_wconf 85' lang='lat' dir='ltr'><strong>conciliata,</strong></span> <span class='ocrx_word' id='word_1_56' title='bbox 497 843 620 872; x_wconf 88' lang='lat' dir='ltr'><strong>insidias</strong></span> <span class='ocrx_word' id='word_1_57' title='bbox 634 843 748 883; x_wconf 89' lang='lat' dir='ltr'><strong>populo</strong></span> <span class='ocrx_word' id='word_1_58' title='bbox 762 844 961 883; x_wconf 88' lang='lat' dir='ltr'><strong>comparavit,</strong></span> <span class='ocrx_word' id='word_1_59' title='bbox 973 849 1003 874; x_wconf 91' lang='lat' dir='ltr'><strong>et</strong></span> <span class='ocrx_word' id='word_1_60' title='bbox 1019 845 1136 880; x_wconf 89' lang='lat' dir='ltr'><strong>urbem,</strong></span> <span class='ocrx_word' id='word_1_61' title='bbox 1150 844 1291 874; x_wconf 85' lang='lat' dir='ltr'><strong>libertate</strong></span> <span class='ocrx_word' id='word_1_62' title='bbox 1305 841 1431 872; x_wconf 85' lang='lat' dir='ltr'><strong>Rhodiis</strong></span> <span class='ocrx_word' id='word_1_63' title='bbox 1447 848 1562 882; x_wconf 86' lang='lat' dir='ltr'><strong>erepta,</strong></span> <span class='ocrx_word' id='word_1_64' title='bbox 1586 850 1750 881; x_wconf 85' lang='lat' dir='ltr'><strong>paucorum</strong></span> 
     </span>
     <span class='ocr_line' id='line_1_8' title="bbox 308 894 1753 935; baseline -0.003 -10"><span class='ocrx_word' id='word_1_65' title='bbox 308 896 514 934; x_wconf 84' lang='lat' dir='ltr'><strong>potentiorum</strong></span> <span class='ocrx_word' id='word_1_66' title='bbox 531 895 673 924; x_wconf 80' lang='lat' dir='ltr'><strong>servituti</strong></span> <span class='ocrx_word' id='word_1_67' title='bbox 692 894 832 933; x_wconf 84' lang='lat' dir='ltr'><strong>subjecit.</strong></span> <span class='ocrx_word' id='word_1_68' title='bbox 877 896 989 925; x_wconf 84' lang='lat' dir='ltr'><strong>Censet</strong></span> <span class='ocrx_word' id='word_1_69' title='bbox 1005 896 1097 935; x_wconf 87' lang='lat' dir='ltr'><strong>igitur</strong></span> <span class='ocrx_word' id='word_1_70' title='bbox 1115 895 1345 930; x_wconf 76' lang='lat' dir='ltr'><strong>Demosthenes,</strong></span> <span class='ocrx_word' id='word_1_71' title='bbox 1359 904 1423 924; x_wconf 79' lang='lat' dir='ltr'><strong>earn</strong></span> <span class='ocrx_word' id='word_1_72' title='bbox 1447 904 1509 923; x_wconf 82' lang='lat' dir='ltr'><strong>rem</strong></span> <span class='ocrx_word' id='word_1_73' title='bbox 1526 903 1583 922; x_wconf 90' lang='lat' dir='ltr'><strong>uon</strong></span> <span class='ocrx_word' id='word_1_74' title='bbox 1600 903 1666 922; x_wconf 81' lang='lat' dir='ltr'><strong>esse</strong></span> <span class='ocrx_word' id='word_1_75' title='bbox 1681 902 1753 931; x_wconf 89' lang='lat' dir='ltr'><strong>neg-</strong></span> 
     </span>
     <span class='ocr_line' id='line_1_9' title="bbox 306 942 1754 985; baseline -0.001 -11"><span class='ocrx_word' id='word_1_76' title='bbox 306 945 470 985; x_wconf 82' lang='lat' dir='ltr'><strong>ligendam,</strong></span> <span class='ocrx_word' id='word_1_77' title='bbox 494 946 548 975; x_wconf 90' lang='lat' dir='ltr'><strong>sed</strong></span> <span class='ocrx_word' id='word_1_78' title='bbox 574 946 743 984; x_wconf 84' lang='lat' dir='ltr'><strong>juvandum</strong></span> <span class='ocrx_word' id='word_1_79' title='bbox 770 946 1012 985; x_wconf 69' lang='lat' dir='ltr'><strong>esse‘populum</strong></span> <span class='ocrx_word' id='word_1_80' title='bbox 1038 946 1245 976; x_wconf 88' lang='lat' dir='ltr'><strong>Rhodiorum:</strong></span> <span class='ocrx_word' id='word_1_81' title='bbox 1268 946 1349 985; x_wconf 88' lang='lat' dir='ltr'><strong>quod</strong></span> <span class='ocrx_word' id='word_1_82' title='bbox 1365 955 1382 974; x_wconf 83' lang='lat' dir='ltr'><strong>e</strong></span> <span class='ocrx_word' id='word_1_83' title='bbox 1398 956 1432 975; x_wconf 88' lang='lat' dir='ltr'><strong>re</strong></span> <span class='ocrx_word' id='word_1_84' title='bbox 1453 945 1493 974; x_wconf 89' lang='lat' dir='ltr'><strong>sit</strong></span> <span class='ocrx_word' id='word_1_85' title='bbox 1515 942 1754 978; x_wconf 84' lang='lat' dir='ltr'><strong>Atheniensium,</strong></span> 
     </span>
     <span class='ocr_line' id='line_1_10' title="bbox 310 996 1752 1036; baseline -0.002 -11"><span class='ocrx_word' id='word_1_86' title='bbox 310 997 401 1025; x_wconf 87' lang='lat' dir='ltr'><strong>urbes</strong></span> <span class='ocrx_word' id='word_1_87' title='bbox 419 997 560 1036; x_wconf 87' lang='lat' dir='ltr'><strong>populari</strong></span> <span class='ocrx_word' id='word_1_88' title='bbox 575 1007 681 1035; x_wconf 86' lang='lat' dir='ltr'><strong>parere</strong></span> <span class='ocrx_word' id='word_1_89' title='bbox 695 996 831 1035; x_wconf 86' lang='lat' dir='ltr'><strong>imperio.</strong></span> <span class='ocrx_word' id='word_1_90' title='bbox 878 996 946 1025; x_wconf 87' lang='lat' dir='ltr'><strong>Etsi</strong></span> <span class='ocrx_word' id='word_1_91' title='bbox 970 1002 1082 1032; x_wconf 87' lang='lat' dir='ltr'><strong>autem,</strong></span> <span class='ocrx_word' id='word_1_92' title='bbox 1109 997 1216 1035; x_wconf 86' lang='lat' dir='ltr'><strong>inquit,</strong></span> <span class='ocrx_word' id='word_1_93' title='bbox 1243 996 1358 1026; x_wconf 87' lang='lat' dir='ltr'><strong>Rhodii</strong></span> <span class='ocrx_word' id='word_1_94' title='bbox 1386 1005 1442 1025; x_wconf 84' lang='lat' dir='ltr'><strong>vos</strong></span> <span class='ocrx_word' id='word_1_95' title='bbox 1465 996 1628 1024; x_wconf 87' lang='lat' dir='ltr'><strong>laeserunt:</strong></span> <span class='ocrx_word' id='word_1_96' title='bbox 1652 998 1752 1023; x_wconf 84' lang='lat' dir='ltr'><strong>tamen</strong></span> 
     </span>
     <span class='ocr_line' id='line_1_11' title="bbox 312 1043 1753 1086; baseline -0.002 -10"><span class='ocrx_word' id='word_1_97' title='bbox 312 1047 400 1076; x_wconf 85' lang='lat' dir='ltr'><strong>vobis</strong></span> <span class='ocrx_word' id='word_1_98' title='bbox 417 1052 448 1076; x_wconf 86' lang='lat' dir='ltr'><strong>et</strong></span> <span class='ocrx_word' id='word_1_99' title='bbox 464 1048 619 1077; x_wconf 85' lang='lat' dir='ltr'><strong>honestum</strong></span> <span class='ocrx_word' id='word_1_100' title='bbox 631 1054 661 1077; x_wconf 85' lang='lat' dir='ltr'><strong>et</strong></span> <span class='ocrx_word' id='word_1_101' title='bbox 679 1047 821 1076; x_wconf 81' lang='lat' dir='ltr'><strong>usitatum</strong></span> <span class='ocrx_word' id='word_1_102' title='bbox 838 1051 896 1082; x_wconf 82' lang='lat' dir='ltr'><strong>est,</strong></span> <span class='ocrx_word' id='word_1_103' title='bbox 914 1056 966 1076; x_wconf 84' lang='lat' dir='ltr'><strong>eos</strong></span> <span class='ocrx_word' id='word_1_104' title='bbox 983 1047 1072 1077; x_wconf 86' lang='lat' dir='ltr'><strong>etiam</strong></span> <span class='ocrx_word' id='word_1_105' title='bbox 1087 1048 1221 1083; x_wconf 86' lang='lat' dir='ltr'><strong>Graecos,</strong></span> <span class='ocrx_word' id='word_1_106' title='bbox 1235 1047 1286 1086; x_wconf 92' lang='lat' dir='ltr'><strong>qui</strong></span> <span class='ocrx_word' id='word_1_107' title='bbox 1299 1057 1353 1076; x_wconf 89' lang='lat' dir='ltr'><strong>vos</strong></span> <span class='ocrx_word' id='word_1_108' title='bbox 1366 1046 1497 1076; x_wconf 89' lang='lat' dir='ltr'><strong>nonnihil</strong></span> <span class='ocrx_word' id='word_1_109' title='bbox 1514 1046 1603 1076; x_wconf 76' lang='lat' dir='ltr'><strong>etiam</strong></span> <span class='ocrx_word' id='word_1_110' title='bbox 1616 1043 1753 1075; x_wconf 83' lang='lat' dir='ltr'><strong>offende-</strong></span> 
     </span>
    </p>
   </div>
   <div class='ocr_carea' id='block_1_3' title="bbox 248 1096 1373 1142">
    <p class='ocr_par' dir='ltr' id='par_1_3' title="bbox 248 1096 1373 1142">
     <span class='ocr_line' id='line_1_12' title="bbox 248 1096 1373 1142; baseline -0.001 -15"><span class='ocrx_word' id='word_1_111' title='bbox 248 1138 251 1142; x_wconf 16' lang='grc' dir='ltr'><em>Ὗ</em></span> <span class='ocrx_word' id='word_1_112' title='bbox 311 1102 391 1132; x_wconf 86' lang='lat' dir='ltr'><strong>runt,</strong></span> <span class='ocrx_word' id='word_1_113' title='bbox 404 1097 543 1133; x_wconf 84' lang='lat' dir='ltr'><strong>liberare,</strong></span> <span class='ocrx_word' id='word_1_114' title='bbox 553 1102 641 1137; x_wconf 82' lang='lat' dir='ltr'><strong>atque</strong></span> <span class='ocrx_word' id='word_1_115' title='bbox 654 1096 900 1136; x_wconf 75' lang='lat' dir='ltr'><strong>delinquentibus</strong></span> <span class='ocrx_word' id='word_1_116' title='bbox 916 1096 945 1126; x_wconf 87' lang='lat' dir='ltr'><strong>in</strong></span> <span class='ocrx_word' id='word_1_117' title='bbox 961 1097 1192 1138; x_wconf 85' lang='lat' dir='ltr'><strong>Rempublicam</strong></span> <span class='ocrx_word' id='word_1_118' title='bbox 1204 1097 1373 1136; x_wconf 84' lang='lat' dir='ltr'><strong>ignoscere.</strong></span> 
     </span>
    </p>
   </div>
   <div class='ocr_carea' id='block_1_4' title="bbox 549 1450 1532 1643">
    <p class='ocr_par' dir='ltr' id='par_1_4' title="bbox 549 1450 1532 1643">
     <span class='ocr_line' id='line_1_13' title="bbox 750 1450 1326 1506; baseline -0.002 -1"><span class='ocrx_word' id='word_1_119' title='bbox 750 1450 1326 1506; x_wconf 87' lang='lat' dir='ltr'>DEMOSTHENIS</span> 
     </span>
     <span class='ocr_line' id='line_1_14' title="bbox 549 1591 1532 1643; baseline -0.001 -4"><span class='ocrx_word' id='word_1_120' title='bbox 549 1591 638 1640; x_wconf 91' lang='lat' dir='ltr'><strong>DE</strong></span> <span class='ocrx_word' id='word_1_121' title='bbox 684 1593 1102 1643; x_wconf 85' lang='lat' dir='ltr'>RHODIORUM</span> <span class='ocrx_word' id='word_1_122' title='bbox 1156 1591 1532 1640; x_wconf 89' lang='lat' dir='ltr'><strong>LIBERTATE</strong></span> 
     </span>
    </p>
   </div>
   <div class='ocr_carea' id='block_1_5' title="bbox 915 1728 1175 1770">
    <p class='ocr_par' dir='ltr' id='par_1_5' title="bbox 915 1728 1175 1770">
     <span class='ocr_line' id='line_1_15' title="bbox 915 1728 1175 1770; baseline -0.004 0"><span class='ocrx_word' id='word_1_123' title='bbox 915 1728 1175 1770; x_wconf 85' lang='lat' dir='ltr'><strong>ORATIO.</strong></span> 
     </span>
    </p>
   </div>
   <div class='ocr_carea' id='block_1_6' title="bbox 317 1849 1763 2146">
    <p class='ocr_par' dir='ltr' id='par_1_6' title="bbox 317 1849 1763 2146">
     <span class='ocr_line' id='line_1_16' title="bbox 374 1849 1760 1900; baseline 0 -12"><span class='ocrx_word' id='word_1_124' title='bbox 374 1852 410 1888; x_wconf 93' lang='lat' dir='ltr'><strong>l.</strong></span> <span class='ocrx_word' id='word_1_125' title='bbox 441 1849 675 1886; x_wconf 69' lang='lat' dir='ltr'><strong>Annrrnon</strong></span> <span class='ocrx_word' id='word_1_126' title='bbox 695 1856 868 1900; x_wconf 87' lang='lat' dir='ltr'><strong>oportere</strong></span> <span class='ocrx_word' id='word_1_127' title='bbox 888 1864 973 1897; x_wconf 89' lang='lat' dir='ltr'><strong>nos,</strong></span> <span class='ocrx_word' id='word_1_128' title='bbox 993 1851 1260 1894; x_wconf 86' lang='lat' dir='ltr'><strong>Athenienses,</strong></span> <span class='ocrx_word' id='word_1_129' title='bbox 1281 1849 1396 1886; x_wconf 89' lang='lat' dir='ltr'><strong>tantis</strong></span> <span class='ocrx_word' id='word_1_130' title='bbox 1417 1849 1465 1886; x_wconf 92' lang='lat' dir='ltr'><strong>de</strong></span> <span class='ocrx_word' id='word_1_131' title='bbox 1481 1849 1594 1887; x_wconf 91' lang='lat' dir='ltr'><strong>rebus</strong></span> <span class='ocrx_word' id='word_1_132' title='bbox 1616 1849 1760 1889; x_wconf 88' lang='lat' dir='ltr'><strong>delibe-</strong></span> 
     </span>
     <span class='ocr_line' id='line_1_17' title="bbox 317 1909 1760 1961; baseline 0 -13"><span class='ocrx_word' id='word_1_133' title='bbox 317 1918 457 1956; x_wconf 78' lang='lat' dir='ltr'><strong>rantes,</strong></span> <span class='ocrx_word' id='word_1_134' title='bbox 487 1910 576 1948; x_wconf 86' lang='lat' dir='ltr'><strong>dare</strong></span> <span class='ocrx_word' id='word_1_135' title='bbox 614 1909 728 1947; x_wconf 89' lang='lat' dir='ltr'><strong>libere</strong></span> <span class='ocrx_word' id='word_1_136' title='bbox 770 1910 921 1948; x_wconf 89' lang='lat' dir='ltr'><strong>dicendi</strong></span> <span class='ocrx_word' id='word_1_137' title='bbox 958 1918 1189 1961; x_wconf 84' lang='lat' dir='ltr'><strong>potestatem</strong></span> <span class='ocrx_word' id='word_1_138' title='bbox 1227 1910 1429 1960; x_wconf 88' lang='lat' dir='ltr'><strong>unicuique</strong></span> <span class='ocrx_word' id='word_1_139' title='bbox 1465 1910 1760 1948; x_wconf 87' lang='lat' dir='ltr'><strong>consulentium.</strong></span> 
     </span>
     <span class='ocr_line' id='line_1_18' title="bbox 320 1971 1763 2022; baseline 0.001 -13"><span class='ocrx_word' id='word_1_140' title='bbox 320 1973 403 2021; x_wconf 72' lang='lat' dir='ltr'><strong>Ego</strong></span> <span class='ocrx_word' id='word_1_141' title='bbox 422 1984 509 2008; x_wconf 87' lang='lat' dir='ltr'><strong>vero</strong></span> <span class='ocrx_word' id='word_1_142' title='bbox 532 1984 606 2008; x_wconf 89' lang='lat' dir='ltr'><strong>non</strong></span> <span class='ocrx_word' id='word_1_143' title='bbox 636 1971 765 2021; x_wconf 86' lang='lat' dir='ltr'><strong>putavi</strong></span> <span class='ocrx_word' id='word_1_144' title='bbox 786 1985 952 2022; x_wconf 89' lang='lat' dir='ltr'><strong>unquam</strong></span> <span class='ocrx_word' id='word_1_145' title='bbox 974 1972 1126 2009; x_wconf 87' lang='lat' dir='ltr'><strong>difficile</strong></span> <span class='ocrx_word' id='word_1_146' title='bbox 1149 1972 1285 2010; x_wconf 87' lang='lat' dir='ltr'><strong>docere</strong></span> <span class='ocrx_word' id='word_1_147' title='bbox 1306 1984 1373 2008; x_wconf 89' lang='lat' dir='ltr'><strong>vos</strong></span> <span class='ocrx_word' id='word_1_148' title='bbox 1393 1984 1478 2021; x_wconf 81' lang='lat' dir='ltr'><strong>quae</strong></span> <span class='ocrx_word' id='word_1_149' title='bbox 1499 1971 1639 2021; x_wconf 88' lang='lat' dir='ltr'><strong>optima</strong></span> <span class='ocrx_word' id='word_1_150' title='bbox 1659 1973 1763 2010; x_wconf 85' lang='lat' dir='ltr'><strong>factu</strong></span> 
     </span>
     <span class='ocr_line' id='line_1_19' title="bbox 321 2033 1762 2084; baseline 0 -13"><span class='ocrx_word' id='word_1_151' title='bbox 321 2035 491 2071; x_wconf 69' lang='lat' dir='ltr'><strong>sint—ut</strong></span> <span class='ocrx_word' id='word_1_152' title='bbox 511 2033 610 2070; x_wconf 90' lang='lat' dir='ltr'><strong>enim</strong></span> <span class='ocrx_word' id='word_1_153' title='bbox 633 2033 853 2084; x_wconf 90' lang='lat' dir='ltr'><strong>simpliciter</strong></span> <span class='ocrx_word' id='word_1_154' title='bbox 873 2034 1008 2078; x_wconf 88' lang='lat' dir='ltr'><strong>dicam,</strong></span> <span class='ocrx_word' id='word_1_155' title='bbox 1030 2047 1162 2071; x_wconf 89' lang='lat' dir='ltr'><strong>omnes</strong></span> <span class='ocrx_word' id='word_1_156' title='bbox 1183 2047 1228 2072; x_wconf 82' lang='lat' dir='ltr'><strong>ea</strong></span> <span class='ocrx_word' id='word_1_157' title='bbox 1242 2034 1322 2084; x_wconf 85' lang='lat' dir='ltr'><strong>jam</strong></span> <span class='ocrx_word' id='word_1_158' title='bbox 1341 2040 1428 2070; x_wconf 85' lang='lat' dir='ltr'><strong>ante</strong></span> <span class='ocrx_word' id='word_1_159' title='bbox 1448 2034 1602 2083; x_wconf 82' lang='lat' dir='ltr'><strong>cognita</strong></span> <span class='ocrx_word' id='word_1_160' title='bbox 1621 2034 1762 2071; x_wconf 87' lang='lat' dir='ltr'><strong>habere</strong></span> 
     </span>
     <span class='ocr_line' id='line_1_20' title="bbox 320 2093 1763 2146; baseline 0.001 -14"><span class='ocrx_word' id='word_1_161' title='bbox 320 2095 409 2132; x_wconf 87' lang='lat' dir='ltr'><strong>mihi</strong></span> <span class='ocrx_word' id='word_1_162' title='bbox 430 2093 731 2131; x_wconf 86' lang='lat' dir='ltr'><strong>videmini—sed</strong></span> <span class='ocrx_word' id='word_1_163' title='bbox 744 2095 972 2144; x_wconf 80' lang='lat' dir='ltr'><strong>persuadere</strong></span> <span class='ocrx_word' id='word_1_164' title='bbox 992 2103 1034 2132; x_wconf 90' lang='lat' dir='ltr'><strong>ut</strong></span> <span class='ocrx_word' id='word_1_165' title='bbox 1053 2108 1098 2132; x_wconf 86' lang='lat' dir='ltr'><strong>ea</strong></span> <span class='ocrx_word' id='word_1_166' title='bbox 1117 2095 1399 2145; x_wconf 83' lang='lat' dir='ltr'><strong>exsequamini:</strong></span> <span class='ocrx_word' id='word_1_167' title='bbox 1423 2107 1508 2131; x_wconf 84' lang='lat' dir='ltr'><strong>nam</strong></span> <span class='ocrx_word' id='word_1_168' title='bbox 1523 2107 1608 2132; x_wconf 91' lang='lat' dir='ltr'><strong>cum</strong></span> <span class='ocrx_word' id='word_1_169' title='bbox 1624 2096 1763 2146; x_wconf 86' lang='lat' dir='ltr'><strong>proba-</strong></span> 
     </span>
    </p>
   </div>
   <div class='ocr_carea' id='block_1_7' title="bbox 318 2155 1765 2267">
    <p class='ocr_par' dir='ltr' id='par_1_7' title="bbox 318 2155 1765 2267">
     <span class='ocr_line' id='line_1_21' title="bbox 318 2155 1765 2207; baseline 0.001 -15"><span class='ocrx_word' id='word_1_170' title='bbox 318 2163 399 2193; x_wconf 89' lang='lat' dir='ltr'><strong>tum</strong></span> <span class='ocrx_word' id='word_1_171' title='bbox 420 2155 563 2205; x_wconf 83' lang='lat' dir='ltr'><strong>aliquid</strong></span> <span class='ocrx_word' id='word_1_172' title='bbox 582 2155 853 2205; x_wconf 88' lang='lat' dir='ltr'><strong>decretumque</strong></span> <span class='ocrx_word' id='word_1_173' title='bbox 869 2162 943 2201; x_wconf 89' lang='lat' dir='ltr'><strong>est,</strong></span> <span class='ocrx_word' id='word_1_174' title='bbox 964 2156 1190 2194; x_wconf 85' lang='lat' dir='ltr'><strong>tantundem</strong></span> <span class='ocrx_word' id='word_1_175' title='bbox 1211 2157 1259 2194; x_wconf 94' lang='lat' dir='ltr'><strong>ab</strong></span> <span class='ocrx_word' id='word_1_176' title='bbox 1280 2156 1430 2206; x_wconf 82' lang='lat' dir='ltr'><strong>agendo</strong></span> <span class='ocrx_word' id='word_1_177' title='bbox 1444 2156 1563 2201; x_wconf 85' lang='lat' dir='ltr'><strong>abest,</strong></span> <span class='ocrx_word' id='word_1_178' title='bbox 1579 2163 1765 2207; x_wconf 86' lang='lat' dir='ltr'><strong>quantum</strong></span> 
     </span>
     <span class='ocr_line' id='line_1_22' title="bbox 320 2217 827 2267; baseline -0.004 -12"><span class='ocrx_word' id='word_1_179' title='bbox 320 2224 525 2267; x_wconf 84' lang='lat' dir='ltr'><strong>antequam</strong></span> <span class='ocrx_word' id='word_1_180' title='bbox 545 2217 827 2254; x_wconf 83' lang='lat' dir='ltr'><strong>decerneretur.</strong></span> 
     </span>
    </p>
   </div>
   <div class='ocr_carea' id='block_1_8' title="bbox 318 2277 1770 3001">
    <p class='ocr_par' dir='ltr' id='par_1_8' title="bbox 318 2277 1770 3001">
     <span class='ocr_line' id='line_1_23' title="bbox 375 2277 1764 2328; baseline 0 -12"><span class='ocrx_word' id='word_1_181' title='bbox 375 2281 411 2316; x_wconf 80' lang='lat'><strong>2.</strong></span> <span class='ocrx_word' id='word_1_182' title='bbox 445 2279 517 2316; x_wconf 91' lang='lat' dir='ltr'><strong>Est</strong></span> <span class='ocrx_word' id='word_1_183' title='bbox 535 2285 662 2316; x_wconf 88' lang='lat' dir='ltr'><strong>autem</strong></span> <span class='ocrx_word' id='word_1_184' title='bbox 683 2278 778 2316; x_wconf 91' lang='lat' dir='ltr'><strong>illud</strong></span> <span class='ocrx_word' id='word_1_185' title='bbox 799 2292 914 2315; x_wconf 91' lang='lat' dir='ltr'><strong>unum</strong></span> <span class='ocrx_word' id='word_1_186' title='bbox 935 2292 979 2317; x_wconf 90' lang='lat' dir='ltr'><strong>ex</strong></span> <span class='ocrx_word' id='word_1_187' title='bbox 1000 2291 1128 2316; x_wconf 91' lang='lat' dir='ltr'><strong>eorum</strong></span> <span class='ocrx_word' id='word_1_188' title='bbox 1148 2291 1320 2325; x_wconf 83' lang='lat' dir='ltr'><strong>numero,</strong></span> <span class='ocrx_word' id='word_1_189' title='bbox 1334 2285 1488 2328; x_wconf 89' lang='lat' dir='ltr'><strong>propter</strong></span> <span class='ocrx_word' id='word_1_190' title='bbox 1499 2291 1586 2328; x_wconf 85' lang='lat' dir='ltr'><strong>quae</strong></span> <span class='ocrx_word' id='word_1_191' title='bbox 1606 2277 1676 2316; x_wconf 91' lang='lat' dir='ltr'><strong>diis</strong></span> <span class='ocrx_word' id='word_1_192' title='bbox 1695 2278 1764 2316; x_wconf 90' lang='lat' dir='ltr'><strong>im-</strong></span> 
     </span>
     <span class='ocr_line' id='line_1_24' title="bbox 321 2338 1767 2391; baseline 0.001 -14"><span class='ocrx_word' id='word_1_193' title='bbox 321 2340 542 2378; x_wconf 86' lang='lat' dir='ltr'><strong>mortalibus</strong></span> <span class='ocrx_word' id='word_1_194' title='bbox 563 2340 704 2390; x_wconf 83' lang='lat' dir='ltr'><strong>gratias</strong></span> <span class='ocrx_word' id='word_1_195' title='bbox 716 2352 784 2377; x_wconf 89' lang='lat' dir='ltr'><strong>vos</strong></span> <span class='ocrx_word' id='word_1_196' title='bbox 804 2340 943 2378; x_wconf 82' lang='lat' dir='ltr'><strong>habere</strong></span> <span class='ocrx_word' id='word_1_197' title='bbox 964 2340 1152 2385; x_wconf 86' lang='lat' dir='ltr'><strong>existimo,</strong></span> <span class='ocrx_word' id='word_1_198' title='bbox 1167 2338 1270 2389; x_wconf 90' lang='lat' dir='ltr'><strong>quod</strong></span> <span class='ocrx_word' id='word_1_199' title='bbox 1290 2339 1354 2389; x_wconf 92' lang='lat' dir='ltr'><strong>qui</strong></span> <span class='ocrx_word' id='word_1_200' title='bbox 1374 2351 1449 2376; x_wconf 89' lang='lat' dir='ltr'><strong>non</strong></span> <span class='ocrx_word' id='word_1_201' title='bbox 1462 2340 1516 2376; x_wconf 89' lang='lat' dir='ltr'><strong>ita</strong></span> <span class='ocrx_word' id='word_1_202' title='bbox 1529 2339 1618 2376; x_wconf 90' lang='lat' dir='ltr'><strong>olim</strong></span> <span class='ocrx_word' id='word_1_203' title='bbox 1633 2346 1767 2391; x_wconf 87' lang='lat' dir='ltr'><strong>suapte</strong></span> 
     </span>
     <span class='ocr_line' id='line_1_25' title="bbox 321 2399 1767 2452; baseline 0.001 -14"><span class='ocrx_word' id='word_1_204' title='bbox 321 2401 534 2452; x_wconf 83' lang='lat' dir='ltr'><strong>petulantia</strong></span> <span class='ocrx_word' id='word_1_205' title='bbox 553 2401 702 2451; x_wconf 89' lang='lat' dir='ltr'><strong>impulsi</strong></span> <span class='ocrx_word' id='word_1_206' title='bbox 722 2414 790 2439; x_wconf 89' lang='lat' dir='ltr'><strong>vos</strong></span> <span class='ocrx_word' id='word_1_207' title='bbox 810 2401 910 2439; x_wconf 90' lang='lat' dir='ltr'><strong>bello</strong></span> <span class='ocrx_word' id='word_1_208' title='bbox 938 2401 1139 2452; x_wconf 89' lang='lat' dir='ltr'><strong>petierunt,</strong></span> <span class='ocrx_word' id='word_1_209' title='bbox 1158 2402 1183 2438; x_wconf 91' lang='lat' dir='ltr'><strong>ii</strong></span> <span class='ocrx_word' id='word_1_210' title='bbox 1202 2413 1304 2437; x_wconf 92' lang='lat' dir='ltr'><strong>nunc</strong></span> <span class='ocrx_word' id='word_1_211' title='bbox 1331 2399 1369 2436; x_wconf 89' lang='lat' dir='ltr'><strong>in</strong></span> <span class='ocrx_word' id='word_1_212' title='bbox 1399 2400 1507 2437; x_wconf 90' lang='lat' dir='ltr'><strong>vobis</strong></span> <span class='ocrx_word' id='word_1_213' title='bbox 1535 2399 1626 2438; x_wconf 88' lang='lat' dir='ltr'><strong>solis</strong></span> <span class='ocrx_word' id='word_1_214' title='bbox 1659 2413 1767 2451; x_wconf 88' lang='lat' dir='ltr'><strong>spem</strong></span> 
     </span>
     <span class='ocr_line' id='line_1_26' title="bbox 324 2460 1763 2511; baseline -0.001 -11"><span class='ocrx_word' id='word_1_215' title='bbox 324 2476 404 2500; x_wconf 80' lang='lat' dir='ltr'><strong>suae</strong></span> <span class='ocrx_word' id='word_1_216' title='bbox 425 2461 555 2499; x_wconf 89' lang='lat' dir='ltr'><strong>salutis</strong></span> <span class='ocrx_word' id='word_1_217' title='bbox 575 2462 733 2499; x_wconf 85' lang='lat' dir='ltr'><strong>habent.</strong></span> <span class='ocrx_word' id='word_1_218' title='bbox 792 2462 918 2511; x_wconf 87' lang='lat' dir='ltr'><strong>Atque</strong></span> <span class='ocrx_word' id='word_1_219' title='bbox 948 2474 1101 2511; x_wconf 85' lang='lat' dir='ltr'><strong>aequum</strong></span> <span class='ocrx_word' id='word_1_220' title='bbox 1133 2468 1189 2498; x_wconf 89' lang='lat' dir='ltr'><strong>est</strong></span> <span class='ocrx_word' id='word_1_221' title='bbox 1219 2461 1400 2511; x_wconf 83' lang='lat' dir='ltr'><strong>gratulari</strong></span> <span class='ocrx_word' id='word_1_222' title='bbox 1430 2460 1517 2498; x_wconf 91' lang='lat' dir='ltr'><strong>huic</strong></span> <span class='ocrx_word' id='word_1_223' title='bbox 1545 2461 1763 2505; x_wconf 85' lang='lat' dir='ltr'><strong>occasioni;</strong></span> 
     </span>
     <span class='ocr_line' id='line_1_27' title="bbox 324 2522 1767 2575; baseline 0 -15"><span class='ocrx_word' id='word_1_224' title='bbox 324 2537 402 2575; x_wconf 82' lang='lat' dir='ltr'><strong>qua</strong></span> <span class='ocrx_word' id='word_1_225' title='bbox 422 2524 452 2560; x_wconf 91' lang='lat' dir='ltr'><strong>si</strong></span> <span class='ocrx_word' id='word_1_226' title='bbox 471 2530 572 2561; x_wconf 88' lang='lat' dir='ltr'><strong>recte</strong></span> <span class='ocrx_word' id='word_1_227' title='bbox 602 2523 773 2569; x_wconf 88' lang='lat' dir='ltr'><strong>utemini,</strong></span> <span class='ocrx_word' id='word_1_228' title='bbox 792 2523 868 2568; x_wconf 86' lang='lat' dir='ltr'><strong>fiet,</strong></span> <span class='ocrx_word' id='word_1_229' title='bbox 890 2529 933 2560; x_wconf 85' lang='lat' dir='ltr'><strong>ut</strong></span> <span class='ocrx_word' id='word_1_230' title='bbox 951 2535 1079 2560; x_wconf 90' lang='lat' dir='ltr'><strong>eorum</strong></span> <span class='ocrx_word' id='word_1_231' title='bbox 1105 2522 1168 2572; x_wconf 92' lang='lat' dir='ltr'><strong>qui</strong></span> <span class='ocrx_word' id='word_1_232' title='bbox 1189 2530 1357 2559; x_wconf 87' lang='lat' dir='ltr'><strong>nostram</strong></span> <span class='ocrx_word' id='word_1_233' title='bbox 1378 2522 1510 2560; x_wconf 89' lang='lat' dir='ltr'><strong>urbem</strong></span> <span class='ocrx_word' id='word_1_234' title='bbox 1531 2522 1767 2560; x_wconf 90' lang='lat' dir='ltr'><strong>calumnian-</strong></span> 
     </span>
     <span class='ocr_line' id='line_1_28' title="bbox 325 2582 1767 2634; baseline -0.001 -12"><span class='ocrx_word' id='word_1_235' title='bbox 325 2593 385 2623; x_wconf 89' lang='lat' dir='ltr'><strong>tur</strong></span> <span class='ocrx_word' id='word_1_236' title='bbox 419 2583 626 2621; x_wconf 85' lang='lat' dir='ltr'><strong>maledicta</strong></span> <span class='ocrx_word' id='word_1_237' title='bbox 653 2584 778 2634; x_wconf 88' lang='lat' dir='ltr'><strong>reipsa</strong></span> <span class='ocrx_word' id='word_1_238' title='bbox 809 2591 848 2621; x_wconf 89' lang='lat' dir='ltr'><strong>et</strong></span> <span class='ocrx_word' id='word_1_239' title='bbox 881 2597 967 2621; x_wconf 91' lang='lat' dir='ltr'><strong>cum</strong></span> <span class='ocrx_word' id='word_1_240' title='bbox 999 2584 1101 2620; x_wconf 85' lang='lat' dir='ltr'><strong>bona</strong></span> <span class='ocrx_word' id='word_1_241' title='bbox 1131 2582 1232 2620; x_wconf 82' lang='lat' dir='ltr'><strong>fama</strong></span> <span class='ocrx_word' id='word_1_242' title='bbox 1263 2583 1452 2620; x_wconf 85' lang='lat' dir='ltr'><strong>refutetis.</strong></span> <span class='ocrx_word' id='word_1_243' title='bbox 1509 2584 1646 2625; x_wconf 82' lang='lat' dir='ltr'><strong>Questi</strong></span> <span class='ocrx_word' id='word_1_244' title='bbox 1666 2584 1767 2622; x_wconf 88' lang='lat' dir='ltr'><strong>enim</strong></span> 
     </span>
     <span class='ocr_line' id='line_1_29' title="bbox 325 2643 1768 2697; baseline 0.001 -15"><span class='ocrx_word' id='word_1_245' title='bbox 325 2653 414 2683; x_wconf 89' lang='lat' dir='ltr'><strong>sunt</strong></span> <span class='ocrx_word' id='word_1_246' title='bbox 435 2646 505 2682; x_wconf 88' lang='lat' dir='ltr'><strong>sibi</strong></span> <span class='ocrx_word' id='word_1_247' title='bbox 520 2657 590 2682; x_wconf 85' lang='lat' dir='ltr'><strong>nos</strong></span> <span class='ocrx_word' id='word_1_248' title='bbox 610 2644 780 2682; x_wconf 90' lang='lat' dir='ltr'><strong>insidiari</strong></span> <span class='ocrx_word' id='word_1_249' title='bbox 796 2645 881 2681; x_wconf 91' lang='lat' dir='ltr'><strong>Chii</strong></span> <span class='ocrx_word' id='word_1_250' title='bbox 899 2651 936 2682; x_wconf 89' lang='lat' dir='ltr'><strong>et</strong></span> <span class='ocrx_word' id='word_1_251' title='bbox 952 2644 1121 2695; x_wconf 87' lang='lat' dir='ltr'><strong>Byzantii</strong></span> <span class='ocrx_word' id='word_1_252' title='bbox 1135 2650 1174 2681; x_wconf 88' lang='lat' dir='ltr'><strong>et</strong></span> <span class='ocrx_word' id='word_1_253' title='bbox 1194 2643 1333 2681; x_wconf 85' lang='lat' dir='ltr'><strong>Rhodii</strong></span> <span class='ocrx_word' id='word_1_254' title='bbox 1350 2657 1358 2686; x_wconf 90' lang='lat'>;</span> <span class='ocrx_word' id='word_1_255' title='bbox 1389 2651 1660 2697; x_wconf 84' lang='lat' dir='ltr'><strong>proptereaque</strong></span> <span class='ocrx_word' id='word_1_256' title='bbox 1676 2658 1768 2683; x_wconf 91' lang='lat' dir='ltr'><strong>con-</strong></span> 
     </span>
     <span class='ocr_line' id='line_1_30' title="bbox 318 2704 1769 2757; baseline 0 -13"><span class='ocrx_word' id='word_1_257' title='bbox 318 2707 466 2757; x_wconf 88' lang='lat' dir='ltr'><strong>junctis</strong></span> <span class='ocrx_word' id='word_1_258' title='bbox 484 2704 638 2751; x_wconf 75' lang='lat' dir='ltr'><strong>viribus,</strong></span> <span class='ocrx_word' id='word_1_259' title='bbox 658 2713 890 2756; x_wconf 84' lang='lat' dir='ltr'><strong>postremum</strong></span> <span class='ocrx_word' id='word_1_260' title='bbox 910 2705 981 2743; x_wconf 88' lang='lat' dir='ltr'><strong>hoc</strong></span> <span class='ocrx_word' id='word_1_261' title='bbox 1011 2705 1154 2742; x_wconf 88' lang='lat' dir='ltr'><strong>bellurn</strong></span> <span class='ocrx_word' id='word_1_262' title='bbox 1184 2705 1292 2743; x_wconf 92' lang='lat' dir='ltr'><strong>nobis</strong></span> <span class='ocrx_word' id='word_1_263' title='bbox 1313 2706 1534 2744; x_wconf 87' lang='lat' dir='ltr'><strong>intulerunt.</strong></span> <span class='ocrx_word' id='word_1_264' title='bbox 1592 2707 1769 2757; x_wconf 88' lang='lat' dir='ltr'><strong>Appare-</strong></span> 
     </span>
     <span class='ocr_line' id='line_1_31' title="bbox 325 2767 1769 2817; baseline -0.001 -11"><span class='ocrx_word' id='word_1_265' title='bbox 325 2771 379 2806; x_wconf 87' lang='lat' dir='ltr'><strong>bit</strong></span> <span class='ocrx_word' id='word_1_266' title='bbox 403 2775 531 2806; x_wconf 74' lang='lat' dir='ltr'><strong>autem</strong></span> <span class='ocrx_word' id='word_1_267' title='bbox 551 2767 770 2805; x_wconf 87' lang='lat' dir='ltr'><strong>Mausolum</strong></span> <span class='ocrx_word' id='word_1_268' title='bbox 791 2768 853 2817; x_wconf 89' lang='lat' dir='ltr'><strong>qui</strong></span> <span class='ocrx_word' id='word_1_269' title='bbox 875 2767 951 2804; x_wconf 84' lang='lat' dir='ltr'><strong>dux</strong></span> <span class='ocrx_word' id='word_1_270' title='bbox 972 2774 1009 2804; x_wconf 80' lang='lat' dir='ltr'><strong>ct</strong></span> <span class='ocrx_word' id='word_1_271' title='bbox 1030 2775 1161 2804; x_wconf 86' lang='lat' dir='ltr'><strong>auctor</strong></span> <span class='ocrx_word' id='word_1_272' title='bbox 1180 2767 1261 2817; x_wconf 81' lang='lat' dir='ltr'><strong>ejus</strong></span> <span class='ocrx_word' id='word_1_273' title='bbox 1282 2768 1333 2805; x_wconf 89' lang='lat' dir='ltr'><strong>rei</strong></span> <span class='ocrx_word' id='word_1_274' title='bbox 1365 2768 1447 2814; x_wconf 85' lang='lat' dir='ltr'><strong>fuit,</strong></span> <span class='ocrx_word' id='word_1_275' title='bbox 1480 2769 1570 2806; x_wconf 89' lang='lat' dir='ltr'><strong>dum</strong></span> <span class='ocrx_word' id='word_1_276' title='bbox 1606 2781 1646 2805; x_wconf 94' lang='lat' dir='ltr'><strong>se</strong></span> <span class='ocrx_word' id='word_1_277' title='bbox 1675 2767 1769 2805; x_wconf 87' lang='lat' dir='ltr'><strong>ami-</strong></span> 
     </span>
     <span class='ocr_line' id='line_1_32' title="bbox 327 2828 1770 2880; baseline -0.001 -12"><span class='ocrx_word' id='word_1_278' title='bbox 327 2844 413 2868; x_wconf 84' lang='lat' dir='ltr'><strong>cum</strong></span> <span class='ocrx_word' id='word_1_279' title='bbox 445 2843 527 2867; x_wconf 88' lang='lat' dir='ltr'><strong>esse</strong></span> <span class='ocrx_word' id='word_1_280' title='bbox 563 2828 798 2866; x_wconf 81' lang='lat' dir='ltr'><strong>Rhodiorum</strong></span> <span class='ocrx_word' id='word_1_281' title='bbox 832 2828 999 2872; x_wconf 85' lang='lat' dir='ltr'><strong>simulat,</strong></span> <span class='ocrx_word' id='word_1_282' title='bbox 1027 2828 1238 2865; x_wconf 82' lang='lat' dir='ltr'><strong>libertatem</strong></span> <span class='ocrx_word' id='word_1_283' title='bbox 1270 2829 1323 2866; x_wconf 92' lang='lat' dir='ltr'><strong>eis</strong></span> <span class='ocrx_word' id='word_1_284' title='bbox 1354 2829 1535 2880; x_wconf 88' lang='lat' dir='ltr'><strong>eripuisse</strong></span> <span class='ocrx_word' id='word_1_285' title='bbox 1552 2842 1561 2866; x_wconf 87' lang='lat'>:</span> <span class='ocrx_word' id='word_1_286' title='bbox 1594 2828 1710 2866; x_wconf 90' lang='lat' dir='ltr'><strong>Chios</strong></span> <span class='ocrx_word' id='word_1_287' title='bbox 1732 2836 1770 2867; x_wconf 91' lang='lat' dir='ltr'><strong>et</strong></span> 
     </span>
     <span class='ocr_line' id='line_1_33' title="bbox 330 2889 1769 2941; baseline -0.001 -13"><span class='ocrx_word' id='word_1_288' title='bbox 330 2891 547 2941; x_wconf 80' lang='lat' dir='ltr'><strong>ByzantiOS,</strong></span> <span class='ocrx_word' id='word_1_289' title='bbox 568 2904 590 2928; x_wconf 87' lang='lat' dir='ltr'><strong>a</strong></span> <span class='ocrx_word' id='word_1_290' title='bbox 609 2890 745 2941; x_wconf 89' lang='lat' dir='ltr'><strong>quibus</strong></span> <span class='ocrx_word' id='word_1_291' title='bbox 768 2890 805 2926; x_wconf 90' lang='lat' dir='ltr'><strong>in</strong></span> <span class='ocrx_word' id='word_1_292' title='bbox 825 2890 1043 2928; x_wconf 81' lang='lat' dir='ltr'><strong>societatem</strong></span> <span class='ocrx_word' id='word_1_293' title='bbox 1066 2889 1242 2940; x_wconf 83' lang='lat' dir='ltr'><strong>adscripti</strong></span> <span class='ocrx_word' id='word_1_294' title='bbox 1264 2890 1427 2936; x_wconf 85' lang='lat' dir='ltr'><strong>fuerant,</strong></span> <span class='ocrx_word' id='word_1_295' title='bbox 1448 2889 1619 2927; x_wconf 89' lang='lat' dir='ltr'><strong>cladibus</strong></span> <span class='ocrx_word' id='word_1_296' title='bbox 1639 2902 1769 2927; x_wconf 88' lang='lat' dir='ltr'><strong>eorum</strong></span> 
     </span>
     <span class='ocr_line' id='line_1_34' title="bbox 326 2951 1767 3001; baseline 0 -12"><span class='ocrx_word' id='word_1_297' title='bbox 326 2965 403 2989; x_wconf 87' lang='lat' dir='ltr'><strong>non</strong></span> <span class='ocrx_word' id='word_1_298' title='bbox 425 2951 655 2990; x_wconf 86' lang='lat' dir='ltr'><strong>succurrisse</strong></span> <span class='ocrx_word' id='word_1_299' title='bbox 672 2965 679 2988; x_wconf 89' lang='lat'><strong>:</strong></span> <span class='ocrx_word' id='word_1_300' title='bbox 710 2964 778 2989; x_wconf 92' lang='lat' dir='ltr'><strong>vos</strong></span> <span class='ocrx_word' id='word_1_301' title='bbox 797 2964 892 3001; x_wconf 88' lang='lat' dir='ltr'><strong>quos</strong></span> <span class='ocrx_word' id='word_1_302' title='bbox 909 2951 1129 2989; x_wconf 80' lang='lat' dir='ltr'><strong>metuebant</strong></span> <span class='ocrx_word' id='word_1_303' title='bbox 1149 2951 1250 2989; x_wconf 85' lang='lat' dir='ltr'><strong>solos</strong></span> <span class='ocrx_word' id='word_1_304' title='bbox 1270 2952 1438 2990; x_wconf 89' lang='lat' dir='ltr'><strong>omnium</strong></span> <span class='ocrx_word' id='word_1_305' title='bbox 1458 2951 1618 2989; x_wconf 80' lang='lat' dir='ltr'><strong>salutem</strong></span> <span class='ocrx_word' id='word_1_306' title='bbox 1639 2964 1767 2990; x_wconf 89' lang='lat' dir='ltr'><strong>eorum</strong></span> 
     </span>
    </p>
   </div>
  </div>
 </body>
</html>
