1923 3149
318 66 365 105 12
822 63 1144 104 PHILIPPICA
1171 63 1359 104 PRIMA.

314 162 380 216 qui
410 162 556 202 civibus
587 161 792 211 constabit,
821 165 899 216 qui,
919 165 998 204 sive
1030 178 1098 204 vos
1124 177 1257 211 unum,
1277 166 1357 203 sive
1375 164 1515 216 plures,
1537 166 1614 204 sive
1642 165 1761 213 illum,

315 226 395 264 sive
423 238 706 276 quemcumque
738 225 875 265 ducem
910 228 1138 274 creaveritis,
1161 228 1194 264 ei
1224 226 1373 277 parebit
1396 233 1436 265 et
1459 235 1653 277 sequetur.
1709 228 1762 265 Et

315 286 375 324 his
404 294 662 325 commeatum
687 287 811 325 curari
837 288 969 339 jubeo.
1028 290 1126 330 Quae
1169 295 1296 326 autem
1323 294 1435 325 erunt
1465 286 1525 325 hae
1559 289 1693 339 copiae,
1720 295 1761 326 et

313 354 482 398 quantae,
513 354 552 386 et
577 349 681 386 unde
713 357 965 387 commeatum
998 349 1200 395 habiturae,
1231 356 1270 387 et
1301 348 1494 399 quomodo
1524 349 1607 386 haec
1634 350 1761 387 facere

313 409 502 460 poteritis,
519 422 592 460 ego
612 409 751 455 dicam,
773 410 956 448 ethorum
977 410 1129 460 singula
1148 423 1318 448 seorsum
1339 409 1554 460 explicabo.
1585 409 1763 460 Peregri-

313 483 384 509 nos
403 471 668 522 dico—neque
692 471 730 509 id
748 471 926 518 feceritis,
947 472 1052 522 quod
1082 485 1184 522 saepe
1205 471 1311 509 vobis
1330 471 1474 515 nocuit,
1495 470 1587 508 dum
1614 470 1763 508 minora

311 532 455 582 putatis
488 532 614 570 omnia
632 545 747 584 quam
766 540 953 584 oporteat,
978 540 1016 571 et
1045 533 1210 571 maxima
1239 533 1277 570 in
1307 532 1472 570 decretis
1495 532 1762 583 suscipientes,

312 605 403 630 cum
423 593 473 630 ad
492 606 569 631 rem
584 601 740 632 ventum
760 601 832 640 est,
853 607 899 632 ne
919 607 1037 644 parva
1054 594 1206 644 quidem
1221 594 1346 632 facitis
1363 605 1372 631 ε
1403 594 1472 631 sed
1491 594 1556 630 ubi
1575 607 1693 644 parva
1705 594 1762 631 se-

311 655 439 692 ceritis
465 662 504 693 et
525 655 846 706 comparaverim,
871 655 944 693 illis
973 655 1138 704 adjicite,
1168 656 1199 693 si
1223 656 1369 693 minora
1387 655 1631 693 videbuntur.
1661 655 1762 694 Dico

310 716 427 768 igitur
445 718 640 756 universos
663 719 802 756 milites
824 731 908 756 esse
927 726 1102 769 oportere
1121 718 1180 756 bis
1200 718 1318 756 mille.
1376 717 1435 754 Ex
1454 717 1524 762 his,
1546 717 1763 756 Athenien·

313 790 376 816 ses
397 786 569 829 oportere
590 791 676 817 esse
698 779 783 817 dico
803 780 1048 830 quingentos,
1068 792 1088 816 e
1109 791 1340 830 quacunque
1363 779 1417 816 illi
1443 778 1635 829 deligendi
1654 779 1763 817 vobis

312 845 428 877 oetate
448 840 690 887 videbuntur,
717 841 781 891 qui
805 848 950 878 certum
973 847 1125 891 tempus
1153 841 1333 883 militent:
1364 853 1441 878 non
1468 840 1624 890 longum
1652 840 1762 887 illud,

312 900 382 937 sed
402 908 586 950 quantum
613 901 859 939 commodum
886 914 972 939 esse
991 901 1191 954 videbitur,
1216 908 1260 938 ut
1285 901 1450 938 subinde
1473 901 1557 938 aliis
1584 900 1648 938 alii
1673 914 1762 939 suc-

312 961 470 999 cedant:
502 961 667 1011 reliquos
688 963 908 1012 peregrinos
935 974 1021 1000 esse
1045 962 1179 1012 jubeo.
1235 962 1288 999 Et
1311 974 1398 999 cum
1424 961 1495 1009 his,
1515 962 1665 1013 equites
1693 963 1765 1001 du-

311 1027 473 1059 centos:
499 1034 663 1072 quorum
682 1022 962 1073 quinquaginta
991 1024 1067 1060 sint
1094 1023 1353 1061 Athenienses
1385 1024 1597 1071 minimum,
1625 1025 1763 1063 eodem

310 1095 388 1133 quo
419 1083 570 1134 pedites
599 1083 715 1121 modo
744 1083 950 1121 militaturi.
1004 1083 1058 1120 Et
1080 1083 1323 1134 hippagines,
1353 1083 1491 1133 quibus
1522 1083 1561 1121 hi
1590 1091 1762 1124 utantur.

311 1144 421 1182 Esto.
467 1144 570 1187 Quid
590 1144 638 1182 ad
654 1144 736 1182 haec
755 1143 946 1194 amplius?
984 1144 1140 1182 Celeres
1161 1144 1333 1182 triremes
1354 1145 1509 1183 decem:
1539 1158 1636 1194 opus
1661 1147 1763 1184 enim

311 1206 424 1244 nobis
444 1212 516 1251 est,
538 1218 626 1243 curn
652 1205 715 1243 ille
740 1205 906 1244 classem
924 1204 1080 1252 habeat,
1101 1205 1217 1243 etiam
1244 1204 1440 1243 velocibus
1458 1205 1687 1285 triremibus,
1719 1214 1765 1246 ut

312 1271 398 1304 tuto
417 1266 540 1317 copiae
558 1266 754 1317 navigent.

364 1329 403 1367 9.
434 1328 548 1366 Unde
566 1327 682 1378 igitur
694 1328 755 1365 hae
770 1327 945 1366 alentur?
974 1326 1059 1378 Ego
1074 1334 1112 1366 et
1129 1328 1203 1367 hoc
1220 1327 1343 1366 dicam
1362 1333 1402 1366 et
1417 1327 1637 1376 ostendam,
1657 1336 1764 1381 post-

309 1402 443 1441 quam,
459 1402 526 1428 cur
545 1389 712 1427 tantulas
732 1389 862 1440 copias
879 1389 973 1427 satis
989 1402 1073 1427 esse
1087 1396 1235 1440 putem,
1248 1396 1285 1426 et
1301 1389 1404 1427 cives
1417 1390 1577 1427 militare
1590 1391 1764 1441 jubeam,

309 1451 493 1492 docuero.
545 1449 745 1497 Tantulas,
766 1449 1036 1496 Athenienses,
1057 1456 1262 1502 propterea
1280 1451 1384 1501 quod
1403 1451 1514 1488 nobis
1533 1464 1636 1490 nunc
1656 1466 1765 1491 exer-

310 1512 430 1551 citum
449 1524 584 1563 parare
603 1511 799 1558 nonlicet,
819 1511 885 1563 qui
904 1510 1057 1549 collatis
1073 1512 1192 1562 signis
1204 1525 1292 1549 cum
1311 1525 1357 1549 eo
1375 1511 1551 1556 dimicet3
1582 1513 1651 1551 sed
1666 1527 1766 1564 prae-

312 1572 395 1610 dari
409 1579 470 1610 est
481 1584 651 1617 necesse,
667 1571 789 1610 ethac
806 1571 964 1622 gerendi
979 1571 1072 1611 belli
1086 1573 1233 1611 ratione
1242 1573 1429 1610 utendum
1443 1573 1626 1623 primum:
1645 1587 1765 1625 quare

311 1647 386 1673 nec
407 1633 610 1672 immensas
637 1646 831 1671 eas—nec
850 1633 952 1671 enim
971 1633 1162 1684 stipendia
1181 1640 1221 1672 et
1237 1639 1477 1671 commeatus
1499 1642 1765 1685 suppetunt—-

310 1708 386 1734 nec
406 1706 560 1746 prorsus
581 1694 739 1744 exiguas
758 1706 842 1731 esse
861 1699 1027 1744 oportet.
1073 1693 1190 1732 Cives
1211 1701 1340 1732 autem
1355 1694 1507 1740 adesse,
1526 1702 1567 1732 et
1585 1696 1764 1747 navigare

313 1768 393 1794 una
406 1761 608 1806 propterea
622 1755 754 1804 jubeo,
774 1755 879 1806 quod
898 1754 1002 1805 prius
1021 1754 1135 1792 etiam
1155 1755 1366 1806 aliquando
1385 1755 1500 1793 audio
1519 1758 1764 1808 peregrinum

313 1817 456 1857 aluisse
477 1815 652 1854 Corinthi
668 1816 827 1854 militem
841 1822 997 1852 nostram
1011 1817 1159 1863 urbem,
1178 1817 1239 1854 cui
1254 1816 1493 1867 Polystratus
1505 1818 1710 1868 praefuerit,
1724 1827 1764 1859 et

314 1879 539 1930 Iphicrates,
554 1883 593 1915 et
607 1877 808 1922 Chabrias,
824 1883 862 1914 et
878 1877 940 1914 alii
958 1877 1129 1927 quidam,
1148 1884 1187 1914 et
1198 1878 1449 1928 vosmetipsos
1466 1891 1544 1916 una
1558 1879 1763 1920 militasse:

314 1946 367 1985 et,
397 1945 442 1977 ut
464 1937 656 1976 auditione
679 1937 856 1988 cognovi,
883 1937 1073 1988 peregrini
1101 1937 1155 1975 illi
1179 1938 1377 1976 vobiscum
1402 1939 1611 1990 conjuncti,
1633 1948 1672 1980 et
1693 1956 1763 1981 vos

314 2012 403 2038 cum
418 1999 504 2046 illis,
520 1997 833 2037 Lacedaemonios
846 1998 1002 2036 vicistis.
1030 1998 1244 2048 Postquam
1259 2006 1386 2037 autern
1410 1999 1482 2050 ipsi
1497 2002 1684 2052 peregrini
1697 2017 1765 2055 per

314 2073 401 2099 sese
412 2060 516 2098 bella
529 2059 634 2097 vobis
650 2060 804 2105 obeunt,
823 2059 966 2097 amicos
991 2058 1149 2097 vincunt
1161 2066 1199 2097 et
1223 2059 1452 2104 foederatos;
1480 2061 1614 2100 hostes
1635 2071 1763 2102 autem

316 2123 408 2161 facti
426 2128 518 2160 sunt
533 2120 695 2171 majores
714 2133 828 2171 quarn
849 2120 1056 2171 expediret.
1100 2120 1150 2158 Et
1163 2133 1252 2159 cum
1271 2121 1320 2158 ad
1339 2121 1484 2158 bellum
1503 2128 1634 2160 nostroe
1660 2126 1764 2163 urbis

313 2182 437 2221 obiter
454 2181 702 2233 respexerint,
721 2181 770 2219 ad
786 2181 1018 2219 Artabazum
1043 2187 1083 2219 et
1102 2181 1238 2232 quovis
1258 2182 1427 2231 gentium
1445 2183 1573 2233 potius
1594 2185 1762 2231 abeunt3

317 2245 525 2294 imperator
537 2249 664 2281 autem
684 2255 751 2280 eos
771 2242 956 2292 sequitur,
973 2254 1050 2280 non
1068 2242 1232 2292 injuria:
1262 2254 1388 2293 neque
1407 2243 1507 2280 enim
1527 2244 1558 2281 is
1578 2244 1764 2296 imperare

314 2311 457 2356 potest,
477 2305 543 2354 qui
563 2303 754 2354 stipendia
776 2315 852 2341 non
872 2303 996 2340 solvit.
1052 2303 1155 2346 Quid
1175 2303 1289 2353 igitur
1301 2303 1449 2353 jubeo?
1479 2304 1628 2344 Causas
1648 2308 1764 2348 adimi

315 2372 356 2403 ct
374 2365 463 2402 duci
482 2371 520 2402 et
537 2365 730 2410 militibus,
749 2364 924 2402 mercede
942 2363 1196 2411 numeranda,
1215 2372 1255 2402 et
1283 2365 1495 2404 domestico
1510 2366 1643 2414 milite,
1659 2369 1766 2409 velut

315 2439 450 2464 eorum
469 2426 684 2476 inspectore
704 2438 791 2475 quae
812 2438 835 2462 a
850 2424 947 2463 duee
966 2432 1164 2476 geruntur,
1183 2425 1456 2477 adjungendo;
1494 2440 1583 2465 nam
1603 2436 1647 2467 ut
1659 2443 1764 2470 nunc

317 2489 374 2535 fit,
394 2488 554 2525 ridicula
574 2494 632 2525 est
659 2494 787 2525 nostra
816 2499 941 2524 rerum
971 2487 1260 2526 administratio.
1319 2488 1360 2525 Si
1391 2489 1477 2540 quis
1497 2489 1596 2527 enim
1615 2504 1684 2529 vos
1702 2505 1763 2530 ro-

317 2556 398 2599 get,
412 2561 595 2600 pacemne
615 2549 741 2598 agitis,
757 2547 1036 2586 Athenienses?
1064 2548 1222 2586 Minime
1237 2561 1325 2587 vero
1344 2563 1414 2588 nos
1432 2551 1603 2602 quidem,
1623 2552 1765 2591 dicturi

317 2611 419 2653 sitis:
451 2610 520 2650 sed
548 2622 636 2647 cum
668 2609 844 2660 Philippo
874 2610 1018 2647 bellum
1050 2610 1233 2660 gerimus.
1303 2611 1444 2650 Nonne
1466 2625 1555 2651 vero
1585 2614 1722 2653 creatis
1741 2628 1763 2653 e

316 2671 454 2709 vestris
473 2670 617 2708 civibus
644 2671 780 2708 decem
800 2672 1056 2716 centuriones,
1077 2678 1116 2709 et
1147 2671 1281 2715 duces,
1309 2679 1348 2710 et
1377 2672 1563 2720 tribunos,
1583 2681 1623 2712 et
1641 2676 1763 2726 magi-

319 2740 416 2771 stros
438 2733 607 2783 equitum
628 2732 753 2770 duos?
786 2733 852 2770 Isti
872 2746 960 2770 vero
980 2733 1072 2783 quid
1087 2733 1234 2783 agunt?
1261 2733 1350 2772 Uno
1371 2734 1436 2773 illo
1455 2741 1630 2786 excepto,
1649 2749 1764 2787 quem

319 2793 367 2832 ad
381 2793 522 2833 bellum
537 2793 727 2843 miseritis,
740 2793 874 2845 reliqui
889 2806 1048 2846 pompas
1065 2795 1171 2836 vobis
1191 2795 1338 2837 ducunt
1355 2809 1442 2837 cum
1456 2796 1700 2837 sacrificulis:
1722 2805 1763 2837 ut
