1923 3149
291 127 361 162 174
838 127 909 165 DE
941 128 1179 167 CORONA.

285 227 334 264 ad
355 240 414 264 res
431 227 620 277 gerendas
634 241 693 266 me
712 231 854 267 contuli
873 231 1083 281 prohibitus
1103 238 1161 269 est
1180 231 1240 268 ille
1261 244 1284 268 a
1302 244 1362 270 me
1382 232 1518 280 facere,
1539 247 1584 272 ea
1612 236 1719 274 vobis

284 289 322 325 in
351 289 565 326 memoriam
586 291 771 328 revocabo
792 304 995 342 eorumque
1024 292 1208 330 rationem
1236 292 1436 343 proferam,
1465 295 1495 332 si
1516 295 1617 346 prius
1650 297 1720 334 hoc

284 349 492 400 subjecero.
522 350 786 398 Commodum,
817 353 1081 397 Athenienses,
1101 366 1351 404 permagnum
1375 353 1507 393 aderat
1530 356 1720 408 Philippo.

283 410 397 461 Apud
409 412 568 449 Graecos
585 412 696 458 enim,
713 426 787 450 non
801 413 870 451 hos
887 421 1034 451 tantum
1044 421 1108 451 aut
1123 414 1219 458 illos,
1236 414 1302 451 sed
1319 427 1495 466 peraeque
1508 417 1718 464 universos,

283 484 394 521 seges
413 472 647 523 proditorum
675 480 711 511 et
732 473 994 524 largitionibus
1015 475 1238 512 inhiantium
1261 481 1299 512 et
1327 475 1396 513 diis
1426 476 1631 515 invisorum
1650 478 1719 515 ho-

282 533 423 570 minum
445 542 559 571 enata
578 535 648 571 fuit
667 541 784 581 tanta,
804 543 948 584 quanta
969 544 1058 586 post
1071 536 1262 573 hominum
1283 538 1500 575 memoriam
1524 538 1630 576 nulla
1649 552 1719 575 un-

282 608 395 645 quam
416 597 622 633 exstiterat.
669 597 777 637 Quos
807 597 1005 648 Philippus
1026 597 1267 635 administros
1288 611 1332 635 ac
1352 598 1544 649 adjutores
1571 606 1720 646 nactus,

281 654 456 701 Graecos,
477 663 590 693 antea
614 657 710 694 inter
740 669 781 694 se
800 657 899 695 male
930 658 1116 696 animatos
1145 666 1183 696 et
1213 659 1455 704 dissidentes,
1477 659 1526 697 ad
1552 660 1720 711 pejorem

280 717 392 753 etiam
415 723 555 754 statum
576 717 718 767 adegit,
739 718 829 755 dum
855 719 947 757 alios
969 720 1129 766 falleret,
1149 720 1231 758 aliis
1252 721 1465 772 largiretur,
1495 721 1588 759 alios
1618 722 1721 760 omni

278 776 423 814 ratione
443 786 712 828 corrumperet,
741 780 956 830 multasque
986 781 1022 817 in
1051 781 1236 819 factiones
1266 795 1330 819 eos
1359 783 1549 827 distraxit,
1581 783 1719 833 quibus

278 837 350 876 hoc
369 852 485 876 unum
506 839 734 890 expediebat
763 842 952 886 omnibus,
981 854 1029 878 ne
1055 842 1116 878 ille
1136 850 1323 880 cresceret
1341 844 1551 893 prohibere.
1583 844 1625 880 In
1645 844 1717 882 hoc

275 899 389 950 igitur
417 913 538 937 rerum
567 907 668 938 statu
697 910 736 938 et
763 902 801 938 in
829 915 978 939 summa
1006 903 1243 951 ignoratione
1273 904 1403 941 adnati
1427 905 1508 954 jam
1529 905 1718 955 latiusque

275 961 460 1011 serpentis
481 961 569 998 mali
588 974 674 998 cum
694 961 824 999 Graeci
843 974 974 999 omnes
994 968 1248 1007 versarentur,
1273 969 1438 1000 vestrum
1468 971 1540 1009 est,
1560 965 1719 1003 Atheni-

275 1035 401 1068 enseS,
421 1023 619 1060 vobiscum
639 1030 829 1073 reputare,
856 1023 948 1072 quid
969 1036 1082 1073 agere
1102 1023 1270 1073 quidque
1297 1024 1445 1062 efficere
1473 1025 1643 1064 decuerit
1665 1027 1716 1064 ci-

273 1083 441 1130 vitatem,
461 1090 499 1121 et
518 1097 647 1121 earum
668 1097 790 1120 rerum
810 1097 832 1121 a
852 1097 912 1121 me
932 1084 1117 1122 rati0nem
1137 1097 1361 1135 reposcere:
1391 1099 1479 1123 narn
1502 1087 1565 1137 qui
1585 1088 1622 1124 in
1643 1088 1717 1126 hoc

274 1157 316 1182 se
334 1145 427 1195 reip.
447 1145 703 1195 gubernandae
723 1145 809 1182 loco
825 1145 1028 1183 collocavit
1055 1145 1084 1182 is
1104 1158 1176 1195 ego
1197 1159 1293 1183 sum.

325 1207 389 1243 20.
418 1206 556 1244 Utrum
573 1219 656 1243 eam
675 1206 939 1252 conveniebat,
955 1206 1151 1252 AEschine,
1171 1207 1374 1245 elationem
1393 1207 1493 1245 illam
1516 1209 1628 1247 animi
1649 1211 1714 1249 de-

271 1275 475 1318 ponentem
506 1281 660 1318 suaeque
684 1267 943 1318 amplitudinis
973 1269 1130 1314 oblitam,
1150 1268 1187 1304 in
1216 1268 1352 1305 eodem
1372 1276 1486 1319 atque
1512 1271 1714 1310 Thessalos

271 1329 521 1379 Dolopesque
534 1330 684 1377 positam
699 1341 857 1366 numero
875 1341 950 1366 una
971 1328 1187 1379 Philippum
1203 1328 1384 1379 adjuvare
1401 1329 1623 1368 Graecorum
1645 1332 1714 1370 do*-

269 1392 453 1428 minatum
477 1390 730 1435 affectantem,
753 1391 1013 1441 majorumque
1033 1404 1186 1428 suorum
1217 1391 1357 1428 decora
1381 1399 1491 1441 atque
1504 1393 1593 1443 jura
1623 1396 1715 1432 abo-

270 1452 377 1490 lere?
409 1453 472 1489 An
501 1452 537 1488 id
556 1452 708 1501 quidem
729 1465 804 1489 non
825 1452 1119 1502 facere-grave
1150 1452 1250 1489 enim
1272 1453 1486 1490 mehercule
1513 1454 1587 1492 hoc
1621 1455 1714 1493 fuis-

271 1520 392 1557 set-—,
410 1513 476 1550 sed
497 1526 582 1562 quae
601 1513 741 1560 futura,
756 1513 829 1550 nisi
848 1513 929 1563 quis
943 1513 1169 1564 prohiberet,
1182 1513 1349 1558 videbat,
1369 1520 1408 1551 et
1421 1515 1541 1552 multo
1555 1524 1656 1562 ante,
1672 1525 1716 1556 ut

269 1573 468 1611 verisimile
484 1580 554 1619 est,
574 1574 856 1623 praesentiebat,
880 1586 926 1610 ea
953 1586 1001 1610 ne
1021 1573 1242 1611 acciderent
1261 1573 1363 1611 haud
1383 1575 1585 1625 quicquam
1606 1577 1712 1616 labo-

268 1633 377 1672 rare?
407 1634 522 1685 Atqui
543 1634 703 1672 libenter
722 1635 874 1684 quidem
896 1648 941 1672 ex
961 1648 1006 1672 eo
1027 1635 1091 1685 qui
1118 1648 1178 1672 res
1199 1647 1302 1672 meas
1322 1643 1451 1685 gestas
1471 1637 1532 1674 vel
1552 1639 1712 1678 maxime

268 1695 510 1746 reprehendit
531 1695 758 1745 quaesierim,
773 1709 888 1745 quam
904 1696 1058 1733 tandem
1075 1703 1219 1733 sectam
1238 1696 1428 1734 civitatem
1444 1705 1610 1736 nostram
1628 1713 1711 1738 esse

269 1756 360 1793 velit
379 1763 563 1802 secutam,
581 1769 628 1793 an
649 1756 752 1793 illam
772 1770 859 1806 quae
876 1756 1126 1793 communiter
1146 1770 1221 1794 cum
1242 1756 1407 1805 Philippo
1426 1759 1610 1796 malorum
1630 1773 1710 1798 om-

268 1817 372 1853 nium
392 1830 436 1854 ac
457 1817 686 1854 dedecorum
708 1816 855 1854 Graecis
876 1829 993 1854 causa
1007 1817 1161 1863 exstitit,
1180 1818 1218 1854 in
1239 1831 1316 1868 qua
1333 1818 1537 1857 Thessalos
1562 1833 1710 1858 eorum·

269 1892 342 1928 que
363 1878 486 1915 socios
506 1890 756 1915 annumerare
775 1877 914 1928 possis,
934 1890 982 1914 an
1002 1878 1103 1915 illam
1131 1891 1217 1928 quae
1236 1878 1318 1916 haec
1342 1879 1420 1916 fieri
1446 1893 1561 1930 passa
1579 1890 1639 1920 est
1665 1897 1709 1922 ac

268 1938 435 1989 neglexit
447 1939 677 1989 privatarum
692 1951 844 1976 suarum
861 1951 975 1988 opum
996 1938 1347 1988 amplificandarum
1369 1953 1448 1990 spe,
1468 1954 1544 1990 quo
1564 1943 1601 1980 in
1620 1944 1707 1984 loco

268 1999 440 2037 Arcadas
457 2008 494 2036 et
510 1999 723 2037 Messenios
739 2006 777 2036 et
792 1998 955 2048 Argivos
970 2000 1181 2050 ponamus?
1211 2000 1283 2037 Sed
1300 2007 1339 2037 et
1353 2001 1459 2038 multi
1474 2001 1620 2050 horum,
1635 2006 1709 2045 imo

268 2073 356 2097 vero
389 2073 519 2097 omnes
543 2060 651 2110 pejus
672 2072 785 2110 quam
805 2073 875 2097 nos
897 2060 1167 2098 discesserunt.
1217 2061 1418 2099 Enimvero
1443 2063 1473 2100 si
1493 2065 1634 2111 statim,
1667 2075 1709 2105 ut

267 2122 355 2159 vicit
374 2122 586 2173 Philippus,
615 2122 770 2159 abiisset
789 2135 835 2159 ac
854 2122 992 2160 deinde
1019 2123 1136 2160 otium
1162 2122 1316 2173 egisset,
1346 2125 1487 2162 nemini
1516 2139 1638 2177 neque
1658 2143 1706 2167 ex

269 2183 378 2220 sociis
399 2183 476 2220 suis
502 2196 629 2234 neque
656 2196 701 2220 ex
720 2184 868 2220 caeteris
901 2183 1048 2221 Graecis
1078 2183 1222 2234 uspiam
1252 2184 1368 2222 allata
1397 2185 1545 2235 injuria,
1579 2200 1708 2230 essent

267 2253 393 2281 tamen
411 2244 435 2281 ii
455 2245 519 2294 qui
538 2244 737 2281 conatibus
754 2243 855 2281 illius
875 2257 952 2282 non
971 2244 1189 2282 restiterant
1205 2245 1330 2294 aliqua
1344 2258 1390 2281 ex
1410 2253 1516 2295 parte
1536 2248 1649 2300 culpa
1668 2258 1707 2290 et

267 2306 510 2342 accusatione
529 2305 634 2355 digni
651 2317 659 2341 ε
691 2305 758 2342 sed
773 2305 803 2342 si
819 2318 995 2355 peraeque
1011 2306 1185 2343 omnibus
1199 2305 1436 2355 dignitatem,
1452 2308 1705 2360 principatum

266 2367 490 2412 libertatem,
511 2367 625 2403 immo
653 2367 766 2404 etiam
787 2372 826 2403 et
846 2366 938 2416 reip.
971 2379 1050 2403 suae
1070 2367 1228 2403 formam
1255 2368 1549 2418 quibuscunque
1569 2374 1704 2421 potuit,

267 2428 423 2472 ademit,
446 2441 573 2465 nonne
593 2441 660 2465 vos
680 2428 844 2464 omnium
875 2427 1145 2478 gloriosissimo
1166 2428 1223 2465 usi
1245 2429 1335 2466 estis
1355 2429 1512 2468 consilio
1531 2434 1594 2482 qui
1614 2435 1703 2473 mihi

268 2489 471 2540 paruistis?
501 2489 577 2525 Sed
597 2489 686 2525 illuc
706 2494 884 2525 revertor.

318 2552 381 2588 21.
413 2550 515 2593 Quid
544 2549 732 2585 civitatem
753 2555 935 2594 nostram,
965 2549 1156 2594 AEschine,
1181 2557 1260 2587 tum
1288 2550 1413 2590 facere
1442 2556 1702 2604 conveniebat,

267 2624 352 2649 cum
374 2610 586 2660 Philippum
605 2609 749 2646 videret
763 2610 1013 2660 principatum
1035 2610 1104 2646 sibi
1124 2610 1160 2647 in
1182 2610 1340 2649 Graecos
1361 2626 1406 2650 ac
1426 2627 1583 2665 regnum
1598 2630 1701 2655 com—

267 2679 460 2723 parantem
478 2671 492 2706 ?
521 2677 585 2708 aut
597 2670 687 2720 quid
703 2683 764 2708 me
783 2670 1039 2707 consiliarium
1057 2671 1183 2709 dicere
1202 2679 1268 2709 aut
1287 2673 1490 2711 decernere
1506 2679 1704 2726 oportebat

268 2733 570 2770 Athenis—nam
589 2731 661 2768 hoc
682 2731 880 2781 plurimum
906 2731 1084 2777 refert—‚
1104 2733 1168 2782 qui
1189 2734 1351 2771 sciebam
1374 2736 1420 2772 ab
1440 2737 1540 2773 omni
1561 2749 1701 2777 memo-

267 2794 320 2831 ria
334 2794 382 2831 ad
402 2806 487 2830 eum
507 2805 627 2843 usque
649 2792 762 2838 diem,
781 2805 855 2842 quo
875 2792 936 2829 die
953 2805 1025 2842 ego
1045 2793 1081 2829 in
1098 2802 1321 2844 suggestum
1340 2795 1536 2841 adscendi,
1553 2811 1702 2850 semper

267 2855 313 2891 de
333 2854 547 2904 principatu
574 2853 794 2903 honoreque
823 2866 865 2891 ac
900 2853 1020 2903 gloria
1046 2855 1204 2904 patriam
1239 2855 1469 2903 decertasse,
1497 2858 1700 2911 pluresque
