1923 3149
702 464 1282 519 DEMOSTHENIS

474 611 784 662 CONTRA
834 610 1505 660 ARISTOGITONEM

718 749 962 791 ORATIO
996 750 1213 793 PRIOR.

325 880 360 920 1.
390 881 664 928 JAMDUDUM,
683 880 956 927 Athenienses,
976 879 1067 918 dum
1098 880 1284 926 sederem,
1304 888 1342 918 et
1369 887 1614 919 accusantem
1642 891 1709 917 au—

268 941 400 988 direm,
420 950 463 980 ut
480 954 564 990 vos,
579 942 812 993 Lycurgum,
833 948 961 980 cetera
979 941 1159 992 praeclare
1180 955 1266 979 eum
1287 942 1412 979 dicere
1428 942 1573 992 putavi,
1592 953 1711 978 unum

264 1014 350 1040 sum
376 1003 553 1051 miratus,
573 1016 660 1042 cum
681 1004 926 1040 vehementer
944 1003 1241 1040 contendentem
1259 1003 1441 1049 viderem,
1464 1016 1512 1039 an
1536 1002 1628 1039 illud
1653 1002 1710 1051 ig-

264 1069 430 1108 noraret,
451 1075 580 1100 causae
597 1062 710 1114 hujus
733 1064 967 1113 aequitatem,
987 1076 1112 1112 neque
1141 1070 1296 1113 propter
1324 1075 1347 1100 a
1370 1076 1412 1101 se
1438 1063 1621 1108 habitam,
1642 1075 1710 1100 ne-

263 1136 339 1173 que
358 1130 515 1174 propter
530 1136 552 1162 a
569 1136 630 1161 me
644 1124 864 1162 habendam
885 1124 1109 1169 orationem,
1123 1124 1204 1161 fore
1231 1124 1377 1160 firmam
1393 1136 1402 1160 :
1433 1124 1503 1161 sed
1518 1124 1600 1174 ejus
1616 1136 1710 1174 pen-

262 1182 353 1221 dere
372 1183 470 1221 vires
490 1196 539 1222 ex
554 1184 742 1235 cujusque
765 1191 933 1222 vestrum
952 1183 1012 1221 vel
1032 1183 1133 1229 odio,
1154 1183 1214 1221 vel
1234 1184 1510 1234 approbatione
1531 1184 1709 1234 improbi-

263 1243 369 1282 tatis.
415 1244 476 1282 Ac
503 1256 576 1294 ego
610 1257 702 1282 sane
730 1244 906 1282 existimo
925 1245 1226 1291 accusationem,
1247 1245 1525 1295 verborumque
1546 1245 1710 1295 copiam,

258 1311 418 1355 propter
431 1305 762 1350 consuetudinem,
775 1313 813 1342 et
827 1312 992 1343 vestram
1007 1305 1324 1342 auscultationem
1339 1318 1423 1344 esse
1436 1305 1707 1350 adhibendam,

259 1364 328 1402 sed
348 1364 461 1415 hujus
480 1365 624 1415 negotii
637 1365 838 1416 judicium,
854 1378 921 1416 pro
941 1379 1011 1403 suo
1030 1378 1220 1415 quemque
1239 1365 1406 1415 ingenio,
1428 1366 1543 1403 domo
1561 1366 1708 1415 pridem

259 1437 390 1463 secum
413 1425 612 1470 attulisse3
641 1432 678 1463 et
703 1438 818 1471 nunc,
851 1427 881 1464 si
912 1426 1041 1476 plures
1071 1426 1167 1471 sitis,
1186 1426 1250 1475 qui
1278 1427 1414 1464 ametis
1439 1426 1645 1476 improbos,
1667 1434 1706 1464 et

257 1485 456 1531 tueamini,
477 1484 633 1536 periisse
654 1486 763 1523 nobis
780 1486 908 1524 omnia
929 1487 1041 1524 verba
1056 1499 1142 1536 quae
1162 1485 1338 1533 fecimus,
1358 1486 1416 1524 sin
1436 1486 1605 1531 oderitis,
1626 1500 1707 1538 poe-

257 1560 328 1585 nas
347 1547 477 1591 istum,
498 1547 529 1584 si
550 1547 647 1585 deus
670 1547 844 1593 voluerit,
864 1548 1039 1585 daturum
1060 1560 1157 1586 esse.

309 1610 348 1646 2.
380 1607 480 1645 Cum
508 1615 637 1645 autem
662 1608 784 1645 multa
801 1609 917 1646 verba
935 1609 1039 1646 facta
1067 1608 1156 1655 sint,
1183 1622 1302 1659 eaque
1325 1615 1430 1647 recte
1452 1609 1598 1655 omnia,
1626 1623 1703 1648 non

254 1673 382 1706 tamen
399 1667 524 1705 dicere
543 1667 740 1714 dubitabo,
755 1668 847 1718 quid
862 1669 952 1706 mihi
972 1669 1159 1707 videatur.
1195 1670 1280 1720 Ego
1299 1682 1454 1708 causam
1475 1669 1576 1708 hane
1595 1671 1703 1709 nulla

254 1742 295 1767 re
306 1740 461 1780 prorsus
473 1729 674 1767 convenire
687 1735 782 1779 puto
796 1742 880 1766 cum
896 1731 1047 1767 ceteris.
1077 1730 1191 1773 Quod
1207 1731 1260 1768 ita
1272 1743 1371 1779 esse,
1392 1730 1448 1768 sic
1466 1729 1702 1781 intelligetis.

255 1790 318 1828 Ad
333 1790 460 1828 omnia
474 1788 623 1841 judicia
644 1791 816 1836 veniunt,
829 1791 998 1841 judices,
1017 1805 1096 1828 rem
1115 1805 1161 1829 ex
1182 1797 1405 1830 accusatore
1424 1798 1463 1829 et
1481 1803 1547 1829 reo
1569 1793 1703 1842 cogni·

253 1851 342 1898 turi,
362 1851 410 1888 de
429 1864 506 1900 qua
524 1850 596 1888 erit
613 1850 962 1901 pronunciandum:
993 1852 1212 1897 adversarii,
1233 1859 1457 1889 ostensurus
1480 1859 1639 1902 uterque
1659 1866 1700 1891 se

253 1911 430 1962 praesidia
446 1911 577 1961 legum
604 1911 744 1948 habere
765 1911 884 1948 firma.
932 1912 1073 1949 Causae
1100 1920 1228 1949 autem
1249 1912 1360 1959 hujus
1379 1925 1464 1962 quae
1494 1912 1590 1949 ratio
1611 1913 1700 1950 est?

253 1972 333 2009 Vos
349 1971 621 2009 controversiae
640 1971 916 2021 disceptatores
937 1971 1096 2018 adestis,
1115 1985 1200 2009 eum
1222 1972 1342 2021 magis
1361 1985 1476 2021 quam
1495 1985 1566 2009 nos
1585 1985 1698 2010 accu-

253 2038 400 2073 satores
419 2031 561 2076 sciatis,
581 2038 619 2068 et
638 2032 814 2068 aerarium
842 2044 927 2068 esse
955 2031 1084 2076 istum,
1113 2039 1152 2070 et
1171 2033 1354 2082 scripturn
1375 2032 1413 2069 in
1440 2045 1540 2077 arce,
1565 2046 1637 2071 nec
1663 2034 1699 2071 ei

251 2094 364 2131 licere
383 2093 421 2130 in
447 2092 602 2143 publico
623 2091 750 2130 dicere
770 2093 916 2143 (itaque
938 2101 1106 2130 vestrum
1129 2094 1290 2144 quisque
1311 2095 1547 2131 accusatoris
1576 2094 1697 2132 vicem

252 2155 409 2198 obtinet,
441 2159 480 2190 et
507 2165 665 2191 causam
689 2159 809 2196 tenet,
837 2165 961 2202 neque
988 2166 1149 2191 necesse
1178 2153 1295 2190 habet
1328 2165 1413 2190 eam
1444 2158 1698 2203 cognoscere)

250 2228 337 2252 reus
351 2220 478 2251 autem
493 2212 660 2263 praesidii
673 2225 826 2262 prorsus
841 2212 932 2249 nihil
947 2213 1064 2250 habet
1077 2213 1126 2250 ad
1140 2213 1455 2258 incolumitatem,
1467 2213 1696 2263 nonjustam

249 2287 378 2312 causae
406 2273 671 2318 defensionen,
702 2285 778 2309 non
808 2272 922 2309 vitam
953 2272 1168 2310 humaniter
1197 2280 1335 2318 actam,
1366 2285 1442 2309 non
1475 2271 1578 2310 aliud
1606 2274 1696 2310 boni

248 2334 464 2383 quicquam,
495 2331 561 2369 sed
591 2344 676 2381 quae
705 2331 821 2368 etiam
849 2332 991 2369 insonti
1020 2339 1200 2370 terrorem
1230 2332 1456 2376 incuterent,
1485 2345 1552 2381 per
1581 2345 1626 2370 ea
1654 2346 1695 2371 se

248 2395 328 2432 fore
348 2393 574 2430 incolumem
594 2393 805 2430 arbitratur.
837 2393 952 2442 Spem
974 2392 1072 2429 enim
1093 2392 1225 2430 salutis
1245 2406 1323 2429 suae
1343 2393 1379 2429 in
1398 2392 1535 2442 insigni
1555 2393 1695 2444 impro-

249 2455 368 2492 bitate
399 2453 582 2490 collocat.-
618 2453 716 2494 Quae
736 2465 822 2489 cum
842 2453 895 2490 ita
914 2453 1002 2498 sint,
1024 2460 1126 2490 recte
1155 2452 1231 2490 dici
1251 2459 1380 2501 queat,
1409 2453 1556 2504 opinor,
1587 2466 1693 2492 reum

247 2528 334 2552 esse
354 2506 454 2551 nunc
475 2513 989 2563 Aristogitonem,judicium
1004 2521 1129 2550 autern
1146 2513 1224 2551 fieri
1245 2513 1292 2550 de
1305 2514 1425 2560 vobis,
1448 2520 1486 2552 et
1499 2514 1692 2553 existima-

249 2577 389 2614 tionem
409 2574 471 2624 agi
498 2580 677 2612 vestram.
735 2573 835 2611 Nam
857 2574 887 2611 si
908 2573 1145 2610 iracundiam
1172 2573 1208 2610 in
1229 2573 1325 2610 adeo
1344 2575 1493 2624 magnis
1514 2582 1553 2613 et
1572 2575 1692 2613 mani-

247 2637 355 2675 festis
371 2634 577 2673 sceleribus
593 2634 848 2679 declarabitis,
864 2642 903 2671 et
923 2634 1162 2671 severitatem
1179 2642 1359 2678 vestram,
1379 2642 1421 2672 ut
1433 2636 1583 2686 judices
1604 2649 1689 2674 esse

245 2711 314 2735 vos
335 2704 373 2734 et
393 2697 521 2746 legum
542 2694 735 2740 custodes,
758 2702 800 2731 ut
818 2696 918 2739 estis,
944 2695 1140 2744 ingressos
1167 2696 1380 2744 putabunt:
1414 2696 1518 2745 quod
1539 2697 1569 2734 si
1596 2697 1688 2747 quid

246 2758 348 2796 aliud
371 2757 427 2793 his
450 2757 536 2807 plus
566 2755 737 2799 valuerit,
759 2756 862 2804 quod
890 2756 958 2792 etsi
980 2768 1091 2791 nemo
1113 2768 1154 2792 sc
1176 2756 1310 2793 fecisse
1332 2756 1523 2801 fatebitur,
1546 2757 1582 2793 in
1607 2758 1687 2794 suf-

244 2819 374 2869 fragiis
396 2825 521 2855 tamen
539 2817 747 2867 apparebit,
764 2829 911 2860 vercor,
932 2830 977 2852 ne.
998 2816 1129 2866 quovis
1151 2829 1216 2854 eos
1238 2824 1404 2866 tempore
1425 2818 1488 2866 qui
1505 2818 1688 2856 studeant

244 2892 327 2918 csse
345 2878 500 2923 improbi
515 2878 551 2915 iu
566 2877 770 2928 republica,
788 2886 968 2927 tanquam
985 2877 1131 2915 lanista}
1147 2877 1374 2928 quibusdam
1392 2889 1566 2917 exercere
1587 2878 1683 2917 velle
