1923 3149
656 144 876 183 CONTRA
908 143 1130 180 MIDlAM.
1554 140 1629 176 32²9

172 246 329 284 tandem
347 246 568 285 advenisset
580 254 704 285 status
720 247 921 293 dies,—-ac
935 246 1065 283 onmia
1080 245 1292 283 constituta
1304 244 1458 295 legibus
1474 250 1630 295 peracta

173 315 319 353 essent,
341 317 384 346 ut
399 309 618 355 dilationes,
632 315 675 347 ut
689 309 950 360 exceptiones,
966 320 1092 358 neque
1118 307 1324 357 quicquam
1356 312 1521 344 restaret
1548 318 1628 342 am-

172 369 340 420 plius—‚
355 371 515 422 primum
534 384 596 408 me
616 378 808 421 precatur,
832 378 876 408 ut
902 369 1098 408 arbitrium
1128 367 1344 406 differrem:
1375 367 1515 405 deinde
1531 374 1573 404 ut
1591 366 1630 403 in

171 438 369 482 posterum
403 433 502 470 diem
529 433 738 484 rejicerem.
794 432 981 475 Tandem,
1011 430 1116 481 quod
1145 442 1215 467 nec
1247 442 1322 479 ego
1358 429 1630 472 consentirem,

172 506 299 544 neque.
321 508 361 532 sc
377 494 446 531 iste
473 494 639 541 sisteret,
673 501 712 532 et
735 495 817 545 jam
845 493 1197 544 advesperasceret,
1226 491 1388 529 Midian]
1422 490 1631 528 damnavit.

174 556 413 606 Crepusculo
429 564 570 601 autem,
591 563 631 593 et
651 556 818 593 tenebris
832 555 1116 606 ingruentibus,
1136 554 1243 591 venit
1263 553 1406 590 Midias
1427 552 1475 589 ad
1493 559 1631 602 praeto-

171 618 284 663 rium,
309 625 348 656 et
374 625 559 669 praetores
585 625 767 655 exeuntes
799 616 1067 668 deprehendit,
1109 616 1406 664 Stratonemque
1441 614 1522 664 jam
1563 614 1632 651 ab·

173 686 344 726 cuntem,
359 680 424 730 qui
449 679 485 716 in
506 692 613 717 reum
631 680 830 717 absentem
847 679 1136 729 pronunciaret,
1156 686 1199 715 ut
1223 690 1296 727 ego
1322 689 1342 713 e
1371 675 1539 727 quodam
1567 675 1631 725 qui

171 741 346 778 interfuit
373 742 553 792 comperi.
613 740 785 779 Primum
811 740 927 791 igitur
946 740 1180 791 persuadere
1202 738 1373 776 Stratoni
1393 744 1568 783 conatur,
1589 743 1633 773 ut

171 803 400 842 sententiam
431 804 713 842 damnatoriam
743 804 781 841 in
814 803 1088 841 absolutoriam
1117 807 1370 845 converteret,
1390 807 1509 850 utque
1535 811 1632 850 prae-

173 871 275 903 tores
301 866 529 917 scripturam
554 871 762 903 mutarent.
821 865 870 903 Et
888 864 1169 915 quinquaginta
1187 863 1392 900 drachmas
1413 875 1454 899 se
1474 861 1549 899 illis
1565 861 1634 898 da-

174 934 299 964 turum
314 927 538 978 paciscitur.
594 926 669 970 Qui
690 940 777 964 curn
793 938 876 965 eam
895 939 975 964 rem
997 926 1157 964 moleste
1186 924 1341 969 ferrent,
1362 937 1407 961 ac
1432 923 1558 961 neutri
1588 936 1634 960 eo

173 1002 214 1028 se
235 989 378 1027 adduci
398 996 634 1040 paterentur,
654 989 911 1027 comminatus
942 989 1149 1039 multisque
1172 987 1356 1025 conviciis
1384 999 1448 1025 eos
1468 986 1634 1024 insecta-

173 1058 248 1096 tus,
269 1051 468 1103 digressus
496 1051 598 1097 inde,
619 1051 710 1102 quid
736 1050 859 1089 facit?
917 1051 1056 1102 Operae
1081 1050 1243 1101 pretium
1264 1056 1325 1087 est
1349 1056 1525 1100 spectare
1551 1050 1633 1098 ejus

173 1113 368 1152 malitiam.
434 1115 566 1156 Quum
597 1114 725 1152 arbitri
756 1115 988 1152 sententiam
1024 1113 1128 1151 dicta
1159 1112 1220 1150 die
1253 1113 1473 1151 rescindere
1505 1111 1636 1157 vellet,

168 1174 441 1224 jusjurandum
462 1189 537 1213 non
559 1175 678 1213 dedit.
738 1175 816 1212 Sed
844 1182 981 1213 contra
1012 1188 1054 1212 se
1081 1181 1202 1213 ratam
1231 1174 1311 1211 fieri
1343 1174 1443 1213 sivit.
1501 1173 1565 1210 Sic
1586 1171 1635 1210 ad

174 1238 416 1275 novemviros
432 1239 574 1288 absque
594 1236 848 1288 jurejurando
869 1244 930 1274 est
956 1237 1088 1275 relata.
1146 1236 1197 1274 Et
1223 1237 1312 1287 quia
1336 1237 1434 1274 clam
1459 1235 1636 1273 fraudem

174 1305 322 1337 struere
349 1299 579 1343 instituerat,
614 1299 818 1336 observato
852 1298 1091 1336 'arbitrorum
1132 1298 1192 1336 die
1225 1298 1374 1343 ultimo,
1404 1297 1469 1348 qui
1504 1309 1636 1334 mense

172 1360 294 1412 Aprili
314 1367 382 1399 aut
402 1361 508 1398 Maio
522 1367 591 1405 est,
609 1360 658 1398 ad
673 1373 785 1411 quem
808 1360 1034 1398 arbitrorum
1055 1360 1152 1398 alius
1169 1360 1286 1405 venit,
1301 1358 1398 1397 alius
1420 1372 1499 1396 non
1519 1358 1636 1406 venit,

172 1423 321 1460 consuli
341 1422 546 1473 persuasit,
563 1428 606 1459 ut
625 1422 854 1461 sententiam
872 1423 986 1460 ferret
1006 1429 1140 1461 contra
1161 1435 1294 1460 omnes
1314 1421 1435 1472 leges,
1456 1421 1563 1458 nullo
1583 1421 1638 1458 vi-

174 1490 281 1522 atore
311 1484 521 1534 adscripto,
551 1490 736 1521 accusato
765 1485 937 1529 absente,
966 1491 1158 1535 praesente
1184 1484 1351 1530 nemine,
1379 1483 1465 1521 loco
1494 1490 1637 1527 movet,

174 1554 289 1597 atque
304 1546 516 1598 ignominia
537 1553 657 1592 notat,
681 1546 888 1584 arbitrum:
918 1553 958 1584 et
977 1559 1079 1585 nunc
1099 1560 1198 1584 unus
1220 1546 1528 1592 Atheniensium,
1547 1546 1639 1596 quia

176 1608 324 1647 Midias
349 1608 491 1646 deserti
504 1608 712 1646 vadimonii
731 1607 937 1646 damnatus
953 1615 1023 1655 cst,
1044 1608 1162 1646 totius
1179 1608 1401 1659 reipublicae
1425 1606 1640 1646 commodis

174 1671 376 1722 spoliatus,
403 1670 451 1708 ab
477 1669 580 1708 omni
605 1660 794 1721 dignitate
820 1671 993 1721 privatus
1021 1677 1090 1709 est.
1149 1670 1213 1708 Sic
1234 1683 1305 1708 nec
1326 1676 1488 1721 accepta
1502 1669 1641 1719 injuria

175 1733 277 1770 diem
308 1733 449 1778 dicere,
467 1745 541 1770 nec
561 1732 744 1770 arbitrum
769 1745 857 1770 esse
885 1733 1035 1775 Midiae,
1061 1733 1230 1783 denique
1249 1746 1321 1771 nec
1341 1732 1478 1770 eadem
1496 1732 1548 1770 ire
1563 1731 1639 1778 via,

175 1801 219 1832 ut
233 1801 404 1846 apparet,
421 1801 547 1832 tutum
562 1801 634 1832 est.

228 1860 292 1896 25.
327 1857 391 1896 Sic
412 1863 541 1896 autem
560 1857 635 1895 hoc
654 1857 854 1908 negotium
872 1857 981 1895 vobis
1000 1855 1324 1895 considerandum
1344 1862 1417 1902 est,
1438 1855 1642 1906 animoque

174 1919 449 1972 reputandum,
468 1919 562 1970 quid
584 1919 743 1957 tandem
766 1919 828 1966 sit,
851 1931 930 1971 qua
949 1920 1044 1971 [tam
1066 1918 1203 1967 atroci]
1224 1918 1387 1957 affectus
1407 1917 1544 1969 injuria
1566 1917 1643 1954 Mi-

175 1982 275 2026 dias,
291 1983 338 2019 ab
358 1981 512 2019 homine
531 1982 615 2019 cive
631 1987 782 2019 tantum
799 1981 953 2032 exigere
967 1993 1039 2032 pro
1054 1981 1167 2019 factis
1186 1980 1419 2032 supplicium
1440 1978 1642 2017 studuerit.

176 2043 295 2086 Quod
311 2043 341 2081 si
358 2056 489 2081 revera
507 2043 599 2094 quid
620 2043 861 2081 intolerabile
882 2050 996 2093 atque
1016 2043 1183 2081 immane
1202 2042 1331 2089 fuerit,
1351 2041 1502 2080 veniam
1522 2054 1645 2079 mere-

175 2113 262 2143 tur:
294 2105 352 2143 sin
381 2105 458 2142 tale
484 2105 592 2150 nihil,
615 2111 788 2156 spectate
816 2104 945 2142 scelus
965 2112 1004 2142 et
1032 2104 1318 2149 crudelitatem,
1342 2116 1419 2154 qua
1441 2103 1479 2140 in
1507 2115 1642 2140 omnes

176 2166 309 2205 obvios
329 2179 480 2217 semper
501 2173 713 2217 grassatur.
745 2166 850 2210 Quid
869 2172 929 2203 est
947 2165 1064 2216 igitur
1091 2165 1197 2216 quod
1219 2166 1270 2203 sit
1289 2163 1524 2215 perpessus?
1554 2163 1645 2200 Ma-

175 2241 252 2280 gno
273 2227 580 2280 scilicetjudicio
600 2227 807 2266 damnatus
834 2227 920 2274 fuit,
941 2222 982 2265 et
1005 2234 1128 2272 tanto,
1153 2234 1196 2264 ut
1214 2229 1298 2264 tota
1312 2239 1351 2263 re
1371 2224 1548 2263 familiari
1567 2225 1643 2275 pri-

174 2297 339 2329 varetur.
382 2290 436 2327 At
467 2289 569 2328 mille
603 2289 873 2327 drachmarum
894 2289 1087 2327 duntaxat
1114 2288 1164 2326 lis
1194 2294 1289 2326 erat.
1337 2286 1523 2324 Omnino.
1565 2286 1644 2324 Sed

175 2352 327 2390 mordet
340 2352 454 2390 etiam
474 2352 564 2399 hoc,
577 2351 724 2403 inquiet
737 2351 890 2402 aliquis,
911 2364 1031 2402 quum
1046 2364 1114 2404 per
1129 2350 1320 2401 injuriam,
1330 2348 1547 2400 judicatum
1568 2347 1644 2386 sol-

175 2414 344 2452 vendum
380 2420 452 2451 est.
492 2414 544 2451 At
574 2421 719 2452 statum
747 2413 848 2451 diem
878 2413 1093 2464 praeterisse
1124 2412 1341 2464 ignorabat,
1377 2410 1481 2462 quod
1508 2409 1644 2447 fraude

177 2482 315 2527 eaptus
335 2482 453 2513 esset.
499 2475 580 2512 Imo
599 2475 665 2513 illo
685 2476 769 2526 ipso
790 2475 851 2513 die
871 2474 1069 2525 cognovit,
1090 2474 1207 2524 idque
1227 2472 1395 2511 maximo
1415 2479 1645 2523 argumento

178 2544 252 2583 est,
281 2536 475 2574 hominem
507 2536 616 2573 illum
643 2536 738 2574 nihil
781 2537 924 2587 injuste
963 2536 1111 2574 fecisse.
1179 2535 1259 2573 Iste
1288 2547 1380 2574 vero
1421 2533 1645 2572 drachmam

178 2599 350 2637 nondum
373 2597 491 2635 ullam
512 2598 638 2636 solvit.
685 2598 762 2636 Sed
782 2599 831 2637 de
851 2598 925 2636 hoc
945 2598 1150 2649 posterius.
1195 2597 1313 2646 Atqui
1341 2596 1485 2633 licebat
1504 2594 1538 2632 ei
1557 2606 1645 2644 pro-

176 2663 278 2700 fecto
309 2661 448 2699 referre
481 2672 639 2699 causam
664 2661 714 2698 ad
737 2661 905 2712 judices,
937 2667 974 2699 et
996 2659 1206 2698 defendere
1231 2657 1422 2710 ¹iudicium
1444 2668 1531 2693 esse
1561 2655 1646 2692 nul-

177 2725 273 2772 ium,
293 2737 340 2762 ac
361 2736 514 2761 mecum
536 2722 711 2773 experiri,
731 2736 819 2761 cum
840 2736 916 2774 quo
936 2723 984 2761 ab
1004 2722 1111 2760 initio
1141 2735 1201 2759 res
1232 2719 1265 2756 ei
1293 2719 1430 2756 fuerat.
1475 2716 1553 2753 Sed
1573 2716 1647 2753 hoc

179 2786 316 2824 noluit.
351 2785 400 2823 Et
421 2799 467 2823 ne
489 2784 631 2822 Midias
662 2784 822 2822 definito
839 2785 989 2836 legibus
1010 2784 1147 2822 decem
1167 2782 1354 2819 minarum
1371 2777 1518 2827 judicio
1546 2777 1647 2828 peri—

182 2847 388 2893 clitaretur,
400 2848 462 2885 cui
478 2859 612 2885 se‘non
626 2846 732 2893 stitit,
748 2846 866 2896 (quod
883 2846 1029 2885 factum
1050 2843 1234 2896 oportuit,
1251 2854 1340 2891 quo,
1358 2839 1389 2876 si
1408 2838 1646 2888 deliquisset,

181 2922 315 2960 poenas
337 2909 459 2956 daret,
481 2909 540 2947 sin
571 2907 712 2956 minus,
733 2908 1026 2954 absolveretur),
1060 2906 1180 2943 civem
1214 2900 1489 2940 Atheniensem
1521 2899 1647 2950 digni-

879 2971 901 3005 2
926 2983 951 3006 U
