1923 3149
234 146 310 181 498
783 145 835 182 IN
868 146 1135 186 APHOBUM

230 261 355 300 neque
376 260 464 286 cum
477 259 543 286 eas
563 247 675 286 matri
687 260 783 286 meae
803 250 1010 287 servandas
1031 249 1217 296 dedisset,
1239 249 1361 298 ipsam
1381 248 1482 288 hanc
1497 250 1562 287 uni
1576 257 1678 290 tuto-

230 321 314 346 rum
342 322 501 347 uxorem
528 309 819 360 despondisset:
852 311 959 348 nulla
980 310 1080 347 enim
1103 309 1225 346 afferri
1246 310 1342 348 ratio
1361 318 1504 362 potest,
1525 325 1592 350 cur
1610 326 1680 363 pe-

230 370 381 408 cuniam
413 383 482 420 per
507 369 610 407 illam
630 370 726 408 tueri
753 371 976 415 studuisset,
1002 384 1132 408 eorum
1153 377 1280 408 autem
1308 371 1421 408 unius
1442 372 1580 421 quibus
1608 373 1680 410 dif-

228 430 366 468 fideret
384 431 564 481 potestati
586 437 666 468 tum
687 431 806 481 ipsam
829 439 907 469 tum
934 432 1138 482 pecuniam
1158 431 1328 469 deditam
1342 431 1534 470 voluisset.
1576 433 1680 470 Prae-

228 498 333 529 terea
365 491 395 528 si
426 491 519 542 quid
549 492 706 530 istorum
727 505 858 530 verum
893 500 1009 538 esset,
1031 506 1108 531 non
1142 493 1284 543 putatis
1310 506 1397 530 eum
1430 500 1680 544 accepturum

228 552 345 590 fuisse
361 559 521 591 matrem
539 566 561 591 a
576 561 681 604 patre
698 554 826 591 datam
842 553 857 589 ἶ)
879 554 1057 596 Quicum
1072 554 1202 592 dotem
1219 555 1315 605 ejus,
1331 554 1531 604 octoginta
1544 554 1680 601 minas,

227 620 271 650 ut
291 626 374 651 eam
395 615 595 660 ducturus,
616 621 775 660 teneret,
796 614 1011 653 Philonidae
1033 616 1251 654 Melitensis
1272 615 1389 653 filiam
1409 615 1572 660 duxerit,
1592 629 1680 654 ava-

228 674 323 712 ritiae
344 675 521 713 sordibus
555 676 756 726 impulsus,
777 682 833 722 ut,
853 676 900 713 ad
919 690 983 714 eas
996 690 1092 727 quas
1108 691 1130 715 a
1150 677 1260 714 nobis
1280 677 1464 723 habebat,
1484 677 1682 727 octoginta

227 736 362 780 minas,
383 735 610 774 totidemab
630 736 696 773 illo
713 736 926 786 acciperet:
958 737 1062 788 quod
1083 737 1113 775 si
1127 745 1290 788 quatuor
1306 737 1453 775 talenta
1472 737 1575 775 domi
1592 738 1681 775 fuis-

227 805 311 836 sent
340 811 477 848 eaque,
494 805 538 836 ut
555 798 626 835 iste
648 798 713 844 ait,
735 798 799 836 illa
818 799 1029 845 habuisset,
1043 812 1170 837 nonne
1191 812 1278 837 eum
1299 812 1545 837 accursurum
1566 800 1681 837 etiam

225 858 383 909 putatis,
413 866 457 897 ut
486 859 560 897 illis
589 873 668 897 una
697 872 785 898 cum
817 860 900 911 ipsa
926 860 1138 911 potiretur?
1169 860 1310 897 Nonne
1336 873 1426 898 cum
1460 860 1682 898 manifestas

226 932 333 970 opes,
363 933 459 970 quas
485 927 524 958 et
542 927 712 958 vestrum
731 921 947 972 complures
979 921 1152 959 sciebant
1176 934 1260 958 esse
1289 920 1458 966 relictas,
1489 933 1566 958 una
1594 933 1682 958 cum

225 981 374 1018 caeteris
399 981 588 1019 tutoribus
615 982 713 1020 adeo
733 982 921 1032 flagitiose
944 982 1162 1033 diripuerit;
1194 995 1267 1020 nec
1287 983 1335 1020 ab
1357 982 1401 1019 iis
1422 995 1586 1032 quarum
1613 994 1682 1019 vos

224 1048 342 1079 testes
358 1055 435 1080 non
456 1042 605 1090 essetis,
619 1049 811 1094 potestate
828 1043 1079 1081 nanciscendi
1099 1044 1203 1090 data,
1217 1043 1337 1081 fuisse
1351 1042 1683 1094 temperaturum?

226 1103 322 1146 Quis
340 1112 430 1142 vero
448 1104 609 1142 credat?
640 1104 728 1142 Non
753 1104 809 1142 -ita
829 1112 901 1150 est,
924 1104 1101 1152 Judices,
1128 1118 1206 1142 non
1231 1105 1285 1142 ita
1315 1112 1388 1152 est,
1418 1105 1486 1143 sed
1517 1104 1684 1156 pecunia

223 1177 339 1214 quam
355 1166 509 1217 reliquit
528 1173 648 1217 pater,
669 1166 734 1204 illa
756 1166 816 1204 die
837 1167 993 1204 defossa
1013 1173 1086 1211 est,
1106 1180 1183 1217 qua
1201 1166 1237 1204 in
1258 1166 1418 1204 istorum
1439 1179 1575 1204 manus
1595 1179 1681 1217 per·
1704 1199 1706 1201 ,

222 1226 346 1263 venit:
379 1226 450 1264 iste
479 1234 608 1264 autem
636 1240 724 1264 cum
764 1227 892 1265 dicere
926 1235 1096 1277 nequeat
1130 1228 1196 1265 ubi
1225 1228 1431 1277 quicquam
1457 1227 1680 1275 reddiderit,

222 1293 359 1338 utego
378 1288 485 1325 dives
505 1287 637 1329 videar
657 1300 782 1337 neque
810 1287 927 1324 ullam
953 1301 976 1324 a
998 1288 1107 1325 vobis
1136 1288 1435 1326 misericordiam
1467 1289 1680 1339 impetrem,

222 1347 280 1386 his
299 1348 426 1386 verbis
444 1349 575 1386 utitur.
773 1385 775 1388 ,

268 1408 343 1447 ,16.
367 1408 600 1459 Quanquam
635 1415 764 1447 autem
793 1409 916 1448 multa
939 1409 1063 1447 habeo
1084 1423 1171 1460 quae
1205 1410 1243 1447 in
1276 1409 1349 1447 isto
1369 1422 1571 1452 accusem;
1601 1421 1681 1447 non

221 1475 353 1506 tamen
373 1469 537 1519 spatium
559 1469 685 1515 datur,
701 1483 790 1507 cum
803 1470 912 1507 testis
924 1476 1062 1520 agatur
1080 1470 1262 1520 dignitas,
1276 1470 1431 1521 injurias
1447 1469 1537 1507 mihi
1558 1470 1681 1508 factas

222 1529 562 1567 commemorandi.
594 1530 671 1567 Sed
684 1530 995 1581 provocationem
1017 1531 1124 1568 vobis
1144 1531 1296 1581 legam:
1320 1543 1397 1581 qua
1412 1530 1557 1575 audita,
1574 1529 1682 1568 testi-

221 1590 411 1629 ficationis
430 1590 629 1628 veritatem
649 1590 909 1640 cognoscetis,
930 1597 971 1628 et
989 1603 1078 1628 eum
1097 1604 1266 1629 asserere
1286 1603 1389 1628 nunc
1414 1603 1437 1627 a
1459 1603 1498 1627 se
1517 1589 1679 1641 Milyam

221 1652 330 1702 posci
358 1657 515 1703 propter
534 1651 676 1698 omnia,
698 1664 788 1689 cum
807 1664 893 1689 eum
920 1651 1026 1689 initio
1047 1659 1205 1703 propter
1238 1651 1396 1702 triginta
1424 1650 1550 1688 minas
1579 1650 1679 1689 dun-

222 1719 329 1750 taxat
347 1713 581 1764 poposcerit,
602 1720 719 1763 atque
740 1713 835 1750 illud
856 1713 986 1760 etiam,
1005 1726 1092 1751 eum
1112 1714 1185 1751 hoc
1213 1712 1436 1751 testimonio
1467 1710 1561 1748 nihil
1579 1711 1684 1751 laedi.

223 1773 321 1824 Ego,
341 1782 385 1811 ut
402 1774 518 1811 istum
539 1773 718 1811 omnibus
738 1774 862 1811 modis
881 1774 1168 1816 convincerem,
1181 1781 1220 1812 et
1235 1773 1345 1812 dolos
1366 1774 1449 1825 ejus
1473 1780 1512 1811 et
1531 1770 1679 1810 callidi·

220 1839 319 1871 tates
340 1834 445 1872 vobis
466 1835 671 1885 aperirem,
688 1836 946 1885 percontabar
966 1848 1068 1885 eum,
1088 1843 1255 1885 quantus
1284 1840 1389 1871 esset
1410 1833 1586 1884 pecuniae
1607 1845 1678 1869 nu-

220 1907 362 1941 merus,
384 1902 540 1946 propter
559 1908 675 1946 quam
696 1895 859 1944 Milyam
887 1901 930 1930 ut
959 1895 1159 1930 conscium
1182 1895 1409 1944 ‚Jostularea
1441 1893 1472 1929 is
1500 1906 1591 1931 vero
1610 1905 1679 1944 per

221 1955 466 1993 mendacium
492 1962 646 2005 propter
666 1953 794 1991 omnia
812 1953 946 2002 inquit.
996 1952 1056 1990 De
1075 1953 1150 1991 hoc
1166 1953 1300 1999 iwitur,
1319 1953 1476 2003 inquam
1497 1966 1583 2003 eg0,
1601 1960 1678 1991 tra-

221 2015 312 2052 dam
330 2015 398 2054 tibi
416 2028 504 2053 eum
520 2015 585 2064 qui
603 2013 779 2064 exempla
797 2013 928 2058 habet,
946 2013 1274 2063 quemadmodum
1294 2020 1338 2051 tu
1357 2026 1418 2050 me
1438 2014 1677 2064 provocaris:

220 2076 293 2114 etsi
313 2082 443 2114 autem
464 2082 550 2114 ante
563 2073 814 2127 jurejurando
832 2087 904 2124 ego
920 2074 1126 2121 affirmavi,
1141 2082 1178 2112 te
1198 2081 1237 2112 et
1257 2074 1306 2112 de
1320 2075 1498 2112 libertate
1513 2075 1676 2113 hominis

221 2150 308 2175 esse
328 2137 563 2182 confessum,
596 2143 635 2174 et
661 2136 700 2173 in
728 2135 945 2173 Demonem
971 2135 1115 2173 dixisse
1138 2135 1414 2182 testimonium,
1432 2142 1562 2174 tamen
1583 2137 1615 2174 si
1638 2137 1675 2174 in

221 2197 311 2235 filiae
330 2204 405 2235 tuae
425 2205 543 2248 caput
555 2197 745 2249 juraveris
765 2196 957 2235 contraria
975 2197 1109 2234 horum
1130 2209 1214 2234 esse
1233 2210 1335 2242 vera,
1358 2197 1510 2235 remitto
1533 2198 1601 2235 tibi
1630 2211 1677 2236 ea

221 2258 350 2296 omnia
368 2266 525 2310 propter
543 2272 631 2309 quae
652 2265 689 2296 te
711 2257 963 2309 quaestionem
987 2258 1147 2307 primum
1175 2258 1394 2308 postulasse
1422 2258 1615 2295 constabit
1645 2258 1675 2296 si

220 2332 313 2369 puer
332 2319 370 2356 in
389 2326 580 2357 tormenta
599 2319 724 2363 detur,
747 2326 786 2357 et
804 2326 953 2356 tantum
982 2318 1047 2356 tibi
1079 2319 1128 2356 de
1154 2331 1286 2356 eorum
1306 2318 1560 2356 aestimatione
1579 2332 1675 2368 quo-

220 2393 306 2418 rum
325 2380 530 2418 damnatus
552 2394 592 2418 es
611 2380 787 2425 detraho,
807 2387 994 2429 quantum
1014 2379 1054 2416 id
1075 2387 1134 2417 est
1154 2381 1202 2417 ob
1223 2379 1327 2429 quod
1350 2378 1514 2429 Milyam
1539 2387 1673 2430 postu-

221 2441 322 2487 lasti,
342 2448 385 2478 ut
403 2440 470 2478 tibi
490 2448 607 2478 testes
628 2441 754 2479 fraudi
775 2453 822 2477 ne
847 2441 934 2478 sint.
993 2440 1088 2477 Haec
1111 2452 1198 2477 cum
1219 2440 1252 2477 ei
1273 2440 1531 2490 praesentibus
1545 2439 1674 2478 multis

221 2501 530 2546 denunciassem,
551 2501 741 2539 facturum
764 2514 804 2538 se
824 2501 991 2552 negavit.
1049 2501 1148 2537 Cum
1177 2500 1257 2550 ipse
1284 2500 1397 2550 igitur
1422 2501 1496 2538 hoc
1518 2501 1583 2552 jus
1603 2501 1672 2539 sibi

221 2563 347 2600 dicere
368 2561 567 2607 recusarit,
591 2562 656 2611 qui
683 2562 862 2599 convenit
890 2570 932 2599 ut
958 2574 1026 2599 vos
1047 2560 1163 2612 jurati
1184 2561 1231 2598 ab
1254 2561 1325 2598 isto
1347 2561 1605 2608 adducamini,
1633 2570 1674 2599 ut

220 2631 338 2661 testes
359 2622 639 2666 condemnetis,
655 2630 693 2660 et
707 2635 784 2660 non
805 2635 894 2660 eum
914 2623 1040 2673 potius
1061 2622 1231 2659 omnium
1251 2622 1449 2659 hominum
1475 2621 1673 2674 impuden-

222 2684 408 2720 tissimum
437 2682 691 2722 existimetis?
722 2684 858 2720 Acme
882 2695 978 2720 vera>
996 2683 1101 2732 loqui
1132 2682 1186 2720 uti
1218 2689 1385 2727 constet,
1415 2695 1512 2721 voca
1537 2682 1672 2722 harum

224 2758 347 2784 rerum
370 2751 506 2782 testes.
