1923 3149
701 180 931 222 CONTRA
961 180 1188 219 MIDIAM.
1600 178 1677 216 315

219 286 369 319 tantum
388 293 474 320 esse
492 284 740 329 accusatoris,
756 290 799 322 ut
819 284 961 322 crimen
981 283 1132 334 probet,
1146 282 1213 328 rei,
1234 287 1276 319 ut
1295 281 1411 319 etiam
1431 280 1674 331 deprecetur.

219 342 300 380 Sed
331 356 419 381 cum
448 344 522 382 iste
553 351 645 383 tunc
673 353 713 383 et
738 345 892 396 judices
919 343 1140 393 corruperit,
1161 349 1199 379 et
1228 349 1431 392 propterea
1449 354 1544 379 meae
1564 340 1676 378 tribui

216 416 284 454 per
304 405 480 455 injuriam
500 406 617 457 tripos
639 407 689 444 sit
703 414 869 458 ereptus,
887 412 1002 456 atque
1024 416 1097 454 ego
1117 416 1193 440 non
1217 403 1333 440 modo
1347 402 1585 447 verberibus,
1605 401 1676 439 sed

215 463 261 502 iis
282 465 397 504 etiam
417 467 659 505 contumeliis
675 468 747 506 sim
767 467 942 512 affectus,
962 467 1101 517 quibus
1120 465 1226 502 haud
1256 464 1335 502 scio
1359 477 1407 501 an
1428 465 1532 501 ullus
1549 464 1673 502 aedilis

215 539 400 577 unquam,
427 541 506 566 non
536 529 670 567 dubito
705 529 743 566 in
763 529 837 567 hoc
852 528 1015 580 judicio,
1032 527 1137 578 quod
1155 539 1257 564 nunc
1278 526 1449 576 demum,
1468 532 1674 576 postquam

216 589 458 628 adversarius
486 590 594 642 justa
618 590 884 642 indignatione
916 595 956 628 et
985 588 1176 640 suffragiis
1207 587 1341 640 populi
1368 587 1576 624 damnatus
1603 593 1673 631 est,

215 653 350 697 subeo,
372 653 486 690 etiam
501 653 677 704 precibus
693 653 763 691 uti.
820 653 922 690 Nam
942 652 973 690 si
992 652 1068 690 hoc
1088 651 1215 690 dicere
1234 651 1362 694 liceat,
1379 662 1452 701 ego
1467 662 1570 687 nunc
1586 662 1674 687 reus

216 725 317 758 sum,
339 713 370 751 si
391 726 467 764 qua
495 713 612 752 modo
643 713 843 752 calamitas
873 720 941 759 est,
972 713 1117 764 injuriis
1147 719 1187 751 et
1214 711 1457 751 contumeliis
1489 710 1675 761 agitatum

212 787 292 812 non
323 787 438 825 posse
470 774 550 812 ullo
580 774 697 813 modo
722 775 787 826 jus
821 787 934 812 suum
968 774 1145 826 adipisci.
1205 773 1287 812 Oro
1302 773 1418 824 igitur
1436 785 1505 811 vos
1526 784 1673 818 omneS,

206 835 375 887 judices,
411 843 451 875 et
482 836 671 888 supplico,
695 837 861 888 primum
891 843 936 874 ut
967 849 1028 874 me
1061 836 1253 874 dicentem
1291 835 1459 886 benigne
1492 833 1672 872 audiatis.

211 897 379 947 Deinde,
394 898 426 937 si
445 899 666 946 ostendero,
698 898 861 937 Midiam
890 898 1007 937 istum
1033 911 1113 936 non
1138 897 1231 935 mihi
1262 903 1429 944 tantum,
1460 896 1529 935 sed
1560 895 1671 934 vobis

210 959 341 1007 etiam,
359 967 400 999 et
416 960 580 1012 legibus,
599 968 639 999 et
665 961 804 1000 ceteris
835 960 1013 1000 omnibus
1044 960 1266 1006 insultasse,
1285 965 1329 997 ut
1359 972 1447 997 cum
1477 957 1570 996 mihi
1589 964 1672 996 tum

209 1021 495 1074 vobismetipsis
514 1036 626 1074 opem
647 1022 790 1062 feratis.
847 1022 912 1061 Sic
931 1022 1033 1060 enim
1051 1035 1114 1060 res
1141 1021 1222 1060 fere
1240 1021 1372 1068 habet,
1393 1019 1671 1065 Athenienses,

210 1096 284 1135 ego
305 1097 391 1122 sum
408 1084 650 1123 contumeliis
680 1083 858 1131 affectus,
887 1091 926 1122 et
956 1096 1087 1122 meum
1118 1095 1259 1134 corpus
1291 1090 1385 1121 tunc
1416 1081 1671 1133 ignominiose

208 1151 416 1184 tractatum
435 1152 506 1193 est,
535 1159 581 1185 ea
596 1158 686 1184 vero
707 1159 768 1184 res
787 1146 825 1183 in
849 1146 998 1197 judicio
1017 1151 1191 1183 versatur
1208 1157 1313 1182 nunc
1333 1150 1373 1183 et
1393 1143 1440 1182 de
1460 1143 1534 1181 hoc
1549 1149 1673 1181 certa-

209 1219 300 1245 men
331 1213 404 1253 est,
437 1214 566 1245 utrum
593 1207 708 1246 licere
735 1207 879 1245 debeat
902 1206 1125 1259 hujusmodi
1152 1205 1324 1244 facinora
1351 1205 1603 1250 committere,
1634 1211 1674 1242 et

208 1276 381 1308 vestrum
400 1269 614 1320 quemlibet
640 1269 796 1320 impune
816 1269 1029 1320 exagitare,
1049 1282 1097 1307 an
1125 1281 1217 1306 non.
1276 1267 1392 1312 Quod
1414 1267 1445 1305 si
1466 1267 1552 1317 quis
1573 1266 1673 1305 forte

206 1337 380 1370 vestrum
408 1330 594 1382 superiori
620 1337 792 1382 tempore
822 1344 979 1369 causam
1010 1330 1111 1368 hanc
1143 1342 1228 1367 esse
1246 1329 1434 1380 privatam
1454 1327 1618 1380 putavit,
1639 1328 1670 1365 is

207 1405 310 1430 nunc
329 1392 505 1443 cogitans
525 1404 609 1430 esse
641 1404 662 1430 e
687 1391 896 1443 republica,
926 1405 976 1430 ne
1010 1392 1192 1442 cuiquam
1219 1390 1426 1441 quicquam
1461 1389 1536 1428 tale
1565 1401 1670 1427 com-

207 1454 359 1492 mittere
378 1453 507 1500 liceat,
526 1453 581 1492 sic
599 1453 804 1501 auscultet,
825 1459 1010 1505 tanquam
1042 1452 1243 1505 publicum
1269 1452 1413 1491 crimen
1445 1457 1596 1503 agatur,
1633 1457 1672 1489 et

205 1530 294 1568 quae
322 1517 393 1555 sibi
423 1516 636 1569 justissima
667 1516 916 1562 videbuntur,
957 1529 1005 1555 ea
1039 1515 1236 1553 decernat.
1292 1514 1342 1552 In
1377 1514 1510 1565 primis
1542 1520 1671 1552 autem

206 1578 315 1618 vobis
329 1579 392 1616 lex
410 1578 647 1625 recitabitur,
667 1590 742 1629 qua
765 1577 874 1628 queri
892 1577 983 1616 licet
1004 1576 1110 1628 apud
1129 1575 1339 1628 populum:
1370 1575 1511 1614 deinde
1530 1587 1600 1614 vos
1621 1575 1671 1613 de

207 1641 364 1693 reliquis
383 1641 497 1681 etiam
512 1640 651 1681 docere
664 1640 851 1680 conabor.
907 1639 1046 1679 Recita
1063 1638 1204 1691 legem.
1627 1630 1630 1632 ’

877 1791 995 1830 LEX.

242 1903 446 1944 Magistratus
461 1901 639 1933 concionem
655 1903 787 1933 habento
809 1902 842 1933 in
858 1903 924 1932 aede
940 1902 1056 1933 Bacchi
1072 1901 1224 1942 postridie
1242 1900 1336 1941 primi
1351 1900 1530 1932 Jovialium.
1576 1901 1615 1932 In
1632 1910 1668 1931 ea

201 1956 349 1988 concione
365 1954 496 1995 primum
511 1954 550 1984 de
563 1953 661 1984 sacris
675 1953 900 1993 respondento:
924 1957 996 1993 post
1010 1954 1049 1983 de
1065 1952 1268 1993 querimoniis
1295 1956 1348 1982 aut
1369 1961 1492 1992 pompae
1508 1961 1600 1981 causa
1615 1956 1669 1982 aut

200 2012 329 2049 propter
342 2006 435 2036 ludos
450 2005 660 2036 Bacchanales
675 2004 777 2041 factis,
794 2004 822 2035 si
838 2014 906 2045 quae
922 2005 1055 2034 nondum
1068 2008 1229 2034 transactae
1244 2003 1366 2033 suerint.

255 2094 295 2129 4.
325 2091 419 2136 Lex,
437 2089 707 2135 Athenienses,
722 2101 799 2140 qua
817 2087 971 2139 publice
990 2087 1098 2138 queri
1115 2086 1220 2134 licet,
1238 2086 1326 2125 haec
1343 2093 1418 2133 est,
1437 2099 1526 2138 quae
1539 2086 1668 2138 jubet,

199 2160 244 2192 ut
263 2151 477 2198 audivistis,
495 2150 629 2189 haberi
648 2149 876 2189 concionem
896 2149 936 2186 in
964 2149 1049 2187 aede
1083 2148 1233 2187 Bacchi
1264 2155 1356 2200 post
1384 2148 1563 2187 Jovialia.
1621 2149 1668 2187 In

200 2227 280 2268 qua
297 2219 506 2265 postquam
536 2211 719 2263 praesides
754 2210 803 2249 de
830 2210 1162 2249 administratione
1181 2210 1356 2261 praetoris
1382 2210 1665 2262 responderint,

197 2277 314 2316 etiam
333 2274 481 2326 injuriae
500 2274 540 2311 in
559 2274 660 2312 festo
680 2279 747 2311 aut
765 2272 840 2311 alia
865 2279 1002 2311 contra
1031 2272 1136 2324 leges
1161 2272 1268 2310 facta
1291 2271 1449 2310 tractari
1480 2271 1664 2311 debeant.

197 2337 435 2377 Praeclaram
455 2334 668 2387 utilemque
700 2348 786 2373 esse
811 2333 912 2372 hanc
931 2333 1059 2384 legem
1091 2333 1177 2384 ipsa
1207 2346 1270 2371 res
1296 2332 1477 2380 ostendit,
1496 2332 1664 2371 Atheni-

198 2412 328 2439 enses.
386 2399 518 2440 Quum
544 2397 661 2444 enirn,
690 2402 798 2435 tanto
823 2401 933 2434 metu
955 2394 1218 2446 impendente,
1240 2401 1370 2433 tamen
1388 2394 1558 2446 protervi
1577 2394 1663 2444 qui-

197 2463 288 2501 dam
307 2460 510 2506 exsistant,
530 2459 621 2510 quid
655 2459 703 2497 ab
731 2458 806 2496 isto
840 2470 980 2509 genere
1008 2456 1209 2495 hominum
1234 2455 1546 2508 exspectandum
1578 2455 1661 2503 erit,

197 2522 352 2562 sublato
371 2520 474 2559 omni
501 2519 663 2572 judicio,
689 2519 927 2571 periculique
957 2518 1093 2556 metu?
1150 2518 1294 2569 Legam
1308 2517 1417 2556 vobis
1437 2517 1554 2556 etiam
1573 2528 1660 2555 eam

196 2585 326 2636 legem
353 2595 440 2633 quae
464 2594 512 2619 ex
533 2581 666 2620 ordine
686 2580 884 2632 sequitur:
914 2593 961 2618 ex
987 2593 1065 2632 qua
1082 2579 1321 2632 perspicietis
1341 2586 1381 2618 et
1398 2579 1560 2617 aliorum
1579 2590 1662 2616 om-

194 2646 303 2685 nium
321 2643 462 2683 civium
475 2646 720 2696 vestramque
737 2641 1024 2691 verecundiam,
1043 2647 1083 2682 et
1102 2641 1212 2682 istius
1231 2640 1519 2682 confidentiam.
1575 2639 1658 2678 Re-

193 2708 272 2748 cita
291 2705 433 2758 legem.
