1923 3149
251 171 330 207 246
560 170 637 210 DE
668 170 822 208 MALE
854 169 1027 208 GESTA
1057 168 1385 207 LEGATIONE.

251 270 297 307 Id
312 282 398 308 vero
418 269 644 321 praeclarum
672 278 744 317 est,
766 271 1033 317 Athenienses,
1052 278 1091 309 et
1109 271 1320 322 egregium,
1339 270 1368 309 si
1390 270 1536 309 virtutis
1557 275 1595 307 ct
1611 268 1695 319 glo-

248 332 313 370 riae
327 331 423 369 ratio
437 331 612 378 ducatur,
633 346 729 383 quas
749 346 808 371 res
830 333 891 371 isti
915 333 1080 384 pecunia
1098 333 1366 370 vendiderunt.

299 394 365 429 44.
395 392 650 432 Conferamus
663 394 745 444 jam
760 394 848 444 quid
866 393 1152 432 Atheniensium
1172 393 1390 443 respublica
1407 404 1428 429 e
1447 403 1543 442 pace
1556 402 1693 428 conse-

249 460 341 491 cuta
366 453 428 501 sit,
447 460 487 491 et
513 455 604 505 quid
626 455 742 505 legati
766 455 1072 499 Atheniensium,
1099 461 1136 492 et
1168 453 1422 497 considerate,
1448 464 1540 490 num
1561 451 1695 488 similia

248 515 463 565 respublica
481 522 520 553 et
545 516 607 553 isti
635 517 719 567 ipsi.
777 517 1012 567 Respublica
1042 515 1169 565 igitur,
1191 522 1232 552 ut
1254 515 1415 553 cesserit
1440 512 1629 557 omnibus,
1657 518 1696 548 et

246 575 566 627 possessionibus,
586 584 625 614 et
645 577 777 625 sociis,
799 584 841 614 ut
861 578 997 628 jurarit
1019 576 1208 627 Philippo,
1231 576 1262 613 si
1291 575 1377 625 quis
1406 573 1503 611 alius
1528 572 1613 609 illas
1638 571 1696 608 in-

246 637 402 686 vaserit,
421 637 530 675 vobis
551 644 594 674 ut
611 640 802 682 restituat,
821 651 888 676 vos
908 638 1175 688 prohibituros,
1197 645 1237 674 et
1257 637 1320 687 qui
1340 634 1445 673 vobis
1459 646 1525 671 eas
1546 632 1696 670 tradere

247 699 422 745 voluerit,
440 712 524 736 eum
544 712 614 750 pro
634 700 786 738 inimico
813 707 852 738 et
879 700 989 738 hoste
1009 700 1220 745 habituros,
1241 700 1304 750 qui
1334 698 1483 749 eripuit,
1504 708 1572 747 pro
1592 693 1696 732 socio

195 760 198 763 ’
247 767 290 798 et
313 760 447 797 amico.
503 760 604 798 Haee
625 761 726 798 enim
745 767 837 798 sunt
857 774 943 811 quae
963 768 1003 798 et
1023 761 1225 798 AEschines
1245 758 1472 803 defenderit,
1490 763 1533 807 ,et
1547 756 1697 806 adjutor

245 821 326 871 ejus
346 820 581 858 Philocrates
605 821 762 860 decreto
791 822 973 860 sanxerit.
1029 821 1127 859 Item
1147 834 1233 859 cum
1263 833 1335 870 ego
1360 819 1480 870 pridie
1513 817 1697 868 superior,

245 881 353 919 vobis
372 881 658 932 persuasissem‚
677 889 721 920 ut
739 883 926 920 sociorum
943 882 1138 919 decretum
1158 872 1447 923 confirm-aretis,
1479 885 1519 916 et
1547 878 1696 927 legatos

249 941 416 993 Philippi
445 943 705 989 accerseretis,
737 943 807 980 iste
835 942 1142 980 cavillationibus
1169 955 1216 979 ea
1245 954 1286 979 re
1312 942 1351 978 in
1380 947 1577 990 posterum
1597 937 1699 974 diem

246 1004 402 1052 rejecta,
421 1003 626 1053 persuasit,
644 1009 687 1039 ut
705 1002 744 1038 in
765 1002 993 1040 Philocratis
1013 1003 1242 1039 sententiam
1262 1000 1382 1045 iretis,
1404 1000 1443 1036 in
1461 1011 1540 1049 qua
1561 1004 1600 1036 et
1617 997 1699 1034 haec

248 1071 289 1102 et
301 1064 375 1102 alia
391 1064 512 1101 multo
531 1064 589 1101 his
605 1064 780 1114 graviora
798 1063 1056 1102 continentur.
1113 1063 1170 1101 Ac
1192 1061 1413 1113 reipublicae
1434 1060 1587 1111 quidem
1614 1059 1698 1096 haec

248 1138 296 1163 ex
314 1138 408 1176 pace
423 1124 682 1175 contigerunt,
698 1125 839 1175 quibus
858 1125 1108 1175 flagitiosiora
1126 1137 1197 1162 nec
1212 1123 1371 1162 inveniri
1390 1122 1500 1161 facile
1513 1128 1674 1173 possunt
1690 1134 1700 1158 t

242 1187 380 1238 legatis
405 1194 534 1225 autem
567 1188 672 1237 quid,
698 1187 832 1225 horum
865 1186 1113 1224 auctoribus?
1139 1193 1266 1224 cetera
1296 1186 1425 1223 omnia
1452 1191 1578 1228 taceo,
1609 1195 1696 1233 quae

247 1250 322 1300 ipsi
341 1248 495 1294 vidistis,
525 1248 644 1297 aedes,
665 1248 783 1299 ligna,
799 1249 1044 1293 frumentum,
1065 1247 1133 1285 sed
1155 1248 1193 1284 in
1213 1247 1406 1285 sociorum
1426 1245 1491 1297 qui
1508 1244 1702 1296 perierunt

245 1312 416 1363 regione,
436 1312 700 1362 possessiones
737 1318 776 1349 et
802 1311 912 1348 fundi
941 1310 1106 1362 plurimi,
1134 1323 1219 1360 quae
1253 1308 1462 1346 Philocrati
1498 1307 1699 1352 talentum,

249 1373 422 1412 AEschini
437 1374 600 1411 tricenas
621 1373 744 1410 minas
762 1372 971 1423 pensitant.
1030 1371 1170 1409 Nonne
1197 1383 1288 1408 vero
1319 1382 1432 1420 grave
1451 1375 1510 1406 est
1528 1375 1567 1406 et
1585 1367 1699 1405 mise-

249 1435 381 1479 rabile,
403 1434 591 1471 sociorum
618 1442 827 1471 vestrorum
855 1433 1106 1476 calamitates,
1133 1431 1277 1469 reditus
1300 1430 1438 1480 legatis
1457 1429 1594 1467 vestris
1614 1441 1698 1466 esse

247 1497 384 1544 factas,
400 1495 640 1544 eandemque
667 1507 801 1545 pacem
821 1493 919 1539 urbi,
947 1507 970 1530 a
1002 1506 1079 1544 qua
1108 1492 1214 1530 missi
1243 1493 1412 1537 fuerunt,
1440 1497 1480 1528 et
1511 1490 1699 1527 sociorum

247 1557 456 1601 interitum,
477 1562 515 1593 et
532 1555 825 1605 possessionum
850 1554 1057 1605 jacturam,
1086 1560 1125 1591 et
1155 1565 1224 1603 pro
1253 1552 1375 1602 gloria
1400 1551 1571 1588 dedecus
1599 1556 1700 1587 attu-

249 1617 357 1661 lisse,
378 1616 514 1666 legatis
535 1622 661 1653 autem
688 1616 753 1665 qui
775 1614 1049 1665 rempublicam
1068 1613 1275 1656 violarunt,
1297 1612 1457 1656 reditus,
1480 1623 1590 1662 opes,
1609 1623 1699 1660 pos-

249 1679 455 1723 sessiones,
486 1677 650 1723 divitias,
670 1690 739 1728 pro
762 1683 931 1713 extrema
949 1675 1078 1726 inopia
1097 1673 1313 1726 peperisse?
1372 1673 1423 1710 Et
1453 1673 1535 1711 haec
1560 1684 1649 1710 vere
1678 1684 1703 1709 a

250 1754 311 1781 me
331 1740 405 1778 dici
421 1746 464 1778 ut
480 1745 645 1786 constet,
663 1751 760 1776 voca
779 1744 898 1776 testes
919 1737 1054 1775 harum
1076 1749 1200 1774 rerum
1222 1734 1438 1787 Olynthios.

875 1882 1086 1920 TESTES.

303 1990 368 2026 45.
399 1988 535 2038 Neque
557 1999 650 2024 vero
683 1986 861 2031 mirabor,
888 1985 920 2022 si
945 1986 1059 2023 etiam
1092 1985 1168 2023 tale
1198 1984 1340 2035 aliquid
1374 1983 1500 2020 dicere
1533 1981 1701 2025 audebit,

252 2063 330 2088 non
341 2050 494 2087 licuisse
507 2049 747 2100 praeclaram,
765 2060 889 2097 neque
905 2047 1056 2097 qualem
1077 2060 1149 2097 ego
1163 2045 1400 2096 postularim‚
1416 2044 1541 2081 facere
1555 2055 1702 2093 pacem,

252 2125 339 2150 cum
371 2111 488 2148 duces
518 2110 616 2148 male
645 2122 723 2147 rem
751 2108 930 2146 bellicam
963 2107 1308 2145 administrassent.
1365 2105 1480 2149 Quod
1500 2105 1531 2142 si
1551 2103 1703 2147 dixerit,

250 2174 421 2210 obtestor
446 2185 514 2210 vos
547 2179 588 2208 ut
620 2169 866 2208 memineritis
898 2182 984 2206 eum
1016 2169 1266 2219 interrogare,
1293 2174 1421 2204 utrum
1443 2179 1489 2202 ex
1517 2165 1591 2202 alia
1608 2165 1702 2201 urbe

254 2235 403 2283 legatus
423 2233 568 2278 abierit,
598 2245 646 2270 an
675 2244 724 2269 ex
755 2231 830 2268 hac
864 2229 1011 2267 eadem,
1069 2230 1172 2268 Nam
1199 2229 1230 2266 si
1259 2241 1306 2266 ex
1335 2227 1422 2271 alia,
1452 2238 1567 2276 quarn
1603 2225 1703 2262 bello

253 2296 485 2345 superiorem
502 2294 623 2332 fuisse
641 2293 757 2341 dicet,
779 2305 824 2330 ac
854 2293 975 2329 bonos
995 2291 1113 2328 duces
1133 2290 1327 2334 habuisse,
1347 2287 1481 2325 merito
1500 2286 1703 2337 pecuniam

253 2356 421 2405 accepit:
451 2355 510 2392 sin
530 2368 574 2391 ex
596 2354 667 2391 hac
696 2353 790 2404 ipsa,
818 2365 895 2403 qua
915 2351 1050 2402 gratia,
1069 2357 1224 2401 propter
1244 2362 1330 2400 quae
1350 2349 1456 2391 urbs,
1477 2361 1499 2385 a
1519 2360 1596 2397 qua
1615 2347 1704 2384 mis-

255 2429 320 2455 sus
351 2424 446 2461 erat,
474 2416 553 2452 suis
589 2415 699 2452 bonis
737 2414 864 2458 cessit,
900 2413 949 2450 ob
983 2425 1029 2450 ea
1059 2413 1139 2462 ipse
1170 2410 1367 2461 accepisse
1389 2409 1490 2446 dona
1510 2408 1705 2446 cernitur?

255 2478 400 2515 Eadem
420 2476 520 2513 enim
542 2483 581 2512 et
600 2477 682 2512 urbi
704 2475 866 2512 mittenti
891 2473 1094 2512 tribuenda
1111 2473 1280 2515 fuerunt,
1302 2478 1341 2509 et
1368 2470 1493 2508 missis
1517 2483 1564 2507 ex
1585 2483 1632 2507 ea
1652 2470 1706 2507 le-

257 2538 371 2589 gatis,
392 2537 424 2574 si
444 2536 533 2587 quid
555 2543 659 2573 recte
679 2536 821 2572 factum
843 2542 958 2572 esser.
1014 2534 1104 2572 Jam
1124 2541 1163 2570 et
1190 2533 1286 2570 illud
1306 2532 1562 2576 considerate,
1586 2530 1704 2568 Athe-

256 2599 570 2649 nienses‚plusne
590 2599 730 2648 putetis
752 2611 773 2634 a
793 2596 1058 2634 Phocensibus
1089 2595 1310 2639 Thebanos,
1332 2606 1379 2631 an
1401 2607 1422 2630 a
1444 2593 1618 2644 Philippo
1637 2605 1705 2630 vos

254 2662 358 2699 bello
379 2659 612 2710 superatos?
642 2658 827 2708 Equidem
850 2664 1090 2707 compertum
1111 2656 1234 2693 habeo
1263 2669 1285 2693 a
1311 2654 1579 2692 Phocensibus
1602 2653 1706 2690 The-

256 2725 392 2761 banos.
430 2721 631 2759 Tenebant
656 2720 756 2756 enim
778 2719 828 2755 illi
845 2718 1150 2763 Orchomenum,
1166 2724 1204 2754 et
1220 2717 1451 2760 Coroneam,
1469 2722 1508 2752 et
1528 2713 1706 2764 Tilphos-

259 2797 390 2827 saeum,
417 2790 456 2820 et
481 2795 586 2829 suos,
617 2782 680 2831 qui
714 2780 900 2817 Noctibus
940 2780 1102 2824 fucrant,
1139 2784 1376 2829 receperant,
1400 2783 1439 2814 et
1465 2775 1709 2826 septuaginta

257 2853 297 2884 et
328 2845 516 2883 ducentos
551 2843 774 2882 occiderant
809 2841 856 2880 ad
884 2841 1115 2893 Hedyleum,
1143 2848 1180 2879 et
1212 2848 1399 2891 tropaeum
1428 2845 1637 2883 erexerant,
1670 2844 1709 2875 et
