1923 3149
546 151 763 197 (ONTRA
799 151 1227 189 ANDROTIONEM.
1533 150 1603 186 5561

153 265 230 290 rem
265 252 454 290 abductus
481 253 606 297 fucrit,
636 253 734 291 diem
761 252 863 305 apud
885 253 1067 291 arbitrum
1095 255 1169 292 ‹lici
1201 254 1396 292 licuisset:
1429 254 1484 290 sin
1508 252 1609 303 apud

155 314 336 352 arbitrum
357 327 444 352 reus
464 315 591 359 suerit,
607 315 646 352 in
674 328 866 353 carcerem
895 314 1030 353 fuisset
1055 316 1322 361 abducendus,
1340 323 1383 353 ut
1409 321 1611 353 accusator

154 375 256 413 mille
277 376 471 414 drachmis
484 376 776 426 periclitaretur,
796 375 957 413 ridicula
976 388 1035 414 res
1055 374 1122 413 illa
1139 375 1313 427 profecto
1332 376 1459 414 fuerit.
1510 375 1611 413 Nam

154 437 217 487 qui
234 437 379 488 aliquid
400 451 476 475 non
497 438 601 483 fecit,
623 438 658 476 ei
683 451 760 476 non
791 436 840 475 de
864 437 1134 488 formajudicii
1153 443 1214 475 est
1233 437 1521 488 disputandum,
1542 436 1612 474 sed

153 499 347 536 insontem
368 513 455 538 esse
477 513 532 546 se,
547 499 845 538 ostendendum.
902 498 1048 537 Eodem
1071 498 1187 537 modo
1209 505 1247 536 et
1266 505 1322 544 tu,
1338 498 1542 543 Androtio‚
1564 511 1611 536 ne

152 567 356 611 propterea
382 561 474 598 dare
505 573 639 611 poenas
667 566 862 609 recusam,
897 559 927 598 si
961 560 1166 611 prostituta
1197 557 1384 610 pudicitia
1415 558 1613 595 decretum

152 621 263 666 facis,
284 621 387 671 quod
408 621 517 658 nobis
539 627 578 658 et
597 621 702 672 apud
729 622 897 660 sexviros
931 622 970 659 in
1003 628 1039 659 te
1065 621 1182 659 datur
1201 620 1328 658 actio:
1358 620 1427 658 sed
1449 626 1516 657 aut
1535 632 1611 656 non

154 681 293 719 fecisse
318 689 354 719 te
375 681 552 730 ostende,
572 688 638 719 aut
665 694 798 732 poenas
820 683 883 729 da,
916 682 980 734 qui
1009 683 1179 720 moribus
1210 681 1294 719 istis
1316 680 1462 731 aliquid
1480 679 1612 717 deere-

151 743 262 781 veris.
321 743 456 794 Neque
476 743 577 781 enim
597 744 664 782 tibi
685 744 742 781 fas
764 753 834 784 est.
893 745 1009 789 Quod
1029 744 1059 782 si
1080 752 1118 782 te
1139 757 1216 781 non
1242 743 1286 782 iis
1315 742 1507 788 omnibus,
1528 754 1613 792 quae

150 805 304 855 legibus
320 805 598 851 conceduntur,
615 806 828 845 rationibus
848 807 1083 853 ulciscimur,
1105 806 1268 858 gratiam
1284 806 1426 843 habeto
1441 799 1550 842 nobis
1567 804 1616 841 de

150 868 194 905 iis
213 880 309 918 quas
328 868 666 919 praetermittimuS,
686 882 763 907 non
789 875 992 921 propterea
1021 876 1058 906 te
1088 881 1247 920 prorsus
1267 867 1458 905 insontem
1483 865 1614 904 haberi

151 929 361 980 postulato.

207 993 243 1028 9.
276 990 415 1042 Operae
437 991 602 1042 pretium
627 1005 741 1043 porro
764 999 836 1037 est,
856 992 1125 1037 Athenienses,
1147 990 1350 1042 diligenter
1366 990 1556 1040 inquirere
1576 998 1616 1027 et

153 1059 342 1103 spectare,
358 1059 512 1103 quantae
532 1066 636 1091 curae
657 1053 792 1092 Soloni
810 1054 938 1100 fuerit,
951 1053 1066 1105 hujus
1081 1053 1179 1104 legis
1199 1051 1360 1097 auctori,
1382 1052 1420 1089 in
1437 1051 1615 1089 omnibus

152 1127 248 1165 quas
264 1115 394 1152 sanxit
413 1114 579 1165 legibus,
601 1115 801 1166 Respub.;
843 1122 882 1153 et
901 1122 1047 1166 quanto
1067 1115 1115 1153 de
1134 1115 1223 1162 hac,
1238 1127 1353 1165 quarn
1373 1113 1419 1150 iis
1441 1113 1490 1151 de
1504 1113 1629 1150 rebus·

151 1189 238 1226 quae
253 1175 405 1225 legibus
421 1176 679 1223 eontinentur,
699 1177 823 1228 magis
844 1177 1031 1215 sollicitus
1050 1176 1176 1214 fuerit.
1224 1175 1342 1218 Quod
1360 1188 1447 1213 cum
1464 1188 1512 1212 ex
1531 1173 1616 1212 aliis

151 1237 283 1274 multis
304 1236 453 1287 legibus
474 1238 719 1288 prospicitur,
735 1246 816 1275 tum
835 1251 926 1276 vero
946 1251 994 1276 ex
1007 1238 1095 1284 hac,
1116 1251 1194 1288 qua
1211 1244 1329 1283 vetat,
1363 1250 1419 1274 ne
1460 1236 1497 1273 ii
1525 1250 1550 1287 q
1564 1249 1586 1272 u
1603 1235 1615 1272 i

153 1311 204 1336 se
233 1298 640 1349 prostituerunt
668 1299 716 1335 in
745 1300 963 1350 publico
994 1299 1079 1337 vel
1109 1299 1294 1337 dicant
1321 1298 1406 1336 vel
1443 1297 1615 1336 decer-

151 1373 175 1396 n
191 1373 212 1398 a
226 1373 250 1396 n
264 1366 292 1397 t.
351 1359 452 1396 Illud
472 1359 572 1396 enim
588 1359 757 1405 videbat,
778 1374 866 1398 cum
887 1360 1016 1398 multis
1035 1373 1055 1398 e
1075 1360 1220 1411 populo
1240 1358 1367 1398 dicere
1386 1359 1530 1406 liceret,
1548 1372 1615 1398 eos

150 1426 280 1460 tamen
301 1434 378 1458 non
395 1420 535 1458 dicere.
594 1422 725 1463 Quare
757 1422 798 1459 id
828 1435 944 1472 grave
973 1435 1051 1460 non
1084 1422 1265 1460 ducebat.
1320 1421 1475 1472 Alioqui
1494 1421 1617 1460 multa

149 1482 352 1533 potuisset,
374 1482 403 1519 si
437 1481 571 1532 punire
601 1482 786 1520 voluisset
818 1483 927 1528 istos,
957 1483 1134 1533 graviora
1163 1484 1413 1521 constituere.
1471 1482 1617 1520 Verum

151 1557 227 1581 non
255 1542 329 1580 hoc
358 1542 391 1580 ei
410 1542 484 1580 fuit
499 1544 761 1594 propositum:
795 1544 865 1581 sed
884 1543 970 1581 haec
990 1550 1145 1595 propter
1176 1557 1246 1582 vos
1267 1550 1306 1581 et
1337 1544 1616 1594 rempublicam

151 1604 362 1642 interdixit.
395 1603 518 1642 Norat
529 1605 644 1652 enim,
661 1612 775 1643 norat
791 1605 994 1657 flagitiosae
1013 1605 1100 1643 vitae
1119 1605 1339 1643 hominibus
1360 1618 1444 1643 eam
1461 1619 1615 1657 rempu-

150 1668 290 1705 blicam
311 1679 398 1705 esse
419 1660 747 1715 adversissimam,
765 1667 805 1705 in
825 1681 901 1718 qua
920 1667 1096 1706 omnibus
1125 1668 1295 1719 proferre
1316 1669 1457 1719 probra
1482 1681 1616 1706 eorum

151 1729 293 1767 liceret.
355 1729 415 1766 Ea
432 1742 523 1767 vero
542 1743 629 1780 quae
658 1730 747 1768 est?
777 1730 994 1781 Popularis.
1053 1730 1142 1768 Non
1173 1730 1290 1780 igitur
1308 1737 1432 1767 tutum
1452 1730 1615 1781 putavit,

151 1791 182 1829 si
199 1790 356 1842 quando
366 1790 584 1836 accidisset,
601 1798 645 1829 ut
658 1791 791 1830 iisdem
805 1792 1043 1843 temporibus
1059 1791 1169 1829 multi
1182 1791 1413 1829 exsisterent
1423 1790 1615 1838 homines,

151 1865 238 1890 cum
259 1853 485 1903 eloquentes
512 1858 551 1890 et
579 1853 835 1903 confidentes,
855 1861 934 1890 tum
956 1853 1099 1891 talibus
1119 1853 1268 1904 probris
1288 1859 1327 1891 et
1344 1853 1454 1891 malis
1474 1854 1617 1891 referti.

153 1914 253 1952 Fieri
274 1914 376 1951 enim
401 1926 530 1964 posse,
551 1920 594 1951 ut
613 1914 764 1953 illorum
785 1915 955 1966 impulsu
976 1914 1142 1966 populus
1163 1914 1327 1952 multum
1347 1915 1615 1965 delinqueret:

152 1984 268 2027 atque
290 1975 388 2014 adeo
404 1982 472 2013 aut
491 1976 561 2026 ipsi
580 1977 808 2027 popularem
828 1978 1016 2028 abrogare
1036 1977 1193 2015 omnino
1206 1983 1349 2014 statum
1367 1983 1615 2023 conarentur,

151 2051 292 2075 -nam
314 2037 354 2074 in
375 2037 611 2087 oligarchiis,
633 2038 705 2076 etsi
725 2039 842 2089 aliqui
856 2040 981 2077 multo
1001 2039 1231 2090 flagitiosius
1251 2038 1491 2076 Androtione
1511 2039 1616 2077 vixe-

150 2101 240 2147 rint,
261 2099 552 2149 magistratibus
572 2099 806 2137 maledicere
826 2113 905 2137 non
925 2100 1083 2145 licet-,
1103 2106 1172 2137 aut
1191 2099 1241 2137 ad
1264 2112 1454 2138 summam
1472 2099 1615 2150 impro-

148 2163 311 2200 bitatem
336 2161 582 2211 impellerent
610 2161 812 2212 populum,
845 2169 889 2199 ut
913 2162 1085 2213 ipsorum
1115 2166 1222 2198 esset
1248 2172 1365 2211 quam
1386 2160 1615 2200 simillimus.

151 2225 318 2262 Prorsus
337 2223 451 2273 igitur
471 2221 574 2259 istud
594 2222 794 2260 hominum
814 2235 934 2273 genus
955 2235 978 2261 a
996 2222 1168 2261 consiliis
1197 2222 1376 2269 exclusit,
1396 2229 1439 2260 ut
1468 2236 1517 2260 ne
1544 2236 1614 2274 po-

147 2286 265 2338 pulus
281 2285 328 2322 ab
343 2284 398 2321 eis
419 2283 605 2334 deceptus
625 2284 880 2334 delinqueret.
938 2284 1086 2328 Quibus
1101 2285 1227 2322 bonus
1242 2283 1316 2322 iste
1336 2284 1392 2321 vir
1410 2284 1617 2335 neglectis,

150 2348 222 2386 sibi
242 2359 319 2384 non
338 2352 488 2383 tantum
507 2345 714 2383 dicendum
735 2352 774 2383 et
803 2346 1095 2384 decernendum
1125 2358 1211 2384 esse
1241 2345 1408 2393 censuit,
1426 2358 1515 2384 cum
1534 2359 1612 2385 non

95 2447 101 2453 ,
150 2400 301 2453 liceret,
324 2406 394 2444 sed
415 2413 454 2445 et
473 2414 610 2445 contra
628 2407 734 2458 leges
755 2421 802 2446 ea
816 2420 900 2446 esse
920 2408 1116 2446 facienda.

208 2471 268 2507 10.
297 2469 386 2507 Jarn
406 2469 510 2519 quod
532 2469 579 2506 ad
608 2482 692 2507 eam
711 2470 839 2520 legem
872 2469 1023 2514 attinet,
1044 2483 1134 2521 qua,
1158 2469 1263 2520 quod
1291 2475 1401 2520 pater
1429 2470 1511 2522 ejus
1539 2470 1613 2508 fuit

150 2531 320 2577 aerarius,
337 2537 376 2568 et
391 2530 576 2568 mulctam
593 2531 814 2582 reipublicae
829 2544 907 2569 non
923 2531 1049 2577 solvit,
1065 2531 1130 2569 isti
1149 2545 1222 2569 nec
1236 2530 1382 2569 habere
1402 2531 1611 2569 conciones

149 2605 221 2631 nec
239 2592 367 2629 facere
384 2591 540 2628 decreta
557 2590 662 2642 licet,
683 2592 738 2630 sic
764 2593 798 2630 ei
824 2592 1060 2645 respondere
1078 2592 1270 2644 poteritis,
1296 2592 1328 2630 si
1348 2591 1451 2629 dicet
1470 2604 1611 2629 nomen

149 2667 263 2693 suum
283 2653 434 2691 anobis
455 2652 576 2690 fuisse
595 2653 859 2692 deferendum.
904 2655 1004 2691 Tum
1037 2667 1108 2692 nos
1135 2655 1175 2692 id
1201 2667 1288 2692 esse
1317 2654 1500 2698 facturos,
1530 2665 1610 2691 non

149 2714 371 2755 mehercule
397 2726 514 2760 nunc,
540 2727 628 2752 cum
658 2715 692 2752 ei
714 2716 875 2754 aliorum
895 2717 993 2754 ratio
1012 2716 1212 2754 reddenda
1231 2716 1315 2760 erit,
1337 2721 1375 2751 et
1395 2727 1482 2752 cum
1502 2714 1541 2751 id
1561 2728 1609 2753 ex

147 2779 235 2829 lege
267 2775 494 2819 conveniet3
525 2782 640 2826 atque
673 2777 771 2815 adeo
803 2791 905 2816 nunc
941 2778 1194 2824 ostendimus,
1225 2790 1297 2814 nec
1328 2789 1375 2814 ea
1406 2788 1492 2826 quae
1525 2777 1609 2815 aliis

147 2841 278 2882 licent,
301 2837 491 2888 permissu
507 2837 603 2887 legis
621 2837 689 2875 tibi
704 2837 817 2877 licere
832 2839 1052 2881 decernere.
1104 2840 1191 2877 Aut·
1201 2839 1315 2890 igitur
1335 2843 1483 2888 patrem
1497 2843 1608 2876 tuum

151 2914 230 2938 non
248 2899 368 2937 fuisse
389 2898 579 2941 aerarium,
599 2898 637 2937 id
653 2901 860 2947 ostendito,
880 2907 948 2940 aut
963 2914 984 2940 e
1003 2913 1158 2940 carcere
1185 2913 1264 2939 non
1283 2899 1517 2951 profugisse,
1537 2900 1606 2939 sed

845 2963 868 2998 3
888 2976 909 2998 A
