1923 3149
685 170 1099 211 ARGUMENTUM.
1578 176 1630 211 53

177 274 398 320 Philippum,
425 274 649 318 invitumque
679 273 803 307 fecisse
830 276 870 306 ut
896 272 1078 306 Thebanis
1103 271 1250 306 faveret.
1308 273 1508 319 Utramque
1537 275 1630 310 hanc

178 330 419 374 objectionem
436 330 539 373 plane
556 332 592 362 et
607 328 744 372 liquide
763 328 890 361 refellit
906 327 1179 360 Demosthenes.

227 388 277 418 3⁰.
304 384 407 418 Idem
430 384 616 417 contendit
631 382 860 415 Macedoniae
874 391 993 423 regem
1011 384 1048 415 et
1072 381 1189 424 reipsa
1209 391 1315 423 agere
1331 384 1368 415 et
1383 393 1488 425 agere
1502 384 1633 418 debere

180 443 304 472 contra
316 449 416 472 suam
434 437 706 481 rempublicam,
723 436 819 480 quod
837 447 884 469 ex
903 436 988 480 ipsis
1008 436 1128 479 rebus,
1146 447 1194 470 ex
1212 435 1334 470 animo
1354 439 1449 481 regis
1467 443 1503 472 et
1520 439 1633 474 Athe-

180 493 371 533 niensium,
388 493 574 526 evidenter
590 491 823 525 demonstrat.

227 550 278 582 4⁰.
304 548 461 581 Probare
479 545 685 589 aggreditur
702 545 752 577 ita
771 546 896 578 natura
907 555 983 578 esse
995 547 1241 589 comparatum
1257 547 1296 578 ut
1307 545 1506 590 Philippus,
1524 551 1633 592 atque

181 600 273 634 adeo
291 602 431 645 tyranni
454 604 490 634 et
513 610 614 642 reges
639 599 779 643 populis
796 599 914 632 liberis
939 598 1163 633 insidientur.
1214 599 1341 633 Refert
1357 600 1478 644 itaque
1494 606 1633 645 partem

181 656 338 700 aliquam
356 653 526 689 orationis
544 654 589 687 ad
605 653 808 687 Messenios
824 653 943 693 dictae,
960 654 996 686 iu
1014 664 1088 697 qua
1104 653 1140 687 id
1158 654 1336 698 exemplis
1352 658 1389 687 et
1415 658 1634 699 argumentis

180 711 395 744 multacum
413 709 639 742 vehementia
663 707 909 748 confirmabat,
936 707 1077 752 hocque
1101 708 1254 743 absolvit
1278 708 1455 743 hortando
1483 722 1567 745 suos
1593 715 1636 746 ut

179 764 311 797 rectius
325 766 434 807 agant
446 773 553 807 quam
574 762 748 795 Messenii
767 764 803 795 et
819 762 1124 806 Peloponnenses.

224 820 275 851 5⁰.
302 818 434 852 'rotam
453 816 639 850 concludit
656 817 853 848 orationem
872 816 1091 859 postulando
1119 817 1161 849 ut
1186 815 1222 848 in
1248 817 1311 859 jus
1342 820 1513 852 vocentur
1539 819 1637 853 cives

181 872 341 916 pessimi,
358 883 399 906 ac
418 872 616 915 praesertim
637 871 840 911 AEscliines‚
855 869 890 902 in
908 881 1017 913 quem
1033 871 1217 914 praecipue
1233 870 1399 914 intendit,
1415 872 1477 917 qui
1502 875 1643 918 magni-

181 927 269 968 ficis,
285 931 323 960 at
339 926 453 967 vanis,
472 926 589 959 allatis
602 936 620 958 a
646 924 815 968 Philippo
831 924 1014 967 promissis
1031 924 1215 958 civitatem
1234 935 1335 959 suam
1351 925 1587 971 deceperunt,
1604 934 1642 964 et

179 990 224 1014 eo
243 980 472 1015 adduxerunt
486 984 526 1014 ut
539 990 664 1024 pacem
683 979 825 1012 faceret.
876 978 920 1011 In
943 988 1003 1011 eos
1020 981 1190 1022 tanquam
1211 979 1425 1022 perniciosae
1452 983 1553 1025 pacis
1575 994 1640 1017 au-

181 1037 297 1068 ctores
310 1035 500 1076 invehitur,
517 1034 677 1078 dicitque
695 1044 768 1077 quo
786 1032 906 1065 animo
922 1031 1018 1076 ipsos
1033 1033 1120 1067 velit
1143 1031 1181 1066 in
1203 1032 1266 1076 jus
1295 1034 1414 1068 vocari
1442 1038 1479 1069 et
1507 1048 1637 1081 poenas

182 1088 267 1123 dare
284 1089 436 1123 debitas.

229 1142 340 1177 Dicta
356 1147 410 1177 est
424 1143 504 1177 haec
518 1143 630 1177 oratio
642 1153 735 1176 anno
750 1142 864 1186 primo
876 1140 1089 1185 olympiadis
1103 1151 1180 1184 cxx,
1194 1142 1262 1177 sub
1276 1143 1446 1178 archonte
1459 1145 1628 1190 Lycisco.

671 1401 1141 1446 ARGUMENTUM

470 1508 928 1558 PHILIPPICAE
970 1510 1351 1558 SECUNDAE

891 1619 941 1644 EX

723 1697 759 1738 T
772 1697 811 1739 O
825 1697 865 1738 U
873 1697 913 1738 R
924 1697 961 1739 E
974 1697 1006 1738 L
1018 1698 1080 1739 LI
1092 1697 1149 1740 O.

229 1802 298 1838 DI
297 1803 369 1838 ΟΝ
372 1802 461 1837 YSI
461 1802 525 1837 US
537 1793 830 1840 Halicarnasseus
842 1812 873 1839 et
885 1805 1063 1839 Diodorus
1073 1803 1212 1838 Siculus
1221 1802 1319 1850 (quos
1333 1803 1370 1838 in
1380 1816 1419 1838 re
1426 1803 1643 1851 chronologi-

179 1870 219 1893 ca
228 1859 351 1892 ducese
361 1865 539 1902 conspectu
549 1870 723 1904 nunquam
736 1860 886 1903 dimitto)
897 1865 1067 1894 testantur
1077 1859 1342 1893 Demosthenem
1352 1858 1439 1893 hanc
1452 1859 1642 1893 orationem

180 1912 347 1953 habuisse,
366 1913 542 1947 Archonte
560 1914 719 1959 Lycisco,
735 1926 823 1948 anno
842 1914 1062 1961 Olympiadis
1080 1914 1269 1948 centesimae
1285 1925 1380 1948 nonoe
1392 1914 1522 1959 prim0,
1539 1915 1642 1961 regni

184 1967 346 2013 Philippi
361 1968 487 2001 decimo
501 1968 641 2013 septimo
653 1982 665 2007 ,·
688 1976 763 2014 post
780 1969 969 2003 orationem
981 1970 1022 2003 de
1039 1969 1147 2010 Pace,
1164 1968 1312 2002 biennio.
1339 1969 1477 2003 Narrat
1502 1969 1640 2016 Diony—

181 2022 253 2057 sius
277 2022 461 2056 Oratorem
482 2030 684 2068 suggestum
710 2024 939 2058 conscendisse
956 2030 1106 2069 propter
1129 2023 1335 2068 legationem
1359 2035 1380 2056 a
1398 2023 1640 2069 Peloponneso

182 2077 332 2119 missam,
347 2078 406 2111 ubi
417 2090 472 2111 res
483 2084 562 2111 tunc
575 2078 739 2123 temporis
751 2079 934 2112 admodum
946 2077 1094 2112 turbata>
1109 2084 1220 2111 erant.
1250 2078 1503 2112 Lacedoemonii
1516 2079 1642 2124 quippe

181 2131 275 2166 nullo
282 2132 381 2177 jure,
397 2132 526 2166 viribus
543 2139 676 2166 tantum
681 2132 787 2177 freti,
802 2133 1041 2178 principatum
1057 2139 1323 2178 occupaverant:
1349 2133 1442 2177 quod
1459 2133 1592 2177 Argivi
1609 2140 1641 2167 et

183 2187 355 2221 Messenii
371 2187 462 2221 haud
472 2200 566 2233 oequo
584 2187 698 2221 animo
702 2187 873 2233 ferentes,
895 2189 942 2222 ad
956 2187 1164 2233 Philippum
1184 2188 1307 2234 confug
1316 2195 1429 2222 erunt.
1480 2187 1548 2222 Ille
1565 2201 1642 2222 cum

183 2241 451 2275 Atheniensibus
466 2242 563 2275 modo
577 2253 698 2287 pacem
716 2243 918 2288 pepigerat:
942 2254 1026 2288 quos
1046 2243 1092 2276 ad
1114 2255 1187 2276 eam
1212 2243 1457 2276 concedendam
1473 2242 1641 2287 impulere

179 2296 439 2342 pollicitationes
459 2303 636 2331 oratorum
656 2299 883 2341 quorundam,
906 2298 966 2343 qui
982 2309 1056 2331 cum
1071 2297 1276 2343 legationem
1298 2297 1336 2330 in
1360 2297 1567 2331 Macedonia
1584 2298 1643 2332 ob-

181 2351 284 2390 irent,
299 2351 411 2396 ibique
424 2363 457 2385 se
473 2363 493 2385 a
507 2363 590 2397 rege
606 2353 803 2387 muneribus
817 2353 992 2399 corrumpi
1007 2354 1101 2397 passi
1107 2353 1266 2398 fuerint,
1282 2354 1416 2387 demum
1439 2354 1569 2387 reversi
1588 2354 1642 2388 di-

183 2405 347 2440 ctitabant
363 2406 496 2450 palam,
521 2408 568 2441 ad
582 2406 644 2441 hoc
659 2407 850 2449 subornati,
867 2420 944 2442 eum
968 2407 1139 2442 Thebanis
1156 2408 1344 2442 amicitiam
1370 2408 1573 2443 hauddubie
1588 2422 1643 2443 re-

185 2460 442 2495 nuntiaturum.
492 2462 731 2505 Athenienses,
750 2463 797 2497 ad
816 2463 854 2497 id
868 2464 961 2509 quod
976 2463 1150 2509 cupiebant
1164 2463 1341 2509 proclives,
1359 2463 1437 2498 huic
1449 2471 1549 2510 atque
1564 2464 1645 2499 aliis

183 2515 379 2549 rumoribus
389 2516 536 2561 perinde
549 2517 676 2561 ¹oratis,
692 2518 753 2552 sed
767 2525 799 2553 et
808 2517 920 2564 falsis
932 2530 1073 2564 quoque,
1080 2519 1194 2563 fidem
1215 2518 1411 2553 adhibuere.
1438 2519 1643 2566 Philippus,

184 2568 249 2602 hac
274 2575 467 2614 opportuna
490 2571 692 2606 credulitate
714 2584 806 2613 usus,
832 2572 944 2618 Pylas
967 2574 1156 2618 occupavit,
1184 2572 1382 2608 Phocenses
1412 2572 1543 2616 devicit,
1565 2581 1597 2608 et
1620 2587 1642 2608 a

185 2622 354 2657 Thebanis
371 2623 483 2657 animo
498 2626 581 2659 adeo
596 2637 665 2659 non
681 2625 792 2660 alieno
798 2625 890 2672 fuit,
908 2627 1100 2672 utsructus
1115 2627 1218 2661 etiam
1233 2628 1383 2661 victoriae
1401 2628 1537 2661 cumliis
1553 2640 1643 2661 com-

185 2677 381 2712 municavit.
431 2679 485 2711 Hz'
500 2679 646 2714 vicissim
662 2680 821 2724 efficiunt,
837 2688 876 2716 ut
892 2681 982 2716 inter
1000 2682 1270 2728 Amphictyonas
1288 2682 1477 2728 referatur.
1514 2682 1562 2715 In
1578 2683 1641 2717 hoc

183 2731 325 2766 concilio
341 2732 454 2766 omnia
471 2733 625 2780 deinceps
637 2741 725 2769 nutu
737 2735 812 2780 ejus
824 2742 924 2781 atque
940 2736 1088 2770 arbitrio
1101 2736 1343 2771 administrari
1355 2742 1538 2781 caeperunt.
1573 2736 1643 2771 Ille

182 2799 274 2828 vero,
295 2787 587 2833 Amphictyonum
603 2790 807 2824 auctoritate
822 2790 1038 2836 interposita,
1058 2791 1203 2825 Grceciae
1219 2792 1371 2825 civitates
1385 2790 1503 2836 plures
1515 2802 1583 2836 pro
1600 2791 1641 2825 li—

183 2841 257 2875 bitu
270 2842 449 2888 oppressit,
466 2849 567 2887 atque
580 2843 733 2878 omnibus
749 2844 823 2891 ejus
839 2846 1081 2880 controversiis
1098 2845 1190 2879 brevi
1205 2857 1240 2879 se
1255 2845 1451 2880 immiscuit.
1482 2844 1641 2881 Thebani

185 2895 318 2931 aditum
334 2896 365 2931 ei
377 2908 546 2943 aperuere
562 2896 602 2931 in
615 2897 917 2943 Peloponnesum;
941 2900 999 2935 ubi
1018 2900 1210 2935 simultates
1225 2906 1374 2943 vetustae,
1398 2911 1473 2945 quae
1495 2901 1540 2936 iis
1562 2913 1641 2936 cum
