1923 3149
682 160 1095 200 ARGUMENTUM.
1567 167 1618 203 85

157 264 318 297 firmatur
335 264 517 307 exemplo,
538 273 652 308 poena
669 264 907 298 mulctaretur
921 263 1152 298 acerbissima
1168 263 1333 309 quisquis
1352 266 1501 300 Graecos
1518 267 1622 301 donis

158 328 388 362 corrumpere
406 321 620 353 tentaverat.
670 318 784 352 Hunc
810 318 932 352 locum
951 317 1106 352 absolvit
1123 318 1264 352 tabulas
1286 320 1472 355 recitando
1489 321 1526 355 in
1542 322 1623 367 qui-

157 372 222 406 bus
238 384 282 407 ea
296 373 456 418 explicat
473 385 556 419 quae
575 374 673 408 sactu
688 375 773 407 sunt
786 372 892 407 utilia
908 373 953 407 ad
969 383 1024 406 res
1042 373 1300 408 emendandas.

202 429 254 462 5⁰.
281 427 429 462 Refellit
445 429 688 473 objectionem
709 438 834 461 eorum
857 428 919 472 qui
939 427 1110 461 dicebant
1137 427 1346 472 Philippum
1364 430 1525 464 nondum
1543 441 1622 465 essc

156 481 265 515 talem
281 484 405 526 quales
422 483 618 527 aliquando
635 482 779 516 fuerunt
800 481 1082 524 Lacedaemonii,
1097 483 1228 527 quibus
1251 486 1374 518 tamen
1390 486 1520 519 restitit
1537 487 1625 521 civi-

154 538 211 570 tas
224 537 474 572 Atheniensis:
494 538 652 571 ostendit
665 547 763 572 nunc
775 537 879 571 valde
891 539 1067 571 mutatam
1083 548 1160 572 esse
1176 539 1258 572 belli
1271 541 1418 583 gerendi
1433 542 1623 584 rationem,

157 592 354 635 simplicem
373 592 459 626 olim
474 592 594 633 fuisse,
610 591 849 636 multiplicem
868 602 946 625 esse
964 602 1061 625 nunc
1079 595 1116 626 et
1129 592 1306 634 dolosanu
1326 594 1535 639 Philippum
1546 606 1624 628 om-

153 647 213 680 nia
231 648 340 681 ferme
357 658 461 692 agere
479 658 542 691 per
558 646 758 691 proditores
775 650 812 680 et
829 648 941 688 dolos,
959 657 1002 681 ac
1019 647 1168 691 proinde
1185 647 1429 683 Athenienses
1451 649 1582 685 debere
1600 662 1622 685 a

155 702 247 736 dolis
270 702 365 736 illius
389 703 507 736 multo
535 706 620 737 ante
641 712 859 747 praecavere,
876 702 1152 747 praesertimque
1179 713 1253 737 non
1278 705 1481 738 auscultare
1506 705 1626 750 prodi-

154 758 304 792 toribus.

202 815 250 847 6⁰.
278 812 403 845 Refert
419 812 593 856 exempla
619 811 775 856 plurium
794 811 1013 855 populorum
1031 812 1094 856 qui
1110 823 1255 856 pessum
1280 812 1412 854 ierunt,
1431 814 1518 848 dum
1538 814 1622 849 Phi-

153 867 241 912 lippi
259 867 457 901 fautoribus
474 868 588 910 magis
605 877 714 911 quam
732 867 888 911 publicae
907 867 1072 901 utilitatis
1089 867 1338 902 defensoribus
1356 870 1620 911 auscultarunt,

156 933 377 967 causamque
395 922 519 966 adjicit
537 933 600 955 cur
615 922 739 966 populi
756 921 825 955 illis
840 921 959 966 potius
976 933 1084 966 quam
1102 921 1155 955 his
1170 923 1342 957 faverint:
1362 923 1524 958 hortatur
1538 935 1622 958 suos

151 977 248 1011 cives
261 981 302 1011 ut
312 980 514 1011 ceterorum
527 978 695 1021 exemplo
708 976 833 1011 moniti
849 977 1048 1021 sapientius
1060 981 1182 1021 agant,
1192 988 1260 1012 nec
1272 981 1489 1023 exspectent
1503 981 1620 1014 donec

158 1042 223 1065 suo
240 1032 306 1076 ipsi
326 1033 439 1065 exitio
457 1032 671 1066 doceantur.

200 1091 250 1122 7⁰.
269 1088 400 1121 Totam
415 1087 599 1121 concludit
613 1087 812 1120 orationem
822 1087 1038 1131 exponendo
1047 1087 1132 1131 quid
1144 1088 1426 1123 Atheniensibus
1440 1090 1621 1134 agendum

153 1142 199 1176 sit
217 1145 325 1175 utres
341 1142 602 1176 emendentur:
629 1142 769 1176 scilicet
786 1143 920 1176 debent
937 1144 1058 1176 omnia
1076 1144 1121 1177 ad
1136 1144 1269 1178 bellum
1285 1147 1483 1188 gerendum
1498 1158 1622 1181 neees-

152 1197 245 1230 saria
262 1196 329 1240 ipsi
341 1196 499 1240 primum
517 1206 654 1241 parare,
671 1196 876 1241 deindeque
894 1197 1044 1230 Graecos
1061 1198 1237 1231 excitare.
1289 1199 1427 1233 Invitat
1444 1200 1489 1233 ad
1501 1201 1624 1234 dicen-

151 1252 241 1285 dum
259 1252 286 1284 si
303 1251 385 1296 quis
396 1251 506 1285 habet
519 1250 657 1296 aliquid
673 1251 816 1294 melius,
834 1253 1008 1296 optatque
1021 1255 1063 1285 ut
1079 1252 1125 1286 sit
1139 1263 1186 1286 ex
1204 1264 1273 1287 usu
1289 1254 1500 1299 reipublieae
1514 1256 1622 1300 quid-

152 1307 239 1351 quid
260 1307 450 1352 probatum
465 1308 583 1341 fuerit.

199 1362 312 1396 Dicta
338 1365 394 1397 est
420 1362 499 1396 haec
527 1362 655 1396 Oratio
672 1361 802 1396 eodem
825 1373 920 1396 anno
947 1373 1020 1408 quo
1036 1374 1080 1397 ca
1104 1375 1188 1408 quae
1204 1366 1404 1410 praecessit,
1422 1365 1446 1400 i.
1465 1378 1497 1401 e.
1515 1367 1621 1402 tertio

153 1427 248 1452 anno
263 1416 491 1463 Olympiadis
509 1426 589 1460 cix,
604 1416 671 1450 sub
688 1417 875 1452 Archonte
894 1417 1080 1462 Sosigene.

642 1717 1115 1788 ARGUMENTUM

431 1838 537 1887 AD
588 1837 1176 1889 PHILIPPICAM
1231 1841 1304 1888 III

864 1967 910 1988 Ex

670 2046 1092 2090 TOURELLIO.

208 2151 360 2188 HANG
372 2153 576 2197 orationem,
593 2154 708 2189 eodem
724 2167 791 2200 quo
806 2155 1059 2201 praecedentem
1075 2164 1180 2196 anne,
1211 2152 1330 2188 habuit
1357 2154 1621 2191 Demosthenes.

152 2208 317 2255 Philippi
329 2209 367 2242 in
381 2209 534 2243 Thracia
556 2209 722 2252 victoriae,
737 2216 771 2244 et
786 2209 971 2254 imperium
988 2208 1087 2242 novis
1101 2207 1330 2250 societatibus,
1346 2220 1431 2254 quas
1447 2209 1506 2243 ille
1505 2211 1622 2256 jiule—

151 2275 231 2298 rum
247 2263 377 2309 artifex
390 2264 534 2298 diversis
551 2263 588 2297 in
602 2262 682 2297 locis
697 2263 762 2297 sihi
777 2263 994 2305 conciliarat,
1008 2262 1150 2297 subinde
1163 2263 1348 2304 munitum,
1365 2263 1418 2297 nil
1432 2264 1500 2298 nisi
1511 2263 1621 2310 fune-

151 2324 242 2353 stum
256 2318 405 2353 Athenis
417 2318 680 2364 portendebant.
718 2318 854 2352 Orator
865 2318 979 2363 itaque
995 2318 1077 2352 totis
1099 2317 1230 2351 viribus
1245 2316 1309 2360 (ut
1324 2317 1433 2363 solet)
1445 2318 1482 2352 in
1495 2319 1621 2354 civium

151 2373 329 2408 mollitiem
344 2373 537 2407 invehitur:
561 2372 746 2407 crescentis
755 2373 864 2406 indies
874 2372 1024 2418 periculi
1040 2380 1209 2407 terrorem
1226 2372 1368 2407 incutit:
1385 2372 1475 2407 tollit
1485 2374 1622 2409 inanem

153 2429 194 2462 de
214 2429 350 2477 foedere
371 2428 529 2462 violando
546 2427 802 2468 dubitationem,
819 2427 861 2462 ab
877 2428 1022 2473 ignavia
1043 2428 1159 2461 verius
1188 2439 1293 2472 quam
1307 2427 1462 2473 justitiae
1484 2430 1620 2464 ratione

152 2489 284 2517 ortam:
307 2495 383 2518 eum
398 2483 437 2517 id
444 2483 578 2529 foedus,
596 2495 676 2524 non,
690 2490 729 2517 ut
746 2495 818 2528 par
838 2490 936 2524 esset,
948 2484 1112 2529 utrinque
1126 2483 1368 2529 obstringeret,
1386 2485 1448 2518 sed
1461 2497 1517 2518 eos
1532 2485 1621 2519 solos

152 2544 296 2573 teneret.
345 2538 442 2572 Hine
457 2550 671 2585 summopere
681 2538 911 2573 necessarium
927 2549 996 2573 esse
1013 2538 1174 2580 ostendit,
1192 2550 1228 2572 se
1239 2538 1330 2572 tueri
1341 2545 1462 2574 eontra
1479 2539 1620 2581 hostem,

151 2592 188 2626 in
199 2604 289 2638 pace
313 2591 367 2627 vel
388 2593 498 2637 maqis
523 2605 624 2638 quam
648 2593 687 2627 in
712 2592 796 2628 bello
822 2593 1021 2628 timendum.
1071 2593 1342 2628 Consuetudines
1358 2594 1478 2628 deinde
1488 2606 1620 2640 pravas

149 2647 319 2693 quasdam
339 2647 490 2690 damnat,
507 2660 644 2682 errores
659 2648 863 2684 inveteratos
875 2647 1049 2694 coarguit,
1067 2647 1186 2682 turbas
1198 2648 1394 2694 compescit,
1411 2648 1621 2694 suspiciones

150 2702 264 2743 diluit,
277 2708 312 2736 et
331 2714 511 2736 murmura
524 2702 748 2750 querelasque
764 2702 970 2748 comprimit.
1020 2701 1108 2737 Cum
1124 2704 1171 2737 ad
1185 2702 1275 2737 hunc
1292 2703 1428 2737 modum
1444 2703 1533 2737 viam
1547 2715 1620 2737 mu-

148 2758 266 2800 nierit,
278 2756 401 2803 pergit
416 2757 464 2791 acl
482 2764 660 2804 proecepta
681 2765 714 2792 et
736 2758 923 2793 ratiocinia
940 2758 1100 2804 qucedam
1121 2757 1345 2799 instituenda,
1362 2756 1483 2802 quibus
1503 2763 1536 2791 et
1550 2758 1619 2792 vim

149 2813 218 2847 rite
230 2818 456 2858 temperatam
469 2819 502 2845 et
514 2823 665 2846 severam
677 2812 780 2847 simul
790 2819 1002 2848 venustatem
1025 2813 1213 2859 adsperyit.
1243 2812 1348 2851 Quod
1357 2811 1388 2846 si
1403 2812 1541 2847 veritati
1555 2825 1619 2848 un-

151 2868 327 2914 decunque
337 2866 508 2913 profecta:
530 2866 582 2900 vis
597 2878 660 2901 sua
675 2866 775 2911 inest,
792 2867 920 2902 invicta
943 2868 1063 2902 statim
1079 2867 1202 2909 evadit,
1225 2867 1361 2912 quando
1377 2866 1483 2900 instat
1500 2877 1618 2912 repre-

154 2922 288 2967 hensor,
303 2933 371 2958 non
383 2922 498 2958 minus
510 2921 626 2966 sayaci
641 2921 775 2968 inqenio
790 2934 894 2970 quam
908 2922 1121 2958 vehementia
1134 2929 1166 2957 et
1169 2921 1343 2967 facundia
1360 2921 1519 2967 insignis.
