1923 3149
251 144 323 181 198
806 141 878 178 DE
909 140 1149 179 CORONA.

250 227 336 277 quis
356 227 415 264 vel
436 239 538 264 nunc
557 226 723 276 denique
742 225 879 264 melius
909 225 1054 276 aliquid
1081 225 1202 276 possit
1231 226 1445 270 ostendere,
1466 232 1533 263 aut
1559 225 1589 263 si
1610 225 1703 275 quid

250 288 404 326 omnino
425 287 529 326 aliud
548 288 656 338 sequi
676 287 785 326 licuit
814 294 1071 339 praeterquam
1102 299 1149 324 ea
1179 300 1266 338 quae
1294 286 1421 337 deligi,
1440 299 1623 337 peccasse
1642 299 1703 324 me

248 350 445 387 confitear.
503 349 544 387 Si
563 349 654 400 quid
672 349 771 387 enirn
793 356 850 387 est
868 349 971 400 quod
991 361 1092 386 nunc
1109 348 1310 399 quisquam
1327 348 1566 399 profuturum
1585 348 1703 385 fuisse

248 410 389 456 videat,
409 410 440 448 si
460 417 553 448 tunc
568 410 706 448 suisset
724 411 882 457 factum,
904 410 943 447 id
956 423 1028 461 ego
1045 423 1105 447 me
1123 409 1208 447 dico
1224 423 1299 447 non
1314 409 1492 446 debuisse
1508 409 1701 458 ignorare:

247 472 305 510 sin
326 485 450 522 neque
470 479 529 510 est
549 485 671 522 neque
700 471 773 509 fuit
791 485 915 522 neque
935 471 1101 522 proferre
1121 471 1324 522 quisquam
1345 483 1392 507 ne
1412 470 1525 507 hodie
1545 470 1701 520 quidem

247 534 384 585 possit,
405 534 497 585 quid
518 547 603 572 eum
624 533 689 584 qui
707 534 910 571 consilium
927 534 1046 571 dabat
1065 534 1190 571 facere
1209 531 1442 584 oportebat?
1471 545 1548 569 non
1568 544 1700 569 eorum

245 609 330 647 quae
364 596 402 632 in
430 603 606 646 promptu
640 601 756 645 atque
787 594 827 632 in
848 601 1042 645 potestate
1062 601 1170 632 erant
1189 595 1335 646 optima
1355 591 1555 643 deligere?
1611 591 1699 629 Hoc

244 657 359 708 igitur
371 670 444 708 ego
457 656 545 703 feci,
558 669 737 707 praecone
756 657 1028 706 interrogante,
1042 656 1236 702 AEschine,
1257 671 1281 707 q
1293 655 1364 692 uis
1394 668 1414 693 c
1428 668 1450 691 o
1464 668 1488 691 n
1501 654 1577 691 cio
1590 666 1614 690 n
1628 650 1701 690 ari

243 720 368 766 vult,
398 732 475 756 non
505 719 619 769 quis
662 718 719 756 de
759 717 1056 769 praeteritis
1091 730 1365 763 accusare,
1395 723 1460 754 aut
1489 714 1607 766 quis
1637 713 1699 751 de

242 782 293 818 fu
311 780 446 818 turis
477 794 494 818 s
511 793 607 831 pon
624 793 641 818 s
655 792 703 817 or
718 793 789 817 em
818 780 842 816 fi
856 792 875 816 e
889 779 942 816 ri.
1000 779 1058 816 Te
1079 785 1209 817 autem
1230 786 1336 816 muto
1362 777 1596 828 temporibus
1625 776 1699 812 illis

240 843 278 880 in
313 842 566 880 concionibus
599 841 774 885 sedente,
808 853 880 891 ego
912 840 1115 892 prodibam
1147 847 1187 878 et
1225 840 1495 878 concionabar.
1552 837 1698 875 Verum

239 905 421 956 quoniam
453 904 493 942 id
522 910 603 941 tum
632 902 865 953 nonfecistz',
885 915 990 939 nunc
1010 902 1146 940 saltem
1168 902 1343 939 ostende.
1402 900 1489 947 Dic,
1509 912 1596 949 quae
1612 911 1697 936 ora·

238 967 306 1015 tio,
327 979 444 1017 quam
471 978 533 1003 me
562 964 783 1015 excogitare
812 963 1049 1008 convenerit,
1080 976 1167 1013 quae
1196 962 1288 1012 reip.
1310 961 1411 999 utilis
1431 959 1697 1012 opportunitas

239 1042 262 1066 a
281 1042 341 1066 me
360 1028 434 1065 suit
451 1025 731 1078 praetermissa?
760 1039 848 1076 quae
879 1025 1057 1071 societas,
1078 1037 1165 1075 quae
1195 1024 1310 1071 actio,
1344 1023 1393 1061 ad
1424 1035 1540 1073 quam
1572 1022 1698 1074 potius

238 1091 310 1129 hos
331 1090 538 1142 perducere
553 1102 612 1126 me
633 1087 873 1140 oportuerit?

292 1156 356 1191 57.
387 1153 506 1204 Atqui
538 1151 730 1203 praeterita
749 1152 796 1188 ab
817 1150 993 1187 omnibus
1020 1162 1172 1200 semper
1198 1147 1460 1199 negliguntur,
1493 1160 1617 1198 neque
1647 1146 1694 1184 de

236 1216 282 1253 iis
313 1215 515 1266 quisquam
549 1227 713 1264 usquam
747 1212 1059 1250 deliberationem
1093 1210 1278 1248 instituit:
1308 1210 1437 1247 futura
1470 1216 1598 1247 autem
1631 1214 1699 1246 aut

238 1277 444 1328 praesentia
460 1275 667 1314 consiliarii
682 1281 810 1325 partes
830 1273 1040 1324 requirunt.
1090 1272 1156 1319 ,Eo
1176 1272 1290 1323 igitur
1309 1278 1480 1321 tempore
1500 1270 1696 1308 calamita-

238 1346 319 1377 tum
339 1338 436 1385 aliae,
456 1344 498 1375 ut
517 1337 740 1388 apparebat,
760 1337 901 1373 futurae
921 1341 1043 1380 erant,
1060 1334 1146 1372 aliae
1168 1336 1247 1382 jam
1271 1334 1474 1383 urgebant,
1496 1333 1535 1370 in
1556 1332 1695 1382 quibus

236 1414 365 1438 meum
393 1400 432 1437 in
468 1412 548 1449 rep.
580 1396 884 1436 administranda
913 1396 1131 1434 institutum
1161 1402 1307 1446 specta,
1335 1407 1414 1432 non
1435 1400 1574 1432 eventa
1592 1392 1699 1431 calu-

238 1463 394 1501 mniare.
453 1461 632 1512 Namque
652 1460 775 1497 exitus
795 1471 922 1496 rerum
942 1457 1128 1504 omnium,
1141 1456 1469 1507 quemadmodum
1485 1455 1558 1492 deo
1572 1455 1695 1501 libuit,

237 1526 471 1579 perducitur,
490 1525 692 1563 consilium
713 1530 840 1561 autem
867 1529 906 1561 et
933 1522 1185 1574 propositum,
1201 1521 1240 1558 id
1259 1534 1349 1559 vero
1364 1519 1570 1558 consiliarii
1589 1532 1698 1557 men-

237 1597 313 1627 tem
334 1588 520 1626 declarat.
577 1586 706 1629 Quare
725 1598 773 1622 ne
793 1584 884 1622 mihi
900 1584 1001 1622 hanc
1021 1583 1175 1634 culpam
1195 1582 1331 1628 tribue,
1347 1582 1378 1619 si
1400 1581 1438 1618 in
1458 1581 1539 1619 acie
1558 1580 1695 1619 vicisse

237 1651 401 1702 contigit
420 1649 623 1700 Philipp0;
654 1648 691 1685 in
710 1648 783 1685 deo
798 1647 900 1685 enim
920 1646 1021 1684 illius
1040 1645 1159 1697 praelii
1179 1645 1304 1683 exitus
1324 1643 1473 1695 positus
1499 1651 1594 1690 erat,
1616 1656 1695 1681 non

236 1714 274 1751 in
295 1727 355 1751 me
373 1726 382 1750 :
413 1712 482 1750 sed
499 1724 557 1748 me
577 1717 644 1748 aut
665 1722 743 1747 non
764 1709 906 1755 omnia,
928 1721 1015 1758 quae
1040 1708 1211 1745 humano
1239 1706 1401 1744 consilio
1420 1705 1610 1757 provideri
1624 1717 1694 1756 po-

236 1782 376 1821 terant,
396 1772 603 1823 delegisse,
623 1778 662 1809 et
680 1778 782 1808 recte
802 1771 888 1808 haec
910 1770 1112 1820 diligenter
1143 1776 1181 1806 et
1212 1768 1402 1806 laboriose
1435 1768 1549 1805 etiam
1577 1779 1695 1817 supra

236 1838 337 1875 vires
361 1834 573 1886 peregisse,
589 1839 656 1870 aut
672 1845 732 1870 res
753 1832 879 1869 minus
901 1831 1085 1869 honestas
1109 1843 1154 1868 ac
1169 1830 1321 1868 civitate
1342 1829 1520 1880 indignas
1539 1828 1693 1866 institu-

237 1899 314 1937 isse
342 1896 574 1945 minimeque
600 1894 855 1939 necessarias,
888 1892 973 1931 haec
1006 1891 1098 1929 mihi
1131 1891 1306 1937 ostende,
1341 1897 1380 1928 et
1410 1897 1503 1928 tunc
1526 1890 1692 1941 denique

237 1973 298 1997 me
318 1959 464 1997 incusa.
522 1956 588 1992 Sin
607 1962 736 1993 autem
763 1954 942 2006 procellae
963 1954 1064 1990 illius
1085 1966 1173 2003 quae
1194 1960 1277 1990 tum
1297 1959 1430 1991 coorta
1449 1959 1510 1989 est
1525 1952 1596 2002 vis,
1615 1965 1693 1990 non

236 2034 308 2059 nos
329 2021 466 2065 solum,
485 2030 614 2056 verum
635 2017 751 2054 etiam
766 2016 932 2066 reliquos
953 2027 1085 2052 omnes
1104 2014 1267 2052 Graecos
1288 2013 1455 2065 perculit
1474 2020 1513 2051 et
1534 2026 1693 2064 supera-

235 2083 304 2127 vit,
325 2081 418 2132 quid
441 2080 544 2118 sacto
578 2091 674 2129 opus
695 2077 785 2116 est?
815 2091 925 2128 egone
945 2077 1164 2115 accusandus
1185 2075 1291 2113 sum?
1348 2076 1401 2113 Ut
1421 2077 1453 2113 si
1473 2075 1557 2126 quis
1585 2076 1691 2113 navi-

235 2144 421 2182 cularium
441 2142 505 2192 qui
521 2141 648 2179 omnia
671 2153 758 2190 quae
787 2140 838 2177 ad
864 2139 1027 2177 salutern
1053 2139 1289 2190 pertinerent
1314 2138 1482 2183 fecisset,
1502 2138 1692 2187 rebusque

235 2207 411 2244 omnibus
440 2203 681 2242 instruxisset
704 2202 912 2254 navigium,
934 2201 1071 2252 quibus
1096 2200 1136 2238 id
1160 2201 1300 2239 servari
1329 2213 1444 2251 posse
1470 2198 1693 2245 confideret,

236 2275 372 2320 postea
397 2272 624 2317 tempestate
644 2264 923 2311 conflictatum,
943 2270 982 2302 et
1006 2263 1275 2301 fatiscentibus
1296 2262 1329 2299 ei
1349 2262 1456 2299 navis
1477 2274 1691 2300 armamen-

236 2331 285 2367 tis
315 2335 382 2367 aut
401 2340 555 2379 prorsus
585 2327 699 2364 etiam
728 2326 948 2372 confractis,
965 2324 1157 2375 naufragii
1172 2330 1339 2362 accuset.
1397 2323 1422 2359 S
1437 2336 1456 2360 e
1470 2322 1493 2360 d
1524 2336 1548 2359 n
1561 2336 1581 2361 e
1595 2336 1619 2373 q
1632 2336 1654 2359 u
1671 2336 1692 2360 e

238 2405 262 2429 n
278 2404 330 2429 av
344 2404 364 2427 e
379 2402 413 2425 m
445 2403 469 2438 g
482 2389 540 2425 ub
554 2401 574 2425 e
589 2401 606 2424 r
618 2401 642 2423 n
657 2400 679 2424 a
692 2388 716 2424 b
732 2400 754 2424 a
767 2400 819 2434 m,
848 2387 953 2425 dicat
970 2386 1049 2431 ille,
1065 2384 1392 2435 quemadmodum
1408 2396 1532 2434 neque
1549 2384 1692 2422 exerci-

237 2460 319 2491 tum
341 2450 530 2489 ducebam
561 2460 648 2498 ego,
690 2461 860 2499 neque
907 2449 1139 2486 fortunae
1187 2446 1517 2491 dominabar,
1562 2446 1693 2496 quin

237 2515 335 2552 illa
362 2526 385 2551 ο
398 2525 435 2549 m
452 2512 500 2549 ni
517 2512 541 2548 b
555 2523 576 2547 u
589 2525 619 2549 s.
680 2512 824 2548 Verum
847 2509 941 2548 illud
961 2509 1049 2546 mihi
1072 2508 1156 2545 vide
1175 2516 1214 2545 et
1232 2507 1446 2545 considera.
1505 2508 1546 2545 Si
1565 2507 1692 2552 nobis,

236 2575 430 2614 Thebanis
460 2572 662 2611 nobiscum
695 2573 734 2610 in
769 2572 849 2610 acie
877 2571 1082 2616 stantibus,
1116 2571 1169 2608 ita
1200 2583 1277 2607 rem
1299 2582 1432 2620 gerere
1454 2570 1570 2608 fatale
1591 2577 1689 2618 erat,

235 2638 328 2688 quid
347 2634 651 2687 exspectandum
672 2635 756 2678 fuit,
776 2634 808 2672 si
836 2633 907 2671 hos
933 2633 1059 2670 socios
1090 2644 1166 2669 non
1200 2631 1444 2677 haberemus,
1465 2632 1533 2670 sed
1559 2632 1584 2669 ii
1603 2644 1689 2669 sese

236 2712 323 2737 cum
338 2697 515 2748 Philippo
534 2695 837 2744 conjunxissent,
862 2693 966 2744 quod
993 2700 1035 2730 ut
1052 2693 1162 2730 fieret
1180 2692 1408 2730 omnimodis
1428 2699 1508 2729 tum
1525 2692 1586 2730 ille
1605 2704 1686 2729 ver—

236 2762 295 2798 bis
315 2757 544 2797 laborabat?
601 2757 648 2795 Et
669 2757 700 2795 si
720 2769 823 2794 nunc
845 2755 960 2793 tridui
981 2754 1112 2792 itinere
1129 2756 1175 2792 ab
1191 2754 1323 2792 Attica
1341 2754 1472 2805 proelio
1487 2754 1689 2792 commisso

238 2831 368 2862 tantus
388 2830 506 2860 terror
525 2827 750 2872 tantumque
779 2819 994 2872 periculum
1028 2819 1223 2856 civitatem
1254 2818 1424 2863 incessit,
1439 2816 1546 2868 quid,
1568 2817 1691 2855 sicubi

237 2887 275 2924 in
314 2885 467 2935 regione
502 2890 633 2923 nostra
661 2883 796 2922 eadem
827 2881 958 2919 clades
992 2880 1210 2927 accidisset,
1243 2879 1545 2931 exspectandum
1578 2878 1691 2917 nobis
