1923 3149
230 154 308 188 478
743 151 799 188 IN
831 151 1102 190 APHOBUM
1135 150 1163 187 1.

779 316 1133 354 TESTIMONIA.

235 426 280 463 M
285 426 470 464 oeriadem
497 435 624 465 autem
646 439 723 464 non
746 427 866 464 fuisse
885 427 1054 477 inopem,
1073 441 1199 478 neque
1218 441 1241 464 a
1260 434 1369 478 patre
1395 427 1498 465 hunc
1528 434 1683 466 contra-

234 494 341 525 ctum
361 486 410 524 de
435 488 632 539 mancipiis
653 487 770 525 stulte
798 502 884 526 esse
911 488 1070 533 factum,
1099 488 1270 526 evidenti
1295 489 1406 539 signo
1419 489 1683 539 cognoscetis.

235 549 338 587 Nam
359 549 552 599 Aphobus
572 549 735 593 officina,
755 555 798 586 ut
817 562 862 588 ex
885 549 1049 587 testibus
1065 548 1278 594 audivistis,
1297 549 1346 586 ad
1371 561 1457 586 sese
1482 548 1684 594 translata,

233 623 351 661 quum
374 610 489 648 officii
510 617 628 656 esset,
649 610 680 647 si
700 610 785 660 quis
806 610 902 648 alius
923 611 960 647 in
974 623 1056 648 eam
1078 610 1284 660 quicquam
1303 610 1479 648 conferre
1496 610 1626 654 vellet,
1642 615 1687 647 ut

233 671 315 721 ipse
335 672 476 709 tutorio
496 671 651 708 nomine
667 670 896 721 prohiberet,
915 683 982 721 pro
1001 671 1060 708 his
1079 671 1279 722 mancipiis
1303 670 1504 708 Moeriadae
1521 671 1685 721 quinge-

234 744 305 769 nas
325 731 528 769 drachmas
548 731 629 783 ipse
653 732 861 776 foeneravit,
881 744 978 781 quas
998 733 1046 770 ab
1077 745 1124 770 eo
1145 746 1199 777 se,
1225 739 1270 770 ut
1286 739 1434 770 rectum
1452 743 1685 782 aequumque

232 793 360 839 fuerit,
390 794 532 831 fatetur
563 794 770 844 recepisse.
828 793 932 830 Num
963 792 1056 843 quid
1083 794 1200 843 igitur
1232 793 1402 843 iniquius·
1433 793 1513 831 fieri
1542 799 1687 844 potest,

235 867 350 904 quam
370 867 441 892 nos
460 867 532 892 nec
551 854 647 892 lucri
668 867 716 891 ex
746 854 800 892 eis
826 853 1009 892 habuisse
1029 854 1248 904 quicquam,
1268 860 1307 891 et
1331 854 1417 904 ipsa
1435 853 1596 904 pignora
1615 866 1684 892 no-

233 915 308 962 bis,
341 915 407 965 qui
427 916 573 967 priores
594 914 879 961 somer-avimus,
906 914 1090 966 periisse:
1121 915 1183 952 isti
1202 927 1305 959 vero,
1331 914 1396 964 qui
1420 915 1625 964 pecuniam
1646 914 1684 951 in

236 984 365 1014 nostra
383 976 547 1027 pignora
566 976 729 1014 contulit
747 976 863 1027 idque
883 983 992 1014 tanto
1010 982 1181 1026 tempore
1200 981 1292 1025 post
1309 974 1413 1019 fecit,
1432 981 1512 1011 tam
1529 986 1688 1011 usuram

236 1050 354 1088 quam
373 1044 515 1076 sortem
535 1051 556 1075 e
575 1037 716 1075 nostris
736 1050 822 1075 esse
842 1037 1072 1083 restitutam,
1091 1050 1164 1074 nec
1179 1036 1297 1074 ullam
1316 1036 1368 1074 ibi
1385 1035 1550 1086 inopiam
1569 1035 1697 1072 obsti-

236 1097 376 1136 titisse.
432 1098 489 1135 Ut
514 1103 642 1135 autem
668 1110 760 1136 vera
776 1109 838 1136 me
866 1097 993 1135 dicere
1013 1103 1211 1148 appareat,
1240 1110 1334 1148 cape
1354 1096 1616 1134 testimonium
1641 1107 1689 1133 ac

238 1158 372 1197 recita.

761 1308 1166 1349 TESTIMONIUM.

238 1405 326 1443 Jam
353 1403 608 1451 considerate,
643 1412 830 1455 quantum
856 1404 1006 1455 argenti
1029 1418 1052 1442 a
1073 1405 1263 1443 lectorum
1295 1404 1411 1442 fabris
1444 1404 1690 1443 suffurentur.

240 1465 511 1515 Quadraginta
523 1465 644 1503 minas
664 1465 788 1516 ipsam
802 1472 959 1511 sortem,
981 1472 1172 1516 quaestum
1186 1478 1254 1516 per
1267 1477 1404 1515 operas
1425 1464 1615 1502 decennio
1634 1462 1701 1503 fa?

239 1533 343 1564 ctum
358 1527 434 1564 duo
446 1527 611 1565 talenta:
632 1540 721 1564 nam
738 1526 942 1564 duodecim
961 1527 1149 1564 minarum
1170 1527 1334 1564 reditum
1355 1539 1402 1564 ex
1422 1526 1478 1564 eis
1489 1525 1693 1576 quotannis

242 1586 477 1625 habuerunt.
535 1587 638 1624 Num
658 1600 818 1638 parvum
839 1587 1023 1637 quiddam
1037 1594 1151 1638 atque
1168 1601 1215 1625 ex
1235 1601 1275 1625 re
1297 1588 1478 1632 obseura,
1498 1586 1602 1638 unde
1616 1586 1697 1624 fur-

241 1654 319 1684 tum
341 1648 468 1685 facere
489 1649 541 1685 sit
555 1647 773 1699 expeditum
788 1647 803 1684 2
823 1661 868 1686 ac
887 1661 967 1686 non
979 1649 1106 1699 potius
1121 1649 1176 1686 ita
1189 1649 1316 1699 palam
1332 1648 1405 1686 tria
1416 1648 1533 1686 ferme
1547 1646 1699 1686 talenta

242 1708 534 1759 surripuerunt?
565 1709 663 1752 Quae
686 1709 777 1759 quia
800 1710 1049 1748 communiter
1062 1716 1155 1748 sunt
1173 1709 1334 1761 direpta,
1354 1709 1531 1747 trientem
1557 1709 1606 1747 ab
1620 1709 1696 1747 isto

241 1769 332 1807 mihi
350 1770 496 1808 restitui
517 1783 585 1821 par
604 1778 674 1808 est.

296 1832 334 1868 8.
363 1832 452 1869 Jam
484 1832 531 1870 de
552 1833 664 1870 ebore
684 1832 861 1883 ferroque
880 1832 1026 1878 relicto,
1053 1833 1229 1878 Judices,
1261 1833 1361 1870 idem
1381 1833 1462 1870 fere
1488 1831 1696 1870 machinati

243 1899 358 1929 sunt:
388 1905 477 1930 nam
498 1893 582 1930 haec
602 1906 755 1943 quoque
774 1906 853 1930 non
871 1893 1084 1944 proferunt.
1144 1894 1221 1937 Qui
1240 1900 1369 1930 autem
1389 1891 1470 1930 fieri
1489 1899 1634 1943 potest,
1655 1900 1700 1930 ut

242 1954 273 1991 is
294 1955 359 2004 qui
385 1961 443 1992 tot
464 1961 503 1992 et
520 1955 709 1993 lectorum
729 1962 768 1993 et
785 1955 1000 2006 gladiorum
1027 1957 1157 1994 fabros
1183 1955 1370 2007 possedit,
1387 1969 1466 1993 non
1486 1956 1604 1993 etiam
1622 1955 1699 1993 fer-

244 2028 327 2053 rum
344 2024 382 2053 et
402 2017 498 2054 ebur
511 2016 733 2067 reliquerit?
762 2017 930 2055 Omnino
958 2025 1063 2055 certe
1089 2024 1149 2055 est
1173 2029 1334 2055 necesse
1355 2023 1394 2053 et
1412 2015 1497 2053 haec
1525 2015 1697 2054 affuisse.

244 2079 346 2117 Nam
373 2079 454 2117 sine
485 2079 647 2117 materia
675 2080 767 2129 quid
789 2080 913 2129 operis
945 2080 1076 2117 facere
1094 2078 1339 2130 potuissent?
1378 2079 1475 2115 Eum
1496 2077 1614 2128 igitur
1631 2079 1698 2129 qui

244 2140 408 2190 amplius
429 2140 712 2190 quinquaginta
728 2139 919 2188 mancipia
937 2140 1111 2188 possedit
1130 2146 1169 2176 et
1184 2139 1334 2176 duobus
1354 2138 1514 2189 opificiis
1529 2139 1697 2190 praefuit,

245 2213 407 2251 quorum
428 2199 547 2236 altera
566 2198 717 2236 officina
735 2198 837 2236 ultra
852 2198 963 2235 binas
983 2198 1107 2235 minas
1129 2198 1290 2248 singulis
1310 2200 1506 2236 mensibus
1530 2199 1571 2236 in
1589 2200 1700 2245 ebur,

247 2262 463 2312 gladiorum
481 2261 630 2298 fabrica
647 2273 724 2298 non
752 2260 879 2297 minus
900 2272 1015 2310 quam
1044 2259 1275 2297 tantundem
1303 2272 1383 2297 una
1406 2273 1494 2298 cum
1522 2259 1622 2297 ferro
1640 2260 1699 2297 in-

247 2323 423 2373 sumpsit,
444 2322 581 2360 horum
609 2321 702 2359 nihil
729 2321 930 2371 reliquisse
955 2321 1116 2359 dicunt:
1147 2333 1192 2358 eo
1221 2328 1409 2358 venerunt
1436 2321 1699 2371 impudentiae.

250 2383 326 2421 Sed
351 2396 417 2420 eos
437 2395 514 2420 non
541 2383 738 2421 credibilia
762 2382 904 2428 dicere,
924 2382 985 2420 vel
1014 2395 1062 2420 ex
1092 2382 1151 2419 his
1183 2382 1274 2432 ipsis
1302 2382 1413 2419 facile
1442 2382 1699 2432 perspicitur:

247 2450 394 2481 tantam
415 2450 538 2481 autem
561 2457 648 2481 eum
669 2444 819 2495 copiam
843 2443 1056 2494 reliquisse,
1077 2450 1120 2480 ut
1149 2455 1226 2480 non
1253 2441 1368 2479 modo
1397 2444 1479 2492 ejus
1499 2443 1700 2493 opificibus

249 2504 402 2542 abunde
422 2505 472 2542 ad
492 2517 589 2554 opus
609 2504 829 2542 faciendum
849 2511 1083 2555 suppeteret,
1104 2503 1173 2540 sed
1185 2503 1299 2540 etiam
1320 2503 1369 2540 ad
1389 2503 1589 2553 quibusvis
1608 2516 1701 2541 ven-

249 2567 434 2612 dendum,
453 2566 543 2604 hinc
578 2574 751 2616 apparet,
775 2566 879 2616 quod
900 2573 937 2603 et
961 2566 1043 2616 ipse
1068 2565 1203 2602 vivens
1224 2564 1408 2611 vendidit,
1428 2572 1479 2610 et,
1496 2572 1602 2616 patre
1617 2566 1699 2616 jam

252 2627 449 2673 defuncto,
467 2627 699 2678 Demophon
721 2636 759 2664 et
786 2628 857 2665 iste
878 2641 925 2665 ex
952 2627 1098 2664 aedibus
1118 2626 1160 2664 iis
1180 2627 1243 2676 qui
1269 2627 1413 2664 vellent
1433 2627 1699 2665 vendiderunt.

253 2690 378 2730 Quam
394 2689 513 2726 multa
528 2689 643 2739 igitur
663 2688 780 2725 fuisse
797 2689 928 2726 relicta
947 2694 1250 2726 consentaneum
1267 2694 1468 2738 est‚quum
1489 2701 1535 2726 ea
1547 2694 1699 2726 constet

251 2763 329 2787 non
349 2750 462 2787 modo
491 2751 607 2788 tantis
629 2749 788 2787 officinis
808 2749 1020 2793 suffecisse,
1044 2749 1112 2785 sed
1131 2756 1168 2786 et
1189 2761 1211 2786 a
1231 2748 1420 2786 tutoribus
1437 2748 1595 2794 seorsim
1615 2760 1702 2786 esse

253 2810 477 2848 divendita?
507 2811 611 2848 Num
634 2810 815 2861 paucula,
848 2824 896 2847 au
917 2822 1004 2847 vcro
1026 2810 1140 2859 longe
1162 2809 1272 2860 plura
1293 2823 1408 2859 quam
1426 2822 1513 2859 quae
1528 2809 1565 2846 in
1585 2821 1701 2847 accu-

255 2871 402 2910 satione
419 2873 628 2923 perscripta
645 2878 732 2910 sunt
747 2871 760 2907 ἲ
791 2872 897 2921 Cape
913 2870 996 2908 hacc
1017 2871 1247 2914 testimonia,
1264 2878 1302 2909 ct
1321 2870 1379 2908 his
1396 2870 1527 2908 recita.
