1923 3149
548 190 775 228 CONTRA
807 186 1200 226 TIMOCRATEM.
1510 181 1582 217 431

777 344 953 383 LEGES

242 419 314 456 DE
344 418 543 465 FURTO,
573 415 729 455 MALA
757 411 1142 452 TRACTATIONE
1172 409 1498 455 PARENTUM‚

624 483 873 522 DESERTA
906 480 1133 518 MILITIA.

182 572 336 611 Quicquid
353 571 464 611 aliquis
480 569 627 605 amiserit,
641 570 666 598 si
683 569 713 599 id
731 567 894 606 receperit,
911 567 962 596 fur
980 565 1065 604 dupli
1081 565 1259 594 damnetur:
1286 565 1331 594 sin
1349 565 1460 600 minus,
1473 564 1597 603 decupli

140 632 201 651 una
216 633 284 652 curn
303 622 505 661 adjutoribus.
522 622 654 658 Unoque
671 619 749 658 pede
766 618 932 656 stringatur
953 616 1103 655 compede
1120 615 1252 655 quinque
1269 616 1336 645 dies
1349 615 1536 652 totidemque
1549 625 1602 643 no-

139 678 217 709 ctes,
231 673 256 703 si
273 672 394 702 Heliaea
407 672 439 701 id
453 671 627 702 censuerit:
653 679 779 699 censere
797 679 871 698 vero
883 668 975 697 liceat
991 667 1166 706 unicuique,
1179 667 1252 697 dum
1270 667 1307 696 de
1319 666 1383 696 litis
1399 665 1603 695 aestimatione

141 723 254 764 agitur.

185 774 277 810 Quod
296 773 322 803 si
345 772 415 811 quis
433 772 584 802 abductus
600 770 703 806 fuerit,
721 770 768 800 vel
792 770 878 799 malae
904 769 1092 799 tractationis
1117 773 1290 808 parentum,
1316 768 1366 798 vel
1392 768 1524 797 desertae
1546 764 1604 795 mi-

142 824 230 860 litiae,
246 823 419 858 convictus,
435 823 485 851 vel
503 826 608 851 contra
634 821 734 860 legum
755 821 951 850 interdictum
969 831 1006 850 eo
1022 821 1113 850 fuerit
1132 820 1301 859 ingressus,
1323 829 1382 858 quo
1397 819 1427 847 ei
1444 819 1529 846 nefas
1547 820 1608 852 est,

141 873 348 904 undecimviri
365 883 434 903 eum
450 872 619 909 vinciunto,
635 871 665 901 in
684 871 835 901 Heliaeam
849 872 1090 901 introducunto:
1124 875 1249 900 accuset
1265 876 1363 899 autem
1382 880 1416 899 ex
1433 869 1480 898 his
1496 868 1606 906 quibus

137 924 170 955 id
186 925 262 954 licet
274 924 449 963 quicunque
465 923 607 953 voluerit.
640 924 810 952 Damnatus
828 922 853 951 si
870 922 921 958 sit,
937 922 1069 951 :estimet
1086 921 1219 957 Heliam,
1235 921 1307 960 quid
1325 931 1391 950 eum
1408 921 1492 949 luere
1509 929 1602 958 opor-

139 979 216 1011 teat,
233 979 286 1005 aut
302 975 441 1005 solvere:
467 973 549 1012 quod
562 973 588 1003 si
603 973 781 1013 pecuniaria
796 972 910 1002 mulcta
922 971 950 1002 ei
966 972 1049 1002 dicta
1065 972 1167 1008 suerit,
1181 972 1211 1001 in
1228 971 1360 1001 vinculis
1376 975 1514 1000 teneatur
1530 969 1606 998 dum

143 1025 283 1055 solverit.

145 1107 287 1145 Similis
316 1108 432 1158 igitur
459 1106 606 1152 Soloni,
631 1106 906 1153 Athenienses,
932 1105 1132 1156 legislator
1151 1113 1213 1144 est
1231 1103 1501 1143 Timocrates?
1535 1104 1606 1142 Ille

143 1169 338 1219 probiores
358 1168 467 1213 facit,
488 1175 570 1205 tum
591 1179 658 1205 eos
679 1168 745 1217 qui
765 1173 856 1204 sunt
876 1167 1052 1218 improbi,
1075 1174 1156 1204 turn
1177 1167 1240 1217 qui
1260 1166 1378 1204 futuri
1400 1172 1515 1203 sunt:
1536 1166 1609 1203 iste

145 1229 261 1267 etiam
288 1229 333 1266 iis
364 1229 429 1278 qui
457 1231 538 1277 jam
570 1238 610 1265 se
631 1227 731 1265 male
759 1234 978 1278 gesserunt,
1004 1227 1104 1265 viam
1131 1228 1302 1266 ostendit
1330 1227 1523 1274 elabendi,
1557 1239 1607 1264 ne

143 1302 283 1340 poenas
314 1289 423 1335 dent,
443 1296 482 1326 et
506 1289 550 1326 iis
579 1289 645 1339 qui
673 1301 778 1326 nunc
799 1295 890 1325 sunt
918 1288 1095 1339 improbi,
1119 1302 1225 1339 spem
1254 1287 1490 1339 impunitatis
1519 1299 1612 1338 pro-

143 1351 265 1402 ponit,
286 1357 324 1388 et
337 1350 382 1388 iis
397 1350 461 1401 qui
482 1350 600 1388 futuri
616 1356 719 1387 sunt.
750 1349 812 1387 Ita
823 1362 955 1387 omnes
974 1350 1142 1387 omnium
1163 1356 1380 1401 temporum
1397 1349 1610 1387 sceleratos

143 1412 264 1458 fovet,
290 1419 407 1462 atque
433 1412 473 1449 id
492 1411 586 1462 agit,
605 1417 650 1448 ut
669 1411 747 1449 sint
763 1409 995 1458 incolumes,
1018 1417 1056 1448 et
1075 1411 1122 1448 ab
1143 1411 1322 1449 omnibus
1352 1409 1611 1448 incommodis

145 1472 405 1511 vindicentur.
446 1472 655 1510 Enimvero
681 1485 778 1522 quas
798 1478 838 1509 tu
860 1485 994 1523 poenas
1017 1472 1110 1510 satis
1133 1485 1269 1522 graves
1291 1473 1420 1519 dares,
1436 1478 1502 1510 aut
1521 1484 1610 1522 quae

149 1535 287 1581 ferres,
301 1541 345 1572 ut
364 1547 410 1572 ea
423 1534 543 1572 ferres
564 1547 650 1584 quae
670 1534 856 1579 meruisti,
878 1534 943 1585 qui
963 1534 1116 1583 (omitto
1138 1536 1281 1581 cetera)
1295 1534 1409 1572 etiam
1432 1532 1614 1584 praesidia

149 1594 359 1633 senectutis
379 1595 500 1640 tollis,
531 1594 639 1645 leges
666 1594 838 1645 inquam,
856 1595 994 1644 quibus
1015 1601 1208 1646 coguntur
1233 1595 1344 1633 liberi
1367 1602 1406 1633 et
1433 1600 1614 1646 parentes

149 1658 257 1696 vivos
285 1657 402 1704 alere,
432 1663 472 1695 et
496 1657 698 1695 defunctis·
715 1659 824 1705 justa
853 1656 1100 1708 persolvere?
1131 1657 1192 1694 An
1221 1670 1313 1695 vero
1339 1663 1377 1694 te
1409 1657 1614 1708 quisquam

150 1718 374 1757 sceleratior
392 1719 491 1756 inter
517 1719 697 1757 mortales
723 1731 859 1757 omnes
888 1719 1096 1757 existimari
1125 1726 1254 1770 queat,
1276 1719 1355 1770 qui,
1376 1733 1398 1757 o
1423 1719 1612 1757 nefarium

147 1786 280 1830 caput,
299 1780 420 1830 pluris
450 1780 580 1818 facere
608 1793 687 1818 non
714 1780 870 1818 dubites
901 1780 1021 1827 fures,
1050 1780 1291 1819 facinorosos
1322 1787 1360 1818 et
1380 1780 1614 1828 desertores,

149 1854 267 1892 quarn
285 1841 463 1892 patriam,
483 1848 521 1879 et
537 1848 696 1894 propter
714 1841 810 1879 istos
826 1842 933 1892 leges
952 1842 1052 1880 ferre
1072 1841 1335 1893 perniciosas?
1495 1892 1501 1896 ι

203 1903 271 1939 28.
303 1901 519 1940 Ostendam
540 1910 669 1939 autern
689 1902 913 1952 praestitisse
931 1915 993 1940 me
1008 1903 1090 1953 jam
1110 1915 1157 1940 ea
1182 1916 1268 1953 quae
1293 1902 1477 1941 orationis
1506 1904 1615 1942 initio

150 1961 345 2001 facturum
364 1975 448 2001 esse
465 1975 550 2000 sum
571 1962 781 2013 pollicitus·
807 1962 1014 2001 Professus
1034 1963 1134 2001 enim
1157 1976 1256 2010 sum,
1277 1976 1337 2001 me
1354 1970 1620 2012 ostensurum,

153 2025 269 2063 istum
299 2037 370 2076 per
399 2025 530 2062 omnia
565 2024 689 2061 teneri
719 2024 980 2072 accusatione,
1014 2026 1180 2076 primum
1217 2025 1323 2075 quod
1349 2032 1484 2065 contra
1511 2025 1618 2076 leges

153 2083 284 2135 legem
315 2084 471 2122 tulerit:
505 2083 647 2122 deinde
677 2084 783 2134 quod
814 2085 970 2135 reliquis
1000 2086 1152 2136 legibus
1182 2087 1375 2124 contraria
1401 2086 1620 2137 scripserit:

153 2145 282 2191 tertio,
298 2144 404 2195 quod
419 2157 467 2182 ea
479 2145 618 2195 quibus
633 2144 853 2195 respublica
867 2145 1087 2184 laederetur.
1107 2146 1323 2195 Audivistis
1337 2153 1465 2184 autem
1478 2146 1618 2197 legem,

155 2206 249 2257 quid
265 2219 353 2244 eum
382 2206 508 2244 facere
524 2206 663 2257 jubeat
682 2205 745 2256 qui
763 2218 901 2243 novam
924 2206 1052 2257 legem
1073 2213 1211 2256 roget:
1241 2220 1376 2244 rursus
1401 2220 1470 2245 vos
1493 2207 1620 2254 docui,

155 2267 294 2305 horum
314 2267 408 2304 nihil
428 2280 587 2317 prorsus
605 2267 720 2304 istum
739 2267 980 2317 praestitisse.
1012 2267 1117 2311 Quin
1145 2267 1230 2305 illas
1251 2268 1365 2305 etiam
1385 2268 1491 2318 leges
1511 2268 1621 2306 audi-

155 2327 278 2374 vistis,
297 2327 436 2378 quibus
465 2329 514 2365 ab
540 2328 615 2365 isto
640 2334 776 2378 rogata
800 2328 866 2364 lex
895 2328 1123 2366 adversatur
1140 2357 1148 2366 .
1179 2334 1220 2366 et
1250 2329 1366 2376 hanc,
1395 2329 1622 2380 priusquam

154 2388 242 2426 illas
263 2389 507 2438 abrogasset,
532 2401 620 2426 eum
648 2387 784 2426 tulisse
814 2388 933 2427 scitis.
983 2389 1073 2426 Non
1104 2389 1218 2427 etiam
1246 2402 1331 2428 esse
1359 2404 1381 2428 e
1409 2391 1624 2441 republica,

159 2447 384 2487 audivistis:
407 2448 490 2499 jam
503 2449 669 2499 primum
688 2449 790 2486 enim
809 2463 856 2488 ea
875 2450 926 2487 de
945 2462 985 2488 re
999 2451 1118 2488 verba
1131 2451 1261 2489 facere
1279 2452 1425 2489 destiti.
1455 2452 1623 2490 Proinde

156 2508 300 2560 palam,
320 2509 436 2547 nullis
456 2511 572 2548 rebus
603 2511 789 2561 exceptis,
819 2511 978 2563 injurius
999 2519 1072 2558 est,
1100 2526 1229 2564 neque
1259 2514 1467 2565 quicquam
1494 2522 1555 2552 est
1586 2515 1625 2551 in

161 2582 238 2620 quo
257 2569 375 2607 vestri
394 2570 581 2609 rationem
609 2571 808 2618 habuisse,
839 2579 906 2610 aut
926 2574 1179 2611 verecundari
1204 2574 1393 2613 videatur.
1437 2576 1511 2621 Ac,
1539 2587 1627 2611 mea

162 2629 319 2681 quidem
339 2630 531 2682 opinione,
566 2632 598 2669 si
620 2632 713 2682 quid
741 2639 930 2683 praeterea
949 2634 1089 2672 fuisset
1115 2634 1362 2674 interdictum
1391 2636 1556 2686 legibus,
1585 2634 1625 2673 id

164 2704 318 2743 quoque
337 2692 512 2730 facturus
543 2692 627 2730 suit.
660 2692 939 2747 ‘Undecunque
960 2695 1077 2746 igitur
1105 2703 1278 2748 apparet,
1305 2710 1392 2734 eum
1419 2696 1504 2734 haec
1535 2696 1628 2735 insi-

162 2752 276 2791 diose
297 2754 509 2804 scripsisse,
530 2760 570 2791 et
600 2767 641 2792 re
661 2754 886 2804 deliberata,
905 2769 984 2795 non
1015 2758 1206 2809 opinionis
1232 2770 1360 2796 errore
1390 2757 1627 2808 deliquisse:

164 2813 256 2851 inde
274 2826 367 2851 vero
386 2814 643 2866 potissimum,
663 2816 769 2866 quod
797 2823 878 2856 tota
895 2818 960 2857 lex
978 2832 1101 2871 usque
1121 2820 1171 2858 ad
1197 2826 1408 2857 extremam
1438 2819 1628 2869 syllabam

162 2873 252 2912 talis
284 2881 356 2914 est.
409 2875 496 2914 Nec
515 2876 616 2913 enim
633 2876 695 2915 vel
713 2876 857 2917 invitus
878 2880 1084 2932 quicquam
1103 2886 1207 2919 recte
1233 2880 1380 2918 statuit.
1419 2880 1498 2917 Aut
1524 2880 1629 2931 quod

164 2933 274 2974 vobis
293 2936 535 2988 profuturum
557 2943 675 2976 esset.
713 2938 775 2976 An
795 2951 874 2978 non
901 2940 1019 2992 igitur
1047 2941 1136 2979 odio
1166 2935 1456 2992 prosequendus
1486 2947 1556 2988 est,
1590 2947 1630 2980 et
