<?xml version="1.0" encoding="UTF-8"?>
<!DOCTYPE html PUBLIC "-//W3C//DTD XHTML 1.0 Transitional//EN"
    "http://www.w3.org/TR/xhtml1/DTD/xhtml1-transitional.dtd">
<html xmlns="http://www.w3.org/1999/xhtml" xml:lang="en" lang="en">
 <head>
  <title>
</title>
<meta http-equiv="Content-Type" content="text/html;charset=utf-8" />
  <meta name='ocr-system' content='tesseract 3.04.00' />
  <meta name='ocr-capabilities' content='ocr_page ocr_carea ocr_par ocr_line ocrx_word'/>
</head>
<body>
  <div class='ocr_page' id='page_1' title='image "./oratoresatticie15dobs_0324.png"; bbox 0 0 1923 3149; ppageno 0'>
   <div class='ocr_carea' id='block_1_1' title="bbox 255 113 1288 156">
    <p class='ocr_par' dir='ltr' id='par_1_1' title="bbox 255 113 1288 156">
     <span class='ocr_line' id='line_1_1' title="bbox 255 113 1288 156; baseline 0.002 -4"><span class='ocrx_word' id='word_1_1' title='bbox 255 118 327 153; x_wconf 60' lang='lat'>302&lt;</span> <span class='ocrx_word' id='word_1_2' title='bbox 672 113 961 156; x_wconf 83' lang='lat' dir='ltr'>ADVERSUS</span> <span class='ocrx_word' id='word_1_3' title='bbox 994 114 1288 154; x_wconf 85' lang='lat' dir='ltr'><strong>LEPTINEM.</strong></span> 
     </span>
    </p>
   </div>
   <div class='ocr_carea' id='block_1_2' title="bbox 248 220 1728 2929">
    <p class='ocr_par' dir='ltr' id='par_1_2' title="bbox 249 220 1728 644">
     <span class='ocr_line' id='line_1_2' title="bbox 253 220 1709 273; baseline 0.002 -16"><span class='ocrx_word' id='word_1_4' title='bbox 253 220 369 258; x_wconf 69' lang='lat' dir='ltr'>audio</span> <span class='ocrx_word' id='word_1_5' title='bbox 387 226 424 258; x_wconf 88' lang='lat' dir='ltr'>te</span> <span class='ocrx_word' id='word_1_6' title='bbox 443 227 616 270; x_wconf 86' lang='lat' dir='ltr'>paratum</span> <span class='ocrx_word' id='word_1_7' title='bbox 633 233 716 259; x_wconf 88' lang='lat' dir='ltr'>esse</span> <span class='ocrx_word' id='word_1_8' title='bbox 735 220 878 266; x_wconf 83' lang='lat' dir='ltr'>dicere,</span> <span class='ocrx_word' id='word_1_9' title='bbox 900 235 987 260; x_wconf 85' lang='lat' dir='ltr'>curn</span> <span class='ocrx_word' id='word_1_10' title='bbox 1016 228 1095 259; x_wconf 82' lang='lat' dir='ltr'>tres</span> <span class='ocrx_word' id='word_1_11' title='bbox 1129 228 1166 259; x_wconf 90' lang='lat' dir='ltr'>te</span> <span class='ocrx_word' id='word_1_12' title='bbox 1190 223 1293 273; x_wconf 85' lang='lat' dir='ltr'>prius</span> <span class='ocrx_word' id='word_1_13' title='bbox 1324 224 1557 270; x_wconf 80' lang='lat' dir='ltr'>accusarint,</span> <span class='ocrx_word' id='word_1_14' title='bbox 1577 235 1709 261; x_wconf 88' lang='lat' dir='ltr'>eorum</span> 
     </span>
     <span class='ocr_line' id='line_1_3' title="bbox 251 283 1713 336; baseline 0.002 -17"><span class='ocrx_word' id='word_1_15' title='bbox 251 283 441 320; x_wconf 88' lang='lat' dir='ltr'>neminem</span> <span class='ocrx_word' id='word_1_16' title='bbox 464 283 653 321; x_wconf 79' lang='lat' dir='ltr'>actionem</span> <span class='ocrx_word' id='word_1_17' title='bbox 675 296 758 321; x_wconf 88' lang='lat' dir='ltr'>esse</span> <span class='ocrx_word' id='word_1_18' title='bbox 789 291 1048 334; x_wconf 84' lang='lat' dir='ltr'>persecutum.</span> <span class='ocrx_word' id='word_1_19' title='bbox 1107 283 1216 327; x_wconf 87' lang='lat' dir='ltr'>Quos</span> <span class='ocrx_word' id='word_1_20' title='bbox 1240 284 1268 322; x_wconf 83' lang='lat' dir='ltr'>si</span> <span class='ocrx_word' id='word_1_21' title='bbox 1299 286 1348 322; x_wconf 90' lang='lat' dir='ltr'>ob</span> <span class='ocrx_word' id='word_1_22' title='bbox 1375 284 1413 322; x_wconf 87' lang='lat' dir='ltr'>id</span> <span class='ocrx_word' id='word_1_23' title='bbox 1441 285 1589 336; x_wconf 83' lang='lat' dir='ltr'>culpas,</span> <span class='ocrx_word' id='word_1_24' title='bbox 1607 285 1713 336; x_wconf 91' lang='lat' dir='ltr'>quod</span> 
     </span>
     <span class='ocr_line' id='line_1_4' title="bbox 251 345 1711 396; baseline 0.001 -14"><span class='ocrx_word' id='word_1_25' title='bbox 251 345 318 382; x_wconf 87' lang='lat' dir='ltr'>tibi</span> <span class='ocrx_word' id='word_1_26' title='bbox 338 358 467 384; x_wconf 87' lang='lat' dir='ltr'>creare</span> <span class='ocrx_word' id='word_1_27' title='bbox 487 345 699 396; x_wconf 87' lang='lat' dir='ltr'>periculum</span> <span class='ocrx_word' id='word_1_28' title='bbox 715 346 934 392; x_wconf 89' lang='lat' dir='ltr'>noluerunt,</span> <span class='ocrx_word' id='word_1_29' title='bbox 948 347 1118 384; x_wconf 89' lang='lat' dir='ltr'>omnium</span> <span class='ocrx_word' id='word_1_30' title='bbox 1133 345 1330 384; x_wconf 83' lang='lat' dir='ltr'>hominum</span> <span class='ocrx_word' id='word_1_31' title='bbox 1347 360 1388 384; x_wconf 89' lang='lat' dir='ltr'>es</span> <span class='ocrx_word' id='word_1_32' title='bbox 1407 346 1711 385; x_wconf 86' lang='lat' dir='ltr'>audacissimus:</span> 
     </span>
     <span class='ocr_line' id='line_1_5' title="bbox 252 407 1713 460; baseline 0.001 -15"><span class='ocrx_word' id='word_1_33' title='bbox 252 408 308 445; x_wconf 89' lang='lat' dir='ltr'>sin</span> <span class='ocrx_word' id='word_1_34' title='bbox 331 407 385 444; x_wconf 82' lang='lat' dir='ltr'>ita</span> <span class='ocrx_word' id='word_1_35' title='bbox 405 407 556 458; x_wconf 83' lang='lat' dir='ltr'>probari</span> <span class='ocrx_word' id='word_1_36' title='bbox 572 420 707 446; x_wconf 83' lang='lat' dir='ltr'>censes</span> <span class='ocrx_word' id='word_1_37' title='bbox 727 421 858 446; x_wconf 81' lang='lat' dir='ltr'>causae</span> <span class='ocrx_word' id='word_1_38' title='bbox 879 416 957 446; x_wconf 76' lang='lat' dir='ltr'>tuae</span> <span class='ocrx_word' id='word_1_39' title='bbox 977 409 1200 454; x_wconf 79' lang='lat' dir='ltr'>bonitatem,</span> <span class='ocrx_word' id='word_1_40' title='bbox 1218 409 1346 460; x_wconf 86' lang='lat' dir='ltr'>inepte</span> <span class='ocrx_word' id='word_1_41' title='bbox 1366 409 1475 447; x_wconf 88' lang='lat' dir='ltr'>facis.</span> <span class='ocrx_word' id='word_1_42' title='bbox 1532 410 1594 447; x_wconf 92' lang='lat' dir='ltr'>An</span> <span class='ocrx_word' id='word_1_43' title='bbox 1611 409 1713 446; x_wconf 90' lang='lat' dir='ltr'>enim</span> 
     </span>
     <span class='ocr_line' id='line_1_6' title="bbox 249 469 1713 522; baseline 0.001 -16"><span class='ocrx_word' id='word_1_44' title='bbox 249 476 452 520; x_wconf 83' lang='lat' dir='ltr'>propterea</span> <span class='ocrx_word' id='word_1_45' title='bbox 469 469 528 508; x_wconf 82' lang='lat' dir='ltr'>lex</span> <span class='ocrx_word' id='word_1_46' title='bbox 547 477 612 508; x_wconf 88' lang='lat' dir='ltr'>tua</span> <span class='ocrx_word' id='word_1_47' title='bbox 632 470 766 508; x_wconf 83' lang='lat' dir='ltr'>melior</span> <span class='ocrx_word' id='word_1_48' title='bbox 785 478 859 515; x_wconf 87' lang='lat' dir='ltr'>est,</span> <span class='ocrx_word' id='word_1_49' title='bbox 881 471 910 508; x_wconf 88' lang='lat' dir='ltr'>si</span> <span class='ocrx_word' id='word_1_50' title='bbox 941 471 1026 521; x_wconf 86' lang='lat' dir='ltr'>quis</span> <span class='ocrx_word' id='word_1_51' title='bbox 1061 477 1346 518; x_wconf 81' lang='lat' dir='ltr'>accusatorum,</span> <span class='ocrx_word' id='word_1_52' title='bbox 1362 471 1585 522; x_wconf 86' lang='lat' dir='ltr'>priusquam</span> <span class='ocrx_word' id='word_1_53' title='bbox 1606 471 1713 507; x_wconf 89' lang='lat' dir='ltr'>veni-</span> 
     </span>
     <span class='ocr_line' id='line_1_7' title="bbox 253 530 1714 584; baseline 0.001 -16"><span class='ocrx_word' id='word_1_54' title='bbox 253 538 354 569; x_wconf 80' lang='lat' dir='ltr'>retur</span> <span class='ocrx_word' id='word_1_55' title='bbox 375 530 412 568; x_wconf 93' lang='lat' dir='ltr'>in</span> <span class='ocrx_word' id='word_1_56' title='bbox 439 531 641 581; x_wconf 78' lang='lat' dir='ltr'>judicium,</span> <span class='ocrx_word' id='word_1_57' title='bbox 663 531 723 569; x_wconf 88' lang='lat' dir='ltr'>vel</span> <span class='ocrx_word' id='word_1_58' title='bbox 745 532 852 577; x_wconf 88' lang='lat' dir='ltr'>obiit,</span> <span class='ocrx_word' id='word_1_59' title='bbox 874 532 932 569; x_wconf 92' lang='lat' dir='ltr'>vel</span> <span class='ocrx_word' id='word_1_60' title='bbox 953 545 976 570; x_wconf 84' lang='lat' dir='ltr'>a</span> <span class='ocrx_word' id='word_1_61' title='bbox 994 539 1032 570; x_wconf 87' lang='lat' dir='ltr'>te</span> <span class='ocrx_word' id='word_1_62' title='bbox 1057 539 1259 584; x_wconf 87' lang='lat' dir='ltr'>corruptus</span> <span class='ocrx_word' id='word_1_63' title='bbox 1290 534 1338 570; x_wconf 94' lang='lat' dir='ltr'>ab</span> <span class='ocrx_word' id='word_1_64' title='bbox 1369 533 1521 570; x_wconf 84' lang='lat' dir='ltr'>actione</span> <span class='ocrx_word' id='word_1_65' title='bbox 1553 531 1714 577; x_wconf 85' lang='lat' dir='ltr'>destitit,</span> 
     </span>
     <span class='ocr_line' id='line_1_8' title="bbox 252 592 1728 644; baseline 0.003 -15"><span class='ocrx_word' id='word_1_66' title='bbox 252 592 310 630; x_wconf 81' lang='lat' dir='ltr'>vel</span> <span class='ocrx_word' id='word_1_67' title='bbox 330 593 496 644; x_wconf 87' lang='lat' dir='ltr'>denique</span> <span class='ocrx_word' id='word_1_68' title='bbox 515 606 539 630; x_wconf 84' lang='lat' dir='ltr'>a</span> <span class='ocrx_word' id='word_1_69' title='bbox 556 599 596 630; x_wconf 86' lang='lat' dir='ltr'>te</span> <span class='ocrx_word' id='word_1_70' title='bbox 611 593 842 631; x_wconf 85' lang='lat' dir='ltr'>subornatus</span> <span class='ocrx_word' id='word_1_71' title='bbox 858 593 960 631; x_wconf 78' lang='lat' dir='ltr'>fuit?</span> <span class='ocrx_word' id='word_1_72' title='bbox 991 594 1057 632; x_wconf 90' lang='lat' dir='ltr'>sed</span> <span class='ocrx_word' id='word_1_73' title='bbox 1079 594 1153 632; x_wconf 88' lang='lat' dir='ltr'>ista</span> <span class='ocrx_word' id='word_1_74' title='bbox 1174 608 1220 632; x_wconf 88' lang='lat' dir='ltr'>ne</span> <span class='ocrx_word' id='word_1_75' title='bbox 1242 594 1317 632; x_wconf 91' lang='lat' dir='ltr'>dici</span> <span class='ocrx_word' id='word_1_76' title='bbox 1336 594 1491 644; x_wconf 87' lang='lat' dir='ltr'>quidem</span> <span class='ocrx_word' id='word_1_77' title='bbox 1505 600 1728 633; x_wconf 87' lang='lat' dir='ltr'>merentur..</span> 
     </span>
    </p>

    <p class='ocr_par' dir='ltr' id='par_1_3' title="bbox 248 653 1722 2929">
     <span class='ocr_line' id='line_1_9' title="bbox 306 653 1714 707; baseline 0 -16"><span class='ocrx_word' id='word_1_78' title='bbox 306 656 370 692; x_wconf 74' lang='lat'>32.</span> <span class='ocrx_word' id='word_1_79' title='bbox 401 653 552 692; x_wconf 85' lang='lat' dir='ltr'>Delecti</span> <span class='ocrx_word' id='word_1_80' title='bbox 580 660 670 692; x_wconf 91' lang='lat' dir='ltr'>sunt</span> <span class='ocrx_word' id='word_1_81' title='bbox 696 661 838 698; x_wconf 87' lang='lat' dir='ltr'>autem,</span> <span class='ocrx_word' id='word_1_82' title='bbox 865 656 929 705; x_wconf 92' lang='lat' dir='ltr'>qui</span> <span class='ocrx_word' id='word_1_83' title='bbox 963 656 1040 707; x_wconf 86' lang='lat' dir='ltr'>legi</span> <span class='ocrx_word' id='word_1_84' title='bbox 1075 656 1376 706; x_wconf 81' lang='lat' dir='ltr'>patrocinentur,</span> <span class='ocrx_word' id='word_1_85' title='bbox 1410 654 1714 706; x_wconf 82' lang='lat' dir='ltr'>eloquentissimi</span> 
     </span>
     <span class='ocr_line' id='line_1_10' title="bbox 250 714 1712 768; baseline 0.002 -17"><span class='ocrx_word' id='word_1_86' title='bbox 250 714 330 760; x_wconf 88' lang='lat' dir='ltr'>viri,</span> <span class='ocrx_word' id='word_1_87' title='bbox 350 714 570 753; x_wconf 83' lang='lat' dir='ltr'>Leodamas</span> <span class='ocrx_word' id='word_1_88' title='bbox 590 715 868 761; x_wconf 84' lang='lat' dir='ltr'>Acharnensis‚</span> <span class='ocrx_word' id='word_1_89' title='bbox 891 723 930 754; x_wconf 90' lang='lat' dir='ltr'>et</span> <span class='ocrx_word' id='word_1_90' title='bbox 961 717 1168 768; x_wconf 87' lang='lat' dir='ltr'>Aristopho</span> <span class='ocrx_word' id='word_1_91' title='bbox 1206 717 1447 763; x_wconf 88' lang='lat' dir='ltr'>Azeniensis,</span> <span class='ocrx_word' id='word_1_92' title='bbox 1467 724 1506 755; x_wconf 89' lang='lat' dir='ltr'>et</span> <span class='ocrx_word' id='word_1_93' title='bbox 1526 716 1712 768; x_wconf 88' lang='lat' dir='ltr'>Cephiso-</span> 
     </span>
     <span class='ocr_line' id='line_1_11' title="bbox 252 776 1713 830; baseline 0.001 -16"><span class='ocrx_word' id='word_1_94' title='bbox 252 777 369 814; x_wconf 84' lang='lat' dir='ltr'>dotus</span> <span class='ocrx_word' id='word_1_95' title='bbox 390 776 650 823; x_wconf 87' lang='lat' dir='ltr'>Ceramensis,</span> <span class='ocrx_word' id='word_1_96' title='bbox 673 784 713 814; x_wconf 91' lang='lat' dir='ltr'>et</span> <span class='ocrx_word' id='word_1_97' title='bbox 731 777 871 815; x_wconf 84' lang='lat' dir='ltr'>Dinias</span> <span class='ocrx_word' id='word_1_98' title='bbox 889 778 1123 816; x_wconf 88' lang='lat' dir='ltr'>Erchiensis.</span> <span class='ocrx_word' id='word_1_99' title='bbox 1182 779 1241 816; x_wconf 93' lang='lat' dir='ltr'>De</span> <span class='ocrx_word' id='word_1_100' title='bbox 1256 780 1409 828; x_wconf 87' lang='lat' dir='ltr'>quibus,</span> <span class='ocrx_word' id='word_1_101' title='bbox 1427 779 1518 830; x_wconf 83' lang='lat' dir='ltr'>quid</span> <span class='ocrx_word' id='word_1_102' title='bbox 1533 792 1604 816; x_wconf 87' lang='lat' dir='ltr'>vos</span> <span class='ocrx_word' id='word_1_103' title='bbox 1624 791 1713 816; x_wconf 88' lang='lat' dir='ltr'>sen-</span> 
     </span>
     <span class='ocr_line' id='line_1_12' title="bbox 250 840 1713 892; baseline 0.001 -16"><span class='ocrx_word' id='word_1_104' title='bbox 250 840 321 878; x_wconf 82' lang='lat' dir='ltr'>tire</span> <span class='ocrx_word' id='word_1_105' title='bbox 340 840 490 885; x_wconf 86' lang='lat' dir='ltr'>deceat,</span> <span class='ocrx_word' id='word_1_106' title='bbox 513 840 645 877; x_wconf 85' lang='lat' dir='ltr'>audite</span> <span class='ocrx_word' id='word_1_107' title='bbox 660 853 807 890; x_wconf 71' lang='lat' dir='ltr'>quaeSO,</span> <span class='ocrx_word' id='word_1_108' title='bbox 825 847 863 878; x_wconf 90' lang='lat' dir='ltr'>et</span> <span class='ocrx_word' id='word_1_109' title='bbox 880 841 1138 886; x_wconf 87' lang='lat' dir='ltr'>considerate,</span> <span class='ocrx_word' id='word_1_110' title='bbox 1161 854 1210 878; x_wconf 86' lang='lat' dir='ltr'>an</span> <span class='ocrx_word' id='word_1_111' title='bbox 1237 841 1345 878; x_wconf 90' lang='lat' dir='ltr'>vobis</span> <span class='ocrx_word' id='word_1_112' title='bbox 1359 842 1508 892; x_wconf 89' lang='lat' dir='ltr'>justum</span> <span class='ocrx_word' id='word_1_113' title='bbox 1524 841 1713 878; x_wconf 82' lang='lat' dir='ltr'>videatur.</span> 
     </span>
     <span class='ocr_line' id='line_1_13' title="bbox 251 902 1714 953; baseline 0.001 -15"><span class='ocrx_word' id='word_1_114' title='bbox 251 902 309 940; x_wconf 89' lang='lat' dir='ltr'>Ac</span> <span class='ocrx_word' id='word_1_115' title='bbox 340 902 505 952; x_wconf 84' lang='lat' dir='ltr'>primurn</span> <span class='ocrx_word' id='word_1_116' title='bbox 541 902 755 940; x_wconf 84' lang='lat' dir='ltr'>Leodamas</span> <span class='ocrx_word' id='word_1_117' title='bbox 786 902 965 940; x_wconf 73' lang='lat' dir='ltr'>Chabriae</span> <span class='ocrx_word' id='word_1_118' title='bbox 995 903 1240 940; x_wconf 86' lang='lat' dir='ltr'>donationem</span> <span class='ocrx_word' id='word_1_119' title='bbox 1271 903 1483 947; x_wconf 89' lang='lat' dir='ltr'>accusavit,</span> <span class='ocrx_word' id='word_1_120' title='bbox 1503 915 1590 953; x_wconf 86' lang='lat' dir='ltr'>quae</span> <span class='ocrx_word' id='word_1_121' title='bbox 1618 903 1714 940; x_wconf 88' lang='lat' dir='ltr'>inter</span> 
     </span>
     <span class='ocr_line' id='line_1_14' title="bbox 249 963 1714 1015; baseline 0.001 -14"><span class='ocrx_word' id='word_1_122' title='bbox 249 964 324 1002; x_wconf 82' lang='lat' dir='ltr'>alia</span> <span class='ocrx_word' id='word_1_123' title='bbox 344 964 597 1002; x_wconf 85' lang='lat' dir='ltr'>immunitatis</span> <span class='ocrx_word' id='word_1_124' title='bbox 617 965 762 1002; x_wconf 87' lang='lat' dir='ltr'>donum</span> <span class='ocrx_word' id='word_1_125' title='bbox 794 964 980 1010; x_wconf 90' lang='lat' dir='ltr'>continet,</span> <span class='ocrx_word' id='word_1_126' title='bbox 1001 971 1040 1002; x_wconf 90' lang='lat' dir='ltr'>et</span> <span class='ocrx_word' id='word_1_127' title='bbox 1072 964 1173 1014; x_wconf 84' lang='lat' dir='ltr'>apud</span> <span class='ocrx_word' id='word_1_128' title='bbox 1212 976 1278 1001; x_wconf 90' lang='lat' dir='ltr'>vos</span> <span class='ocrx_word' id='word_1_129' title='bbox 1310 963 1460 1015; x_wconf 90' lang='lat' dir='ltr'>judicio</span> <span class='ocrx_word' id='word_1_130' title='bbox 1488 965 1610 1001; x_wconf 89' lang='lat' dir='ltr'>victus</span> <span class='ocrx_word' id='word_1_131' title='bbox 1641 971 1714 1002; x_wconf 81' lang='lat' dir='ltr'>est.</span> 
     </span>
     <span class='ocr_line' id='line_1_15' title="bbox 252 1025 1712 1077; baseline 0.001 -14"><span class='ocrx_word' id='word_1_132' title='bbox 252 1025 376 1076; x_wconf 87' lang='lat' dir='ltr'>Leges</span> <span class='ocrx_word' id='word_1_133' title='bbox 395 1033 525 1064; x_wconf 90' lang='lat' dir='ltr'>autem</span> <span class='ocrx_word' id='word_1_134' title='bbox 545 1032 679 1064; x_wconf 88' lang='lat' dir='ltr'>vetant</span> <span class='ocrx_word' id='word_1_135' title='bbox 693 1040 740 1064; x_wconf 91' lang='lat' dir='ltr'>ne</span> <span class='ocrx_word' id='word_1_136' title='bbox 759 1026 820 1063; x_wconf 89' lang='lat' dir='ltr'>bis</span> <span class='ocrx_word' id='word_1_137' title='bbox 840 1039 928 1063; x_wconf 89' lang='lat' dir='ltr'>cum</span> <span class='ocrx_word' id='word_1_138' title='bbox 949 1026 1085 1063; x_wconf 85' lang='lat' dir='ltr'>eodem</span> <span class='ocrx_word' id='word_1_139' title='bbox 1106 1025 1242 1062; x_wconf 85' lang='lat' dir='ltr'>iisdem</span> <span class='ocrx_word' id='word_1_140' title='bbox 1263 1025 1311 1063; x_wconf 91' lang='lat' dir='ltr'>de</span> <span class='ocrx_word' id='word_1_141' title='bbox 1331 1027 1446 1064; x_wconf 90' lang='lat' dir='ltr'>rebus</span> <span class='ocrx_word' id='word_1_142' title='bbox 1467 1025 1548 1064; x_wconf 92' lang='lat' dir='ltr'>ullo</span> <span class='ocrx_word' id='word_1_143' title='bbox 1562 1025 1712 1077; x_wconf 87' lang='lat' dir='ltr'>judicio</span> 
     </span>
     <span class='ocr_line' id='line_1_16' title="bbox 250 1087 1716 1139; baseline -0.001 -12"><span class='ocrx_word' id='word_1_144' title='bbox 250 1095 317 1127; x_wconf 89' lang='lat' dir='ltr'>aut</span> <span class='ocrx_word' id='word_1_145' title='bbox 335 1089 482 1127; x_wconf 87' lang='lat' dir='ltr'>ratione</span> <span class='ocrx_word' id='word_1_146' title='bbox 499 1088 561 1139; x_wconf 84' lang='lat' dir='ltr'>agi</span> <span class='ocrx_word' id='word_1_147' title='bbox 591 1088 715 1126; x_wconf 87' lang='lat' dir='ltr'>liceat.</span> <span class='ocrx_word' id='word_1_148' title='bbox 775 1087 905 1126; x_wconf 88' lang='lat' dir='ltr'>Fuerit</span> <span class='ocrx_word' id='word_1_149' title='bbox 924 1095 1052 1126; x_wconf 84' lang='lat' dir='ltr'>autem</span> <span class='ocrx_word' id='word_1_150' title='bbox 1072 1087 1242 1126; x_wconf 86' lang='lat' dir='ltr'>omnium</span> <span class='ocrx_word' id='word_1_151' title='bbox 1272 1088 1604 1133; x_wconf 85' lang='lat' dir='ltr'>absurdissimum,</span> <span class='ocrx_word' id='word_1_152' title='bbox 1624 1100 1716 1125; x_wconf 90' lang='lat' dir='ltr'>cum</span> 
     </span>
     <span class='ocr_line' id='line_1_17' title="bbox 253 1148 1719 1202; baseline -0.001 -15"><span class='ocrx_word' id='word_1_153' title='bbox 253 1149 434 1188; x_wconf 79' lang='lat' dir='ltr'>Chabriae</span> <span class='ocrx_word' id='word_1_154' title='bbox 453 1150 625 1189; x_wconf 84' lang='lat' dir='ltr'>facinora</span> <span class='ocrx_word' id='word_1_155' title='bbox 654 1150 758 1202; x_wconf 87' lang='lat' dir='ltr'>apud</span> <span class='ocrx_word' id='word_1_156' title='bbox 791 1162 861 1187; x_wconf 89' lang='lat' dir='ltr'>vos</span> <span class='ocrx_word' id='word_1_157' title='bbox 894 1156 976 1187; x_wconf 85' lang='lat' dir='ltr'>tum</span> <span class='ocrx_word' id='word_1_158' title='bbox 1009 1149 1098 1201; x_wconf 88' lang='lat' dir='ltr'>plus</span> <span class='ocrx_word' id='word_1_159' title='bbox 1132 1149 1322 1187; x_wconf 84' lang='lat' dir='ltr'>valuerint</span> <span class='ocrx_word' id='word_1_160' title='bbox 1346 1162 1462 1200; x_wconf 84' lang='lat' dir='ltr'>quam</span> <span class='ocrx_word' id='word_1_161' title='bbox 1495 1148 1719 1199; x_wconf 85' lang='lat' dir='ltr'>eloquentia</span> 
     </span>
     <span class='ocr_line' id='line_1_18' title="bbox 251 1210 1715 1256; baseline -0.001 -6"><span class='ocrx_word' id='word_1_162' title='bbox 251 1211 550 1250; x_wconf 85' lang='lat' dir='ltr'>Leodamantis:</span> <span class='ocrx_word' id='word_1_163' title='bbox 580 1224 684 1250; x_wconf 86' lang='lat' dir='ltr'>nunc</span> <span class='ocrx_word' id='word_1_164' title='bbox 705 1211 875 1256; x_wconf 82' lang='lat' dir='ltr'>demum,</span> <span class='ocrx_word' id='word_1_165' title='bbox 896 1224 984 1248; x_wconf 87' lang='lat' dir='ltr'>cum</span> <span class='ocrx_word' id='word_1_166' title='bbox 1006 1218 1045 1249; x_wconf 88' lang='lat' dir='ltr'>et</span> <span class='ocrx_word' id='word_1_167' title='bbox 1067 1211 1131 1248; x_wconf 85' lang='lat' dir='ltr'>illa</span> <span class='ocrx_word' id='word_1_168' title='bbox 1156 1218 1327 1256; x_wconf 85' lang='lat' dir='ltr'>manent,</span> <span class='ocrx_word' id='word_1_169' title='bbox 1362 1218 1401 1248; x_wconf 88' lang='lat' dir='ltr'>et</span> <span class='ocrx_word' id='word_1_170' title='bbox 1433 1211 1591 1248; x_wconf 83' lang='lat' dir='ltr'>aliorum</span> <span class='ocrx_word' id='word_1_171' title='bbox 1612 1210 1715 1248; x_wconf 84' lang='lat' dir='ltr'>facta</span> 
     </span>
     <span class='ocr_line' id='line_1_19' title="bbox 249 1272 1712 1325; baseline -0.001 -13"><span class='ocrx_word' id='word_1_172' title='bbox 249 1275 315 1325; x_wconf 90' lang='lat' dir='ltr'>qui</span> <span class='ocrx_word' id='word_1_173' title='bbox 333 1275 433 1312; x_wconf 89' lang='lat' dir='ltr'>bene</span> <span class='ocrx_word' id='word_1_174' title='bbox 453 1275 501 1312; x_wconf 89' lang='lat' dir='ltr'>de</span> <span class='ocrx_word' id='word_1_175' title='bbox 518 1273 715 1325; x_wconf 87' lang='lat' dir='ltr'>republica</span> <span class='ocrx_word' id='word_1_176' title='bbox 735 1272 858 1311; x_wconf 88' lang='lat' dir='ltr'>meriti</span> <span class='ocrx_word' id='word_1_177' title='bbox 876 1279 963 1311; x_wconf 82' lang='lat' dir='ltr'>sunt</span> <span class='ocrx_word' id='word_1_178' title='bbox 980 1278 1241 1318; x_wconf 86' lang='lat' dir='ltr'>accesserunt,</span> <span class='ocrx_word' id='word_1_179' title='bbox 1261 1272 1370 1310; x_wconf 84' lang='lat' dir='ltr'>istius</span> <span class='ocrx_word' id='word_1_180' title='bbox 1392 1272 1613 1323; x_wconf 83' lang='lat' dir='ltr'>eloquentia</span> <span class='ocrx_word' id='word_1_181' title='bbox 1627 1272 1712 1310; x_wconf 89' lang='lat' dir='ltr'>uni-</span> 
     </span>
     <span class='ocr_line' id='line_1_20' title="bbox 248 1332 1714 1387; baseline -0.001 -15"><span class='ocrx_word' id='word_1_182' title='bbox 248 1348 362 1374; x_wconf 86' lang='lat' dir='ltr'>versa</span> <span class='ocrx_word' id='word_1_183' title='bbox 381 1336 565 1387; x_wconf 88' lang='lat' dir='ltr'>superari.</span> <span class='ocrx_word' id='word_1_184' title='bbox 624 1335 669 1372; x_wconf 90' lang='lat' dir='ltr'>In</span> <span class='ocrx_word' id='word_1_185' title='bbox 688 1334 1004 1386; x_wconf 84' lang='lat' dir='ltr'>Aristophontem</span> <span class='ocrx_word' id='word_1_186' title='bbox 1031 1340 1126 1384; x_wconf 87' lang='lat' dir='ltr'>puto</span> <span class='ocrx_word' id='word_1_187' title='bbox 1145 1346 1207 1371; x_wconf 89' lang='lat' dir='ltr'>me</span> <span class='ocrx_word' id='word_1_188' title='bbox 1227 1332 1369 1374; x_wconf 86' lang='lat' dir='ltr'>habere</span> <span class='ocrx_word' id='word_1_189' title='bbox 1388 1333 1509 1371; x_wconf 87' lang='lat' dir='ltr'>multa</span> <span class='ocrx_word' id='word_1_190' title='bbox 1526 1346 1613 1384; x_wconf 85' lang='lat' dir='ltr'>quae</span> <span class='ocrx_word' id='word_1_191' title='bbox 1627 1333 1714 1384; x_wconf 85' lang='lat' dir='ltr'>jure</span> 
     </span>
     <span class='ocr_line' id='line_1_21' title="bbox 249 1394 1716 1445; baseline -0.003 -9"><span class='ocrx_word' id='word_1_192' title='bbox 249 1399 389 1436; x_wconf 87' lang='lat' dir='ltr'>dicam.</span> <span class='ocrx_word' id='word_1_193' title='bbox 449 1399 486 1436; x_wconf 87' lang='lat' dir='ltr'>Is</span> <span class='ocrx_word' id='word_1_194' title='bbox 507 1398 753 1436; x_wconf 81' lang='lat' dir='ltr'>donationem</span> <span class='ocrx_word' id='word_1_195' title='bbox 774 1410 797 1435; x_wconf 84' lang='lat' dir='ltr'>a</span> <span class='ocrx_word' id='word_1_196' title='bbox 812 1397 920 1435; x_wconf 89' lang='lat' dir='ltr'>vobis</span> <span class='ocrx_word' id='word_1_197' title='bbox 947 1402 1179 1434; x_wconf 89' lang='lat' dir='ltr'>consecutus</span> <span class='ocrx_word' id='word_1_198' title='bbox 1210 1402 1284 1441; x_wconf 88' lang='lat' dir='ltr'>est,</span> <span class='ocrx_word' id='word_1_199' title='bbox 1305 1409 1381 1445; x_wconf 87' lang='lat' dir='ltr'>qua</span> <span class='ocrx_word' id='word_1_200' title='bbox 1402 1395 1517 1433; x_wconf 88' lang='lat' dir='ltr'>etiam</span> <span class='ocrx_word' id='word_1_201' title='bbox 1535 1394 1716 1432; x_wconf 86' lang='lat' dir='ltr'>immuni-</span> 
     </span>
     <span class='ocr_line' id='line_1_22' title="bbox 248 1457 1716 1509; baseline -0.002 -11"><span class='ocrx_word' id='word_1_202' title='bbox 248 1467 309 1498; x_wconf 87' lang='lat' dir='ltr'>tas</span> <span class='ocrx_word' id='word_1_203' title='bbox 339 1460 558 1498; x_wconf 85' lang='lat' dir='ltr'>continetur</span> <span class='ocrx_word' id='word_1_204' title='bbox 579 1473 716 1498; x_wconf 84' lang='lat' dir='ltr'>:——nec</span> <span class='ocrx_word' id='word_1_205' title='bbox 753 1460 791 1496; x_wconf 86' lang='lat' dir='ltr'>id</span> <span class='ocrx_word' id='word_1_206' title='bbox 824 1472 897 1508; x_wconf 83' lang='lat' dir='ltr'>ego</span> <span class='ocrx_word' id='word_1_207' title='bbox 924 1457 1188 1509; x_wconf 80' lang='lat' dir='ltr'>reprehend03</span> <span class='ocrx_word' id='word_1_208' title='bbox 1233 1471 1351 1508; x_wconf 89' lang='lat' dir='ltr'>penes</span> <span class='ocrx_word' id='word_1_209' title='bbox 1382 1470 1451 1495; x_wconf 88' lang='lat' dir='ltr'>vos</span> <span class='ocrx_word' id='word_1_210' title='bbox 1492 1458 1594 1495; x_wconf 88' lang='lat' dir='ltr'>enim</span> <span class='ocrx_word' id='word_1_211' title='bbox 1629 1469 1716 1495; x_wconf 88' lang='lat' dir='ltr'>esse</span> 
     </span>
     <span class='ocr_line' id='line_1_23' title="bbox 250 1518 1714 1572; baseline -0.001 -13"><span class='ocrx_word' id='word_1_212' title='bbox 250 1521 378 1565; x_wconf 88' lang='lat' dir='ltr'>decet,</span> <span class='ocrx_word' id='word_1_213' title='bbox 409 1527 452 1559; x_wconf 85' lang='lat' dir='ltr'>ut</span> <span class='ocrx_word' id='word_1_214' title='bbox 477 1529 617 1567; x_wconf 84' lang='lat' dir='ltr'>vestra,</span> <span class='ocrx_word' id='word_1_215' title='bbox 649 1521 945 1572; x_wconf 85' lang='lat' dir='ltr'>quibuscunque</span> <span class='ocrx_word' id='word_1_216' title='bbox 977 1520 1102 1557; x_wconf 82' lang='lat' dir='ltr'>visum</span> <span class='ocrx_word' id='word_1_217' title='bbox 1136 1518 1243 1556; x_wconf 90' lang='lat' dir='ltr'>vobis</span> <span class='ocrx_word' id='word_1_218' title='bbox 1272 1519 1399 1559; x_wconf 80' lang='lat' dir='ltr'>fuerit.</span> <span class='ocrx_word' id='word_1_219' title='bbox 1433 1518 1614 1557; x_wconf 78' lang='lat' dir='ltr'>detis—z</span> <span class='ocrx_word' id='word_1_220' title='bbox 1645 1519 1714 1557; x_wconf 91' lang='lat' dir='ltr'>sed</span> 
     </span>
     <span class='ocr_line' id='line_1_24' title="bbox 251 1580 1716 1636; baseline -0.003 -14"><span class='ocrx_word' id='word_1_221' title='bbox 251 1584 346 1623; x_wconf 89' lang='lat' dir='ltr'>illud</span> <span class='ocrx_word' id='word_1_222' title='bbox 365 1584 538 1636; x_wconf 85' lang='lat' dir='ltr'>iniquum</span> <span class='ocrx_word' id='word_1_223' title='bbox 560 1597 647 1622; x_wconf 87' lang='lat' dir='ltr'>esse</span> <span class='ocrx_word' id='word_1_224' title='bbox 667 1583 768 1630; x_wconf 85' lang='lat' dir='ltr'>dico,</span> <span class='ocrx_word' id='word_1_225' title='bbox 784 1582 889 1633; x_wconf 82' lang='lat' dir='ltr'>quod</span> <span class='ocrx_word' id='word_1_226' title='bbox 910 1595 975 1620; x_wconf 90' lang='lat' dir='ltr'>eas</span> <span class='ocrx_word' id='word_1_227' title='bbox 996 1581 1292 1619; x_wconf 86' lang='lat' dir='ltr'>commoditates</span> <span class='ocrx_word' id='word_1_228' title='bbox 1312 1581 1374 1618; x_wconf 88' lang='lat' dir='ltr'>isti</span> <span class='ocrx_word' id='word_1_229' title='bbox 1394 1580 1522 1627; x_wconf 87' lang='lat' dir='ltr'>tribui,</span> <span class='ocrx_word' id='word_1_230' title='bbox 1536 1580 1716 1632; x_wconf 88' lang='lat' dir='ltr'>aequissi-</span> 
     </span>
     <span class='ocr_line' id='line_1_25' title="bbox 252 1643 1716 1697; baseline -0.003 -13"><span class='ocrx_word' id='word_1_231' title='bbox 252 1659 313 1684; x_wconf 76' lang='lat' dir='ltr'>nio</span> <span class='ocrx_word' id='word_1_232' title='bbox 334 1647 462 1685; x_wconf 86' lang='lat' dir='ltr'>animo</span> <span class='ocrx_word' id='word_1_233' title='bbox 492 1659 646 1697; x_wconf 83' lang='lat' dir='ltr'>passus,</span> <span class='ocrx_word' id='word_1_234' title='bbox 666 1658 770 1683; x_wconf 90' lang='lat' dir='ltr'>nune</span> <span class='ocrx_word' id='word_1_235' title='bbox 800 1644 956 1682; x_wconf 83' lang='lat' dir='ltr'>demum</span> <span class='ocrx_word' id='word_1_236' title='bbox 979 1650 1188 1694; x_wconf 84' lang='lat' dir='ltr'>postquam</span> <span class='ocrx_word' id='word_1_237' title='bbox 1221 1643 1369 1681; x_wconf 85' lang='lat' dir='ltr'>eaedem</span> <span class='ocrx_word' id='word_1_238' title='bbox 1402 1643 1489 1680; x_wconf 87' lang='lat' dir='ltr'>aliis</span> <span class='ocrx_word' id='word_1_239' title='bbox 1517 1655 1716 1681; x_wconf 88' lang='lat' dir='ltr'>concessae</span> 
     </span>
     <span class='ocr_line' id='line_1_26' title="bbox 251 1703 1716 1758; baseline -0.002 -13"><span class='ocrx_word' id='word_1_240' title='bbox 251 1715 354 1753; x_wconf 87' lang='lat' dir='ltr'>sunt,</span> <span class='ocrx_word' id='word_1_241' title='bbox 378 1708 613 1758; x_wconf 79' lang='lat' dir='ltr'>indignatur,</span> <span class='ocrx_word' id='word_1_242' title='bbox 634 1714 674 1745; x_wconf 85' lang='lat' dir='ltr'>et</span> <span class='ocrx_word' id='word_1_243' title='bbox 692 1706 799 1744; x_wconf 87' lang='lat' dir='ltr'>vobis</span> <span class='ocrx_word' id='word_1_244' title='bbox 822 1706 960 1744; x_wconf 81' lang='lat' dir='ltr'>suadet</span> <span class='ocrx_word' id='word_1_245' title='bbox 989 1713 1047 1743; x_wconf 58' lang='lat' dir='ltr'>ut1</span> <span class='ocrx_word' id='word_1_246' title='bbox 1063 1718 1129 1742; x_wconf 88' lang='lat' dir='ltr'>eos</span> <span class='ocrx_word' id='word_1_247' title='bbox 1162 1704 1350 1756; x_wconf 87' lang='lat' dir='ltr'>spolietis.</span> <span class='ocrx_word' id='word_1_248' title='bbox 1407 1704 1462 1742; x_wconf 79' lang='lat' dir='ltr'>Et</span> <span class='ocrx_word' id='word_1_249' title='bbox 1479 1703 1634 1755; x_wconf 81' lang='lat' dir='ltr'>quidem</span> <span class='ocrx_word' id='word_1_250' title='bbox 1654 1704 1716 1742; x_wconf 86' lang='lat' dir='ltr'>hic</span> 
     </span>
     <span class='ocr_line' id='line_1_27' title="bbox 252 1766 1718 1819; baseline -0.002 -11"><span class='ocrx_word' id='word_1_251' title='bbox 252 1778 386 1809; x_wconf 83' lang='lat' dir='ltr'>auctor</span> <span class='ocrx_word' id='word_1_252' title='bbox 411 1770 485 1808; x_wconf 80' lang='lat' dir='ltr'>fuit</span> <span class='ocrx_word' id='word_1_253' title='bbox 517 1777 560 1807; x_wconf 87' lang='lat' dir='ltr'>ut</span> <span class='ocrx_word' id='word_1_254' title='bbox 593 1768 792 1808; x_wconf 87' lang='lat' dir='ltr'>Gelarcbo</span> <span class='ocrx_word' id='word_1_255' title='bbox 811 1768 979 1819; x_wconf 87' lang='lat' dir='ltr'>quinque</span> <span class='ocrx_word' id='word_1_256' title='bbox 1002 1767 1149 1804; x_wconf 85' lang='lat' dir='ltr'>talenta</span> <span class='ocrx_word' id='word_1_257' title='bbox 1166 1772 1473 1813; x_wconf 85' lang='lat' dir='ltr'>numerarentur,</span> <span class='ocrx_word' id='word_1_258' title='bbox 1492 1766 1599 1816; x_wconf 88' lang='lat' dir='ltr'>quod</span> <span class='ocrx_word' id='word_1_259' title='bbox 1619 1766 1652 1803; x_wconf 88' lang='lat' dir='ltr'>is</span> <span class='ocrx_word' id='word_1_260' title='bbox 1670 1778 1718 1805; x_wconf 86' lang='lat' dir='ltr'>ea</span> 
     </span>
     <span class='ocr_line' id='line_1_28' title="bbox 253 1827 1717 1882; baseline -0.003 -12"><span class='ocrx_word' id='word_1_261' title='bbox 253 1833 539 1870; x_wconf 82' lang='lat' dir='ltr'>commodasset</span> <span class='ocrx_word' id='word_1_262' title='bbox 558 1832 612 1870; x_wconf 82' lang='lat' dir='ltr'>eis</span> <span class='ocrx_word' id='word_1_263' title='bbox 637 1845 656 1869; x_wconf 92' lang='lat' dir='ltr'>e</span> <span class='ocrx_word' id='word_1_264' title='bbox 677 1830 829 1882; x_wconf 87' lang='lat' dir='ltr'>Populo</span> <span class='ocrx_word' id='word_1_265' title='bbox 845 1830 963 1880; x_wconf 86' lang='lat' dir='ltr'>quiin</span> <span class='ocrx_word' id='word_1_266' title='bbox 987 1829 1177 1866; x_wconf 64' lang='lat' dir='ltr'>Piraeeum</span> <span class='ocrx_word' id='word_1_267' title='bbox 1199 1835 1462 1866; x_wconf 82' lang='lat' dir='ltr'>secesserant:</span> <span class='ocrx_word' id='word_1_268' title='bbox 1492 1841 1565 1866; x_wconf 86' lang='lat' dir='ltr'>nec</span> <span class='ocrx_word' id='word_1_269' title='bbox 1584 1827 1622 1866; x_wconf 84' lang='lat' dir='ltr'>id</span> <span class='ocrx_word' id='word_1_270' title='bbox 1643 1841 1717 1878; x_wconf 86' lang='lat' dir='ltr'>ego</span> 
     </span>
     <span class='ocr_line' id='line_1_29' title="bbox 252 1889 1716 1946; baseline -0.003 -14"><span class='ocrx_word' id='word_1_271' title='bbox 252 1895 519 1946; x_wconf 77' lang='lat' dir='ltr'>reprehendo:</span> <span class='ocrx_word' id='word_1_272' title='bbox 552 1894 620 1931; x_wconf 81' lang='lat' dir='ltr'>sed</span> <span class='ocrx_word' id='word_1_273' title='bbox 641 1893 773 1946; x_wconf 87' lang='lat' dir='ltr'>potius·</span> <span class='ocrx_word' id='word_1_274' title='bbox 789 1898 893 1929; x_wconf 83' lang='lat' dir='ltr'>recte</span> <span class='ocrx_word' id='word_1_275' title='bbox 907 1891 1052 1928; x_wconf 82' lang='lat' dir='ltr'>factum</span> <span class='ocrx_word' id='word_1_276' title='bbox 1072 1903 1158 1928; x_wconf 87' lang='lat' dir='ltr'>esse</span> <span class='ocrx_word' id='word_1_277' title='bbox 1180 1903 1335 1928; x_wconf 88' lang='lat' dir='ltr'>censeo.</span> <span class='ocrx_word' id='word_1_278' title='bbox 1393 1889 1456 1927; x_wconf 91' lang='lat' dir='ltr'>Ne</span> <span class='ocrx_word' id='word_1_279' title='bbox 1475 1889 1605 1941; x_wconf 84' lang='lat' dir='ltr'>igitur,</span> <span class='ocrx_word' id='word_1_280' title='bbox 1625 1903 1716 1928; x_wconf 89' lang='lat' dir='ltr'>cum</span> 
     </span>
     <span class='ocr_line' id='line_1_30' title="bbox 251 1951 1716 2008; baseline -0.003 -13"><span class='ocrx_word' id='word_1_281' title='bbox 251 1965 292 2004; x_wconf 79' lang='lat' dir='ltr'>tu</span> <span class='ocrx_word' id='word_1_282' title='bbox 315 1970 374 2003; x_wconf 85' lang='lat' dir='ltr'>ea,</span> <span class='ocrx_word' id='word_1_283' title='bbox 402 1970 488 2008; x_wconf 87' lang='lat' dir='ltr'>quae</span> <span class='ocrx_word' id='word_1_284' title='bbox 520 1963 620 1994; x_wconf 89' lang='lat' dir='ltr'>teste</span> <span class='ocrx_word' id='word_1_285' title='bbox 642 1955 748 1993; x_wconf 93' lang='lat' dir='ltr'>nullo</span> <span class='ocrx_word' id='word_1_286' title='bbox 767 1955 991 2006; x_wconf 83' lang='lat' dir='ltr'>probantur,</span> <span class='ocrx_word' id='word_1_287' title='bbox 1013 1966 1080 2004; x_wconf 90' lang='lat' dir='ltr'>per</span> <span class='ocrx_word' id='word_1_288' title='bbox 1100 1965 1259 1989; x_wconf 87' lang='lat' dir='ltr'>causam</span> <span class='ocrx_word' id='word_1_289' title='bbox 1281 1951 1419 2002; x_wconf 89' lang='lat' dir='ltr'>Populi</span> <span class='ocrx_word' id='word_1_290' title='bbox 1440 1951 1607 1997; x_wconf 89' lang='lat' dir='ltr'>dederis,</span> <span class='ocrx_word' id='word_1_291' title='bbox 1627 1964 1716 1990; x_wconf 84' lang='lat' dir='ltr'>sua·-</span> 
     </span>
     <span class='ocr_line' id='line_1_31' title="bbox 256 2013 1718 2069; baseline -0.005 -12"><span class='ocrx_word' id='word_1_292' title='bbox 256 2019 350 2057; x_wconf 80' lang='lat' dir='ltr'>deas</span> <span class='ocrx_word' id='word_1_293' title='bbox 372 2026 413 2057; x_wconf 90' lang='lat' dir='ltr'>ut</span> <span class='ocrx_word' id='word_1_294' title='bbox 428 2019 513 2056; x_wconf 85' lang='lat' dir='ltr'>haec</span> <span class='ocrx_word' id='word_1_295' title='bbox 534 2018 756 2069; x_wconf 85' lang='lat' dir='ltr'>eripiantur,</span> <span class='ocrx_word' id='word_1_296' title='bbox 775 2028 938 2066; x_wconf 86' lang='lat' dir='ltr'>quorum</span> <span class='ocrx_word' id='word_1_297' title='bbox 970 2015 1051 2066; x_wconf 87' lang='lat' dir='ltr'>ipse</span> <span class='ocrx_word' id='word_1_298' title='bbox 1085 2013 1258 2065; x_wconf 89' lang='lat' dir='ltr'>Populus</span> <span class='ocrx_word' id='word_1_299' title='bbox 1292 2013 1528 2059; x_wconf 85' lang='lat' dir='ltr'>testimonia,</span> <span class='ocrx_word' id='word_1_300' title='bbox 1547 2022 1587 2052; x_wconf 88' lang='lat' dir='ltr'>et</span> <span class='ocrx_word' id='word_1_301' title='bbox 1604 2013 1640 2050; x_wconf 89' lang='lat' dir='ltr'>in</span> <span class='ocrx_word' id='word_1_302' title='bbox 1660 2013 1718 2051; x_wconf 89' lang='lat' dir='ltr'>in-</span> 
     </span>
     <span class='ocr_line' id='line_1_32' title="bbox 254 2075 1718 2132; baseline -0.005 -12"><span class='ocrx_word' id='word_1_303' title='bbox 254 2081 524 2132; x_wconf 85' lang='lat' dir='ltr'>scriptionibus</span> <span class='ocrx_word' id='word_1_304' title='bbox 554 2079 798 2131; x_wconf 83' lang='lat' dir='ltr'>templorum,</span> <span class='ocrx_word' id='word_1_305' title='bbox 820 2077 952 2122; x_wconf 84' lang='lat' dir='ltr'>erexit,</span> <span class='ocrx_word' id='word_1_306' title='bbox 983 2083 1021 2114; x_wconf 90' lang='lat' dir='ltr'>et</span> <span class='ocrx_word' id='word_1_307' title='bbox 1053 2088 1187 2114; x_wconf 90' lang='lat' dir='ltr'>omnes</span> <span class='ocrx_word' id='word_1_308' title='bbox 1219 2075 1364 2113; x_wconf 88' lang='lat' dir='ltr'>conscii</span> <span class='ocrx_word' id='word_1_309' title='bbox 1403 2083 1518 2113; x_wconf 87' lang='lat' dir='ltr'>sunt:</span> <span class='ocrx_word' id='word_1_310' title='bbox 1549 2088 1621 2113; x_wconf 89' lang='lat' dir='ltr'>nec</span> <span class='ocrx_word' id='word_1_311' title='bbox 1653 2075 1718 2126; x_wconf 87' lang='lat' dir='ltr'>qui</span> 
     </span>
     <span class='ocr_line' id='line_1_33' title="bbox 255 2138 1718 2188; baseline -0.005 -6"><span class='ocrx_word' id='word_1_312' title='bbox 255 2145 386 2182; x_wconf 76' lang='lat' dir='ltr'>debita</span> <span class='ocrx_word' id='word_1_313' title='bbox 405 2143 605 2183; x_wconf 85' lang='lat' dir='ltr'>reddenda</span> <span class='ocrx_word' id='word_1_314' title='bbox 625 2155 710 2180; x_wconf 88' lang='lat' dir='ltr'>esse</span> <span class='ocrx_word' id='word_1_315' title='bbox 731 2140 950 2186; x_wconf 88' lang='lat' dir='ltr'>decrevisti,</span> <span class='ocrx_word' id='word_1_316' title='bbox 971 2139 1072 2177; x_wconf 81' lang='lat' dir='ltr'>idem</span> <span class='ocrx_word' id='word_1_317' title='bbox 1093 2139 1269 2187; x_wconf 87' lang='lat' dir='ltr'>horteris,</span> <span class='ocrx_word' id='word_1_318' title='bbox 1286 2145 1334 2176; x_wconf 72' lang='lat' dir='ltr'>vut</span> <span class='ocrx_word' id='word_1_319' title='bbox 1353 2138 1491 2188; x_wconf 88' lang='lat' dir='ltr'>aliquis</span> <span class='ocrx_word' id='word_1_320' title='bbox 1510 2138 1555 2175; x_wconf 86' lang='lat' dir='ltr'>iis</span> <span class='ocrx_word' id='word_1_321' title='bbox 1576 2138 1718 2188; x_wconf 88' lang='lat' dir='ltr'>spolie—</span> 
     </span>
     <span class='ocr_line' id='line_1_34' title="bbox 255 2200 1717 2258; baseline -0.006 -14"><span class='ocrx_word' id='word_1_322' title='bbox 255 2214 331 2253; x_wconf 88' lang='lat' dir='ltr'>tur,</span> <span class='ocrx_word' id='word_1_323' title='bbox 352 2220 438 2257; x_wconf 86' lang='lat' dir='ltr'>quae</span> <span class='ocrx_word' id='word_1_324' title='bbox 459 2205 611 2258; x_wconf 90' lang='lat' dir='ltr'>Populo</span> <span class='ocrx_word' id='word_1_325' title='bbox 631 2210 795 2255; x_wconf 84' lang='lat' dir='ltr'>accepta</span> <span class='ocrx_word' id='word_1_326' title='bbox 808 2202 951 2240; x_wconf 86' lang='lat' dir='ltr'>retulit.</span> <span class='ocrx_word' id='word_1_327' title='bbox 994 2201 1082 2238; x_wconf 82' lang='lat' dir='ltr'>Jam</span> <span class='ocrx_word' id='word_1_328' title='bbox 1105 2200 1369 2251; x_wconf 83' lang='lat' dir='ltr'>Cephisodoto</span> <span class='ocrx_word' id='word_1_329' title='bbox 1389 2206 1539 2236; x_wconf 85' lang='lat' dir='ltr'>tantum</span> <span class='ocrx_word' id='word_1_330' title='bbox 1560 2211 1717 2249; x_wconf 85' lang='lat' dir='ltr'>respon-</span> 
     </span>
     <span class='ocr_line' id='line_1_35' title="bbox 257 2260 1718 2312; baseline -0.005 -6"><span class='ocrx_word' id='word_1_331' title='bbox 257 2281 341 2306; x_wconf 89' lang='lat' dir='ltr'>sum</span> <span class='ocrx_word' id='word_1_332' title='bbox 362 2281 445 2306; x_wconf 86' lang='lat' dir='ltr'>esse</span> <span class='ocrx_word' id='word_1_333' title='bbox 465 2268 566 2306; x_wconf 87' lang='lat' dir='ltr'>volo.</span> <span class='ocrx_word' id='word_1_334' title='bbox 626 2268 676 2312; x_wconf 83' lang='lat' dir='ltr'>Is,</span> <span class='ocrx_word' id='word_1_335' title='bbox 699 2265 975 2310; x_wconf 71' lang='lat' dir='ltr'>Athenienses,</span> <span class='ocrx_word' id='word_1_336' title='bbox 996 2277 1082 2300; x_wconf 90' lang='lat' dir='ltr'>cum</span> <span class='ocrx_word' id='word_1_337' title='bbox 1116 2261 1338 2312; x_wconf 85' lang='lat' dir='ltr'>eloquentia</span> <span class='ocrx_word' id='word_1_338' title='bbox 1365 2260 1507 2297; x_wconf 92' lang='lat' dir='ltr'>nemini</span> <span class='ocrx_word' id='word_1_339' title='bbox 1523 2268 1718 2298; x_wconf 88' lang='lat' dir='ltr'>oratorum</span> 
     </span>
     <span class='ocr_line' id='line_1_36' title="bbox 258 2321 1719 2380; baseline -0.005 -13"><span class='ocrx_word' id='word_1_340' title='bbox 258 2329 385 2374; x_wconf 80' lang='lat' dir='ltr'>cedat,</span> <span class='ocrx_word' id='word_1_341' title='bbox 406 2329 492 2380; x_wconf 87' lang='lat' dir='ltr'>plus</span> <span class='ocrx_word' id='word_1_342' title='bbox 521 2329 647 2366; x_wconf 82' lang='lat' dir='ltr'>laudis</span> <span class='ocrx_word' id='word_1_343' title='bbox 668 2333 890 2371; x_wconf 85' lang='lat' dir='ltr'>mereretur,</span> <span class='ocrx_word' id='word_1_344' title='bbox 912 2325 942 2362; x_wconf 84' lang='lat' dir='ltr'>si</span> <span class='ocrx_word' id='word_1_345' title='bbox 964 2338 1010 2362; x_wconf 87' lang='lat' dir='ltr'>ea</span> <span class='ocrx_word' id='word_1_346' title='bbox 1029 2323 1213 2362; x_wconf 81' lang='lat' dir='ltr'>facultate</span> <span class='ocrx_word' id='word_1_347' title='bbox 1234 2322 1283 2360; x_wconf 87' lang='lat' dir='ltr'>ad</span> <span class='ocrx_word' id='word_1_348' title='bbox 1302 2321 1533 2371; x_wconf 76' lang='lat' dir='ltr'>exigendum</span> <span class='ocrx_word' id='word_1_349' title='bbox 1555 2333 1577 2358; x_wconf 85' lang='lat' dir='ltr'>a</span> <span class='ocrx_word' id='word_1_350' title='bbox 1599 2322 1719 2360; x_wconf 83' lang='lat' dir='ltr'>sonti·</span> 
     </span>
     <span class='ocr_line' id='line_1_37' title="bbox 255 2383 1719 2441; baseline -0.005 -13"><span class='ocrx_word' id='word_1_351' title='bbox 255 2392 330 2429; x_wconf 83' lang='lat' dir='ltr'>bus</span> <span class='ocrx_word' id='word_1_352' title='bbox 352 2390 596 2441; x_wconf 80' lang='lat' dir='ltr'>supplicium,</span> <span class='ocrx_word' id='word_1_353' title='bbox 616 2402 730 2440; x_wconf 69' lang='lat' dir='ltr'>qutun</span> <span class='ocrx_word' id='word_1_354' title='bbox 752 2388 800 2425; x_wconf 86' lang='lat' dir='ltr'>ad</span> <span class='ocrx_word' id='word_1_355' title='bbox 830 2386 1029 2424; x_wconf 75' lang='lat' dir='ltr'>loedendos</span> <span class='ocrx_word' id='word_1_356' title='bbox 1058 2387 1156 2423; x_wconf 87' lang='lat' dir='ltr'>bene</span> <span class='ocrx_word' id='word_1_357' title='bbox 1188 2384 1345 2421; x_wconf 79' lang='lat' dir='ltr'>meritos</span> <span class='ocrx_word' id='word_1_358' title='bbox 1380 2389 1562 2421; x_wconf 87' lang='lat' dir='ltr'>uteretur.</span> <span class='ocrx_word' id='word_1_359' title='bbox 1620 2383 1719 2421; x_wconf 87' lang='lat' dir='ltr'>Nam</span> 
     </span>
     <span class='ocr_line' id='line_1_38' title="bbox 258 2445 1720 2503; baseline -0.005 -13"><span class='ocrx_word' id='word_1_360' title='bbox 258 2453 288 2490; x_wconf 89' lang='lat' dir='ltr'>si</span> <span class='ocrx_word' id='word_1_361' title='bbox 309 2466 471 2503; x_wconf 83' lang='lat' dir='ltr'>quorum</span> <span class='ocrx_word' id='word_1_362' title='bbox 497 2452 585 2489; x_wconf 86' lang='lat' dir='ltr'>odia</span> <span class='ocrx_word' id='word_1_363' title='bbox 616 2449 862 2501; x_wconf 81' lang='lat' dir='ltr'>suscipienda</span> <span class='ocrx_word' id='word_1_364' title='bbox 882 2457 984 2493; x_wconf 80' lang='lat' dir='ltr'>sunt,</span> <span class='ocrx_word' id='word_1_365' title='bbox 1003 2460 1134 2485; x_wconf 87' lang='lat' dir='ltr'>eorum</span> <span class='ocrx_word' id='word_1_366' title='bbox 1156 2445 1361 2483; x_wconf 72' lang='lat' dir='ltr'>inimicitiae</span> <span class='ocrx_word' id='word_1_367' title='bbox 1384 2445 1595 2482; x_wconf 85' lang='lat' dir='ltr'>subeundae</span> <span class='ocrx_word' id='word_1_368' title='bbox 1616 2452 1720 2491; x_wconf 87' lang='lat' dir='ltr'>sunt,</span> 
     </span>
     <span class='ocr_line' id='line_1_39' title="bbox 260 2507 1718 2566; baseline -0.004 -14"><span class='ocrx_word' id='word_1_369' title='bbox 260 2516 324 2566; x_wconf 90' lang='lat' dir='ltr'>qui</span> <span class='ocrx_word' id='word_1_370' title='bbox 346 2515 493 2552; x_wconf 66' lang='lat' dir='ltr'>laedunt</span> <span class='ocrx_word' id='word_1_371' title='bbox 514 2513 720 2564; x_wconf 80' lang='lat' dir='ltr'>Populum,</span> <span class='ocrx_word' id='word_1_372' title='bbox 741 2525 815 2549; x_wconf 89' lang='lat' dir='ltr'>non</span> <span class='ocrx_word' id='word_1_373' title='bbox 838 2511 900 2562; x_wconf 89' lang='lat' dir='ltr'>qui</span> <span class='ocrx_word' id='word_1_374' title='bbox 923 2510 1047 2547; x_wconf 78' lang='lat' dir='ltr'>eidem</span> <span class='ocrx_word' id='word_1_375' title='bbox 1066 2507 1327 2548; x_wconf 74' lang='lat' dir='ltr'>benefaciunt,</span> <span class='ocrx_word' id='word_1_376' title='bbox 1350 2520 1435 2544; x_wconf 87' lang='lat' dir='ltr'>mea</span> <span class='ocrx_word' id='word_1_377' title='bbox 1455 2507 1609 2557; x_wconf 89' lang='lat' dir='ltr'>quidem</span> <span class='ocrx_word' id='word_1_378' title='bbox 1630 2521 1718 2546; x_wconf 85' lang='lat' dir='ltr'>sen-</span> 
     </span>
     <span class='ocr_line' id='line_1_40' title="bbox 259 2569 1721 2626; baseline -0.004 -12"><span class='ocrx_word' id='word_1_379' title='bbox 259 2576 392 2615; x_wconf 70' lang='lat' dir='ltr'>tentia.</span> <span class='ocrx_word' id='word_1_380' title='bbox 452 2575 587 2614; x_wconf 82' lang='lat' dir='ltr'>Dinias</span> <span class='ocrx_word' id='word_1_381' title='bbox 621 2587 734 2626; x_wconf 86' lang='lat' dir='ltr'>porro</span> <span class='ocrx_word' id='word_1_382' title='bbox 768 2572 940 2610; x_wconf 79' lang='lat' dir='ltr'>fortassis</span> <span class='ocrx_word' id='word_1_383' title='bbox 975 2570 1304 2612; x_wconf 80' lang='lat' dir='ltr'>commemorabit,</span> <span class='ocrx_word' id='word_1_384' title='bbox 1325 2582 1364 2606; x_wconf 79' lang='lat' dir='ltr'>se</span> <span class='ocrx_word' id='word_1_385' title='bbox 1386 2569 1559 2606; x_wconf 87' lang='lat' dir='ltr'>triremes</span> <span class='ocrx_word' id='word_1_386' title='bbox 1580 2569 1721 2608; x_wconf 85' lang='lat' dir='ltr'>instru-</span> 
     </span>
     <span class='ocr_line' id='line_1_41' title="bbox 261 2631 1719 2684; baseline -0.005 -7"><span class='ocrx_word' id='word_1_387' title='bbox 261 2640 376 2684; x_wconf 79' lang='lat' dir='ltr'>xisse,</span> <span class='ocrx_word' id='word_1_388' title='bbox 398 2646 437 2676; x_wconf 87' lang='lat' dir='ltr'>et</span> <span class='ocrx_word' id='word_1_389' title='bbox 456 2637 613 2675; x_wconf 62' lang='lat' dir='ltr'>aedilitia</span> <span class='ocrx_word' id='word_1_390' title='bbox 633 2648 792 2673; x_wconf 69' lang='lat' dir='ltr'>munera</span> <span class='ocrx_word' id='word_1_391' title='bbox 811 2633 1045 2672; x_wconf 61' lang='lat' dir='ltr'>exhibuisse.</span> <span class='ocrx_word' id='word_1_392' title='bbox 1104 2631 1188 2681; x_wconf 78' lang='lat' dir='ltr'>Ego</span> <span class='ocrx_word' id='word_1_393' title='bbox 1209 2645 1310 2676; x_wconf 75' lang='lat' dir='ltr'>vero,</span> <span class='ocrx_word' id='word_1_394' title='bbox 1332 2632 1359 2668; x_wconf 85' lang='lat' dir='ltr'>si</span> <span class='ocrx_word' id='word_1_395' title='bbox 1384 2631 1532 2675; x_wconf 88' lang='lat' dir='ltr'>Dinias‚</span> <span class='ocrx_word' id='word_1_396' title='bbox 1556 2631 1594 2668; x_wconf 90' lang='lat' dir='ltr'>id</span> <span class='ocrx_word' id='word_1_397' title='bbox 1615 2631 1719 2682; x_wconf 90' lang='lat' dir='ltr'>quod</span> 
     </span>
     <span class='ocr_line' id='line_1_42' title="bbox 263 2692 1722 2753; baseline -0.007 -14"><span class='ocrx_word' id='word_1_398' title='bbox 263 2709 301 2739; x_wconf 87' lang='lat' dir='ltr'>et</span> <span class='ocrx_word' id='word_1_399' title='bbox 320 2702 400 2753; x_wconf 78' lang='lat' dir='ltr'>ipsc.</span> <span class='ocrx_word' id='word_1_400' title='bbox 420 2700 609 2744; x_wconf 77' lang='lat' dir='ltr'>existimo,</span> <span class='ocrx_word' id='word_1_401' title='bbox 628 2701 724 2736; x_wconf 75' lang='lat' dir='ltr'>bene</span> <span class='ocrx_word' id='word_1_402' title='bbox 746 2698 793 2734; x_wconf 81' lang='lat' dir='ltr'>de</span> <span class='ocrx_word' id='word_1_403' title='bbox 815 2695 1010 2746; x_wconf 66' lang='lat' dir='ltr'>republica</span> <span class='ocrx_word' id='word_1_404' title='bbox 1032 2694 1188 2731; x_wconf 69' lang='lat' dir='ltr'>meritus</span> <span class='ocrx_word' id='word_1_405' title='bbox 1202 2700 1274 2737; x_wconf 86' lang='lat' dir='ltr'>cst,</span> <span class='ocrx_word' id='word_1_406' title='bbox 1290 2694 1415 2743; x_wconf 86' lang='lat' dir='ltr'>potius</span> <span class='ocrx_word' id='word_1_407' title='bbox 1435 2699 1568 2730; x_wconf 83' lang='lat' dir='ltr'>auctor</span> <span class='ocrx_word' id='word_1_408' title='bbox 1588 2692 1621 2729; x_wconf 90' lang='lat' dir='ltr'>ei</span> <span class='ocrx_word' id='word_1_409' title='bbox 1639 2692 1722 2730; x_wconf 86' lang='lat' dir='ltr'>fue-</span> 
     </span>
     <span class='ocr_line' id='line_1_43' title="bbox 263 2755 1720 2811; baseline -0.005 -12"><span class='ocrx_word' id='word_1_410' title='bbox 263 2762 331 2799; x_wconf 85' lang='lat' dir='ltr'>rim</span> <span class='ocrx_word' id='word_1_411' title='bbox 353 2763 518 2799; x_wconf 70' lang='lat' dir='ltr'>muneris</span> <span class='ocrx_word' id='word_1_412' title='bbox 540 2760 682 2811; x_wconf 73' lang='lat' dir='ltr'>aliquid</span> <span class='ocrx_word' id='word_1_413' title='bbox 704 2773 725 2797; x_wconf 84' lang='lat' dir='ltr'>a</span> <span class='ocrx_word' id='word_1_414' title='bbox 746 2758 851 2795; x_wconf 55' lang='lat' dir='ltr'>robis</span> <span class='ocrx_word' id='word_1_415' title='bbox 874 2756 1042 2807; x_wconf 57' lang='lat' dir='ltr'>petendi,</span> <span class='ocrx_word' id='word_1_416' title='bbox 1063 2769 1175 2806; x_wconf 71' lang='lat' dir='ltr'>quau]</span> <span class='ocrx_word' id='word_1_417' title='bbox 1199 2761 1241 2791; x_wconf 91' lang='lat' dir='ltr'>ut</span> <span class='ocrx_word' id='word_1_418' title='bbox 1262 2755 1416 2802; x_wconf 82' lang='lat' dir='ltr'>juberet</span> <span class='ocrx_word' id='word_1_419' title='bbox 1434 2767 1514 2800; x_wconf 81' lang='lat' dir='ltr'>eos,</span> <span class='ocrx_word' id='word_1_420' title='bbox 1534 2755 1597 2805; x_wconf 85' lang='lat' dir='ltr'>qui</span> <span class='ocrx_word' id='word_1_421' title='bbox 1618 2755 1720 2806; x_wconf 85' lang='lat' dir='ltr'>prius</span> 
     </span>
     <span class='ocr_line' id='line_1_44' title="bbox 263 2816 1722 2875; baseline -0.004 -13"><span class='ocrx_word' id='word_1_422' title='bbox 263 2825 516 2875; x_wconf 77' lang='lat' dir='ltr'>accepissent,</span> <span class='ocrx_word' id='word_1_423' title='bbox 538 2823 704 2874; x_wconf 61' lang='lat' dir='ltr'>spoliari.</span> <span class='ocrx_word' id='word_1_424' title='bbox 762 2820 864 2857; x_wconf 71' lang='lat' dir='ltr'>Nam</span> <span class='ocrx_word' id='word_1_425' title='bbox 891 2818 979 2855; x_wconf 83' lang='lat' dir='ltr'>boni</span> <span class='ocrx_word' id='word_1_426' title='bbox 1003 2818 1068 2854; x_wconf 85' lang='lat' dir='ltr'>viri</span> <span class='ocrx_word' id='word_1_427' title='bbox 1105 2818 1175 2855; x_wconf 78' lang='lat' dir='ltr'>lioc</span> <span class='ocrx_word' id='word_1_428' title='bbox 1207 2818 1335 2868; x_wconf 81' lang='lat' dir='ltr'>potius</span> <span class='ocrx_word' id='word_1_429' title='bbox 1366 2816 1531 2854; x_wconf 86' lang='lat' dir='ltr'>officium</span> <span class='ocrx_word' id='word_1_430' title='bbox 1561 2823 1632 2862; x_wconf 85' lang='lat' dir='ltr'>est,</span> <span class='ocrx_word' id='word_1_431' title='bbox 1654 2830 1722 2869; x_wconf 90' lang='lat' dir='ltr'>pro</span> 
     </span>
     <span class='ocr_line' id='line_1_45' title="bbox 268 2878 1720 2929; baseline -0.003 -7"><span class='ocrx_word' id='word_1_432' title='bbox 268 2886 344 2923; x_wconf 79' lang='lat' dir='ltr'>suis</span> <span class='ocrx_word' id='word_1_433' title='bbox 364 2885 557 2922; x_wconf 66' lang='lat' dir='ltr'>beneficii&lt;</span> <span class='ocrx_word' id='word_1_434' title='bbox 581 2885 739 2925; x_wconf 53' lang='lat' dir='ltr'>(nuliam</span> <span class='ocrx_word' id='word_1_435' title='bbox 763 2882 926 2927; x_wconf 43' lang='lat' dir='ltr'>‹xx-igere,</span> <span class='ocrx_word' id='word_1_436' title='bbox 947 2893 1059 2929; x_wconf 83' lang='lat' dir='ltr'>quam</span> <span class='ocrx_word' id='word_1_437' title='bbox 1082 2880 1233 2917; x_wconf 78' lang='lat' dir='ltr'>habitos</span> <span class='ocrx_word' id='word_1_438' title='bbox 1248 2880 1411 2917; x_wconf 84' lang='lat' dir='ltr'>honores</span> <span class='ocrx_word' id='word_1_439' title='bbox 1433 2878 1517 2916; x_wconf 75' lang='lat' dir='ltr'>aliis</span> <span class='ocrx_word' id='word_1_440' title='bbox 1539 2878 1720 2918; x_wconf 87' lang='lat' dir='ltr'>invidere.</span> 
     </span>
    </p>
   </div>
  </div>
 </body>
</html>
