1923 3149
271 177 349 214 264
564 175 638 213 DE
669 175 820 213 MALE
848 152 1030 214 'GESTA
1059 173 1389 213 LEGATIONE.

611 293 703 330 Urbi,
719 294 767 324 vel
786 293 856 324 vitae
872 304 939 323 cum
956 292 1094 332 periculo
1111 301 1203 321 mem:

609 345 677 374 Neo
694 345 777 374 urbis
795 345 884 382 hujus
901 344 997 373 hostis
1014 343 1138 381 impius,
1155 341 1229 371 mihi

611 395 737 425 Amicus
752 400 839 430 θεῖος
863 405 928 424 nam
946 394 1107 423 considero
1125 393 1212 427 sanis,

611 447 734 475 Portum
753 446 860 475 salutis
877 445 1003 485 patriam
1021 454 1090 473 esse
1106 443 1245 472 civibus:

607 495 665 526 Cui
682 496 753 525 dum
770 501 876 526 ventus
889 505 1015 535 prosper
1029 493 1241 533 adspiraverit,

610 546 658 575 Ex
677 546 729 576 illa
744 546 859 575 amicos
876 545 963 575 nobis
979 544 1052 583 eligi
1066 545 1167 574 decet.

321 639 388 676 71.
417 637 565 676 Horum
585 638 676 675 nihil
694 637 765 675 sibi
780 637 982 688 proposuit
999 636 1207 674 AEsehines
1227 635 1265 672 in
1286 635 1494 685 legatione,
1515 633 1584 672 sed
1605 647 1717 684 repu-

266 699 367 737 blica
396 699 584 749 neglecta,
616 698 783 749 Philippi
814 698 1022 749 hospitium
1054 705 1092 735 et
1121 697 1324 735 amicitiam
1343 696 1457 746 longe
1477 695 1596 746 pluris
1616 695 1718 733 aesti-

266 761 397 806 mavit,
428 760 576 810 sibique
607 760 759 797 utiliora
786 759 867 797 fore
901 759 1062 805 censuit,
1082 758 1175 796 nihil
1207 765 1335 795 motus
1356 757 1510 796 omnino
1531 757 1717 808 sapientis

266 827 392 871 poetae
424 819 628 870 Sophoclis
659 820 901 858 auctoritate.
958 819 1012 857 Et
1042 832 1129 857 cum
1161 831 1302 856 noxam
1336 831 1412 855 una
1443 831 1530 855 eum
1560 818 1716 868 expedi-

248 884 369 920 'tione
408 883 447 920 in
492 883 716 921 Phocenses
763 897 924 935 pergere
970 883 1132 930 videret,
1168 896 1245 920 non
1282 882 1472 933 praedixit,
1512 894 1588 918 non
1627 887 1716 918 ante

265 942 528 989 denunciavit,
552 943 622 982 sed
642 950 794 991 contra,
826 943 1046 989 occultavit,
1065 948 1104 981 et
1133 943 1295 993 adjuvit,
1317 949 1356 979 et
1380 941 1538 979 dicturis
1558 941 1718 987 obstitit,

265 1016 342 1041 non
376 1004 613 1050 recordatus,
650 1005 750 1042 hane
788 1017 874 1042 esse
909 1011 1062 1055 portum
1095 1003 1242 1048 salutis,
1272 1008 1311 1039 et
1348 1002 1386 1039 in
1424 1014 1470 1039 ea
1507 1001 1717 1039 initiantem

263 1071 424 1102 matrem
442 1077 565 1110 suam,
585 1071 624 1103 et
654 1065 897 1111 lustrantem,
931 1072 970 1103 et
1004 1064 1194 1102 fruentem
1225 1076 1370 1108 eorum,
1401 1062 1467 1112 qui
1492 1062 1574 1113 ejus
1602 1075 1718 1113 opera

262 1132 474 1172 uterentur,
494 1125 646 1176 opibus,
661 1126 757 1164 istos
779 1132 910 1164 tantos
935 1126 1035 1164 viros
1063 1125 1276 1167 educasse;
1307 1131 1346 1161 et
1364 1129 1510 1174 patrem
1531 1136 1656 1168 suum,
1675 1130 1717 1161 ut

262 1199 336 1237 ego
366 1200 387 1224 e
414 1193 507 1225 natu
527 1187 734 1238 majoribus
767 1188 895 1233 audio,
921 1187 971 1225 ad
1005 1185 1144 1224 Herois
1177 1185 1316 1223 medici
1345 1183 1478 1222 fanum
1509 1184 1715 1222 docentem

261 1248 404 1293 literas,
426 1254 469 1285 ut
495 1248 658 1298 potuerit
685 1248 790 1286 illum
814 1248 982 1299 quidem,
1009 1247 1076 1284 sed
1103 1247 1141 1284 in
1168 1245 1240 1284 hac
1267 1246 1362 1283 urbe
1391 1244 1533 1282 vixisse
1561 1251 1715 1287 tamem

262 1321 305 1346 se
323 1322 413 1347 vero
435 1315 474 1346 et
494 1322 583 1347 suos
602 1310 800 1360 scripturae
827 1321 981 1360 operam
1003 1308 1153 1353 dantes,
1174 1313 1213 1344 et
1231 1305 1409 1344 omnibus
1427 1306 1714 1356 magistratibus

261 1369 526 1415 inservientes,
555 1383 732 1407 nummos
762 1369 974 1421 accepisse,
996 1369 1164 1418 denique
1184 1368 1330 1405 scribas
1350 1380 1373 1404 a
1392 1367 1502 1404 vobis
1523 1366 1711 1411 delectos,

260 1430 458 1468 biennium
479 1431 517 1468 in
538 1430 662 1468 Tholo
680 1443 767 1468 esse
785 1431 996 1473 enutrit0s;
1028 1437 1066 1467 et
1085 1442 1191 1467 nunc
1210 1441 1251 1466 se
1270 1441 1317 1465 ex
1336 1428 1410 1465 hac
1430 1428 1522 1465 urbe
1541 1427 1715 1477 legatum

261 1503 346 1528 esse
366 1490 538 1530 missum.
597 1491 744 1529 Horum
765 1491 859 1529 nihil
878 1490 1148 1536 consideravit,
1168 1502 1295 1539 neque
1325 1495 1369 1526 ut
1387 1488 1609 1538 reipublicae
1628 1501 1715 1538 pro-

260 1564 349 1602 sper
367 1558 505 1589 ventus
527 1552 754 1602 adspiraret,
776 1552 1008 1603 procuravit,
1039 1550 1108 1588 sed
1128 1563 1212 1588 eam
1239 1549 1389 1595 evertit,
1408 1556 1446 1586 et
1466 1548 1659 1594 demersit,
1678 1555 1717 1586 et

259 1623 446 1666 quantum
465 1615 503 1652 in
521 1629 561 1652 se
581 1615 664 1660 fuit,
684 1628 837 1666 operam
857 1615 978 1660 dedit,
999 1620 1043 1651 ut
1060 1613 1100 1650 in
1129 1613 1297 1650 hostium
1318 1617 1548 1662 potestatem
1568 1610 1717 1662 redige-

260 1683 376 1714 retur.
433 1676 573 1714 Nonne
593 1683 632 1714 tu
664 1676 779 1726 igitur
799 1676 967 1713 literator
1000 1687 1054 1720 es,
1075 1681 1114 1712 et
1144 1674 1369 1725 improbus?
1399 1673 1539 1711 Nonne
1559 1679 1601 1710 tu
1622 1673 1715 1710 seri-

259 1743 347 1787 ptor
366 1737 596 1782 orationum,
616 1743 655 1775 et
672 1737 745 1774 diis
771 1735 948 1775 invisus?
978 1735 1069 1781 Qui,
1089 1748 1176 1785 quae
1197 1736 1233 1771 in
1254 1747 1373 1772 scena
1393 1747 1496 1784 saepe
1518 1734 1713 1780 recitaras,

260 1805 300 1835 et
318 1798 501 1836 memoria
531 1799 647 1848 probe
667 1799 839 1844 tenebas,
867 1796 1120 1848 praeterieris:
1150 1809 1238 1846 quae
1267 1808 1356 1833 vero
1375 1795 1411 1831 in
1432 1802 1499 1832 tua
1517 1794 1595 1832 vita
1614 1807 1714 1831 nun-

259 1872 371 1909 quam
387 1866 702 1910 repraesentaras,
719 1871 766 1896 ea
783 1858 973 1908 exquisita
993 1858 1042 1895 ad
1067 1855 1287 1893 laedendum
1307 1856 1430 1893 civem
1450 1854 1655 1904 quendam,
1675 1855 1713 1892 in

259 1920 427 1957 medium
448 1919 649 1957 attuleris?

314 1982 380 2019 72.
407 1981 523 2033 Agite
543 1994 632 2018 vero
662 1987 701 2018 et
735 1980 785 2018 de
819 1979 961 2018 Solone
991 1978 1083 2030 quid
1114 1977 1265 2024 dixerit,
1297 1976 1548 2015 considerate.
1607 1975 1715 2014 Dixit

262 2042 444 2081 Solonem
466 2042 688 2080 dedicatum
709 2055 793 2079 esse
814 2041 853 2078 in
873 2039 1090 2090 exemplum
1110 2039 1312 2076 modestiae
1330 2044 1536 2082 oratorum,
1555 2049 1710 2074 manum

259 2105 360 2142 intra
371 2112 518 2142 vestem
533 2110 741 2149 tenentem,
768 2116 845 2154 quo
877 2100 1125 2153 reprehendit
1143 2107 1182 2138 et
1202 2100 1372 2151 exagitat
1389 2098 1580 2137 Timarchi
1601 2105 1712 2149 petu-

258 2166 428 2205 lantiam.
485 2166 537 2203 At
569 2166 682 2203 istam
712 2171 877 2202 statuam
910 2163 1082 2201 nondum
1103 2169 1192 2199 ante
1208 2175 1330 2199 annos
1351 2160 1634 2211 quinquaginta
1652 2159 1711 2196 fu-

258 2228 334 2266 isse
355 2227 584 2273 dedicatam,
603 2226 738 2264 dieunt
757 2225 980 2263 Salaminii:
1011 2237 1034 2261 a
1062 2223 1204 2261 Solone
1232 2229 1360 2260 autem
1381 2221 1534 2259 omnino
1555 2219 1711 2258 ducenti

258 2295 348 2326 sunt
380 2289 469 2326 anni
497 2295 534 2326 et
567 2288 836 2338 quadraginta,
868 2287 918 2324 ad
949 2286 1048 2324 hanc
1078 2292 1246 2323 aetatem.
1305 2284 1432 2327 Quare
1465 2283 1614 2329 artifex,
1647 2283 1711 2333 qui

257 2361 345 2386 eum
365 2356 518 2400 gestum
537 2348 692 2394 effinxit,
713 2361 791 2386 non
823 2348 904 2398 ipse
925 2347 1050 2384 solum
1070 2358 1115 2384 eo
1143 2352 1315 2395 tempore
1341 2356 1416 2381 non
1445 2343 1529 2387 fuit,
1552 2342 1619 2380 sed
1640 2356 1710 2381 nec

257 2422 351 2448 avus
367 2410 459 2460 ejus.
517 2410 603 2446 Hoc
623 2410 736 2460 igitur
763 2409 859 2446 dixit
883 2408 1095 2459 judicibus,
1128 2413 1166 2444 et
1193 2406 1362 2443 imitatus
1395 2413 1477 2442 est:
1509 2405 1546 2442 id
1566 2412 1709 2451 autem,

255 2471 359 2522 quod
379 2477 489 2522 gestu
510 2471 576 2508 illo
596 2471 715 2508 multo
731 2477 833 2508 esset
852 2469 1070 2520 reipublicae
1089 2468 1235 2512 utilius,
1253 2473 1296 2504 ut
1311 2467 1460 2503 animus
1480 2465 1632 2504 Solonis
1651 2467 1708 2504 in-

255 2533 474 2584 spiceretur,
494 2538 532 2568 et
551 2544 673 2577 mens,
703 2531 739 2568 id
773 2544 849 2568 non
878 2537 936 2568 est
968 2529 1151 2574 imitatus,
1171 2528 1239 2566 sed
1266 2527 1393 2565 onmia
1414 2527 1541 2578 potius
1574 2533 1708 2565 contra

255 2594 357 2632 fecit.
414 2592 514 2630 Nam
552 2592 630 2637 ille,
664 2605 752 2629 cum
786 2591 950 2629 Salamis
983 2590 1213 2628 descivisset
1243 2590 1290 2626 ab
1324 2588 1634 2634 Atheniensibus,
1669 2596 1709 2626 et

254 2655 379 2705 capite
400 2654 589 2692 sancitum
612 2659 724 2698 esset,
744 2652 879 2703 nequis
901 2652 983 2703 ejus
1005 2650 1280 2702 recuperandae
1301 2657 1406 2688 esset
1421 2656 1565 2694 auctor,
1581 2649 1705 2700 priva-

254 2716 321 2754 tim
353 2715 562 2766 perieulum
589 2714 660 2752 sibi
692 2714 931 2764 depoposcit,
961 2719 1000 2750 et
1028 2712 1222 2763 elegiacos
1259 2725 1390 2750 versus
1418 2724 1515 2762 quos
1547 2710 1703 2756 fecerat,

253 2777 404 2822 cecinit,
420 2783 457 2814 et
475 2775 706 2827 provinciam
729 2774 946 2825 reipublicae
963 2773 1139 2818 restituit,
1157 2781 1195 2810 et
1208 2780 1431 2824 susceptum
1451 2771 1620 2809 dedecus
1637 2772 1703 2808 ab·

254 2838 370 2876 olevit
385 2851 393 2874 :
416 2838 486 2875 iste
502 2844 641 2882 autem,
657 2849 771 2886 quam
785 2849 849 2873 rex
865 2835 1086 2881 Persarum,
1101 2842 1139 2872 et
1153 2847 1285 2873 omnes
1300 2833 1425 2871 Graeci
1439 2839 1602 2869 vestram
1616 2845 1700 2870 esse

254 2898 515 2944 decreverunt,
536 2897 806 2949 Amphipolim,
825 2909 909 2935 eam
929 2895 1083 2934 tradidit
1104 2903 1142 2934 et
1158 2894 1343 2946 vendidit,
1361 2901 1399 2932 et
1420 2894 1502 2943 ejus
1519 2899 1695 2930 senatus-
