1923 3149
312 163 388 199 376
682 163 909 201 CONTRA
939 164 1382 204 ARISTOCRATEM.

312 264 397 314 lege
417 263 572 314 quidem
588 266 745 315 jubetur
765 274 935 314 senatus,
952 268 967 318 j
984 280 1008 304 u
1021 267 1099 304 dic
1115 280 1193 305 are
1222 267 1246 304 d
1260 281 1280 305 e
1309 280 1330 305 c
1343 266 1412 304 aed
1425 279 1445 303 e
1473 271 1513 304 et
1540 266 1619 303 vul
1634 278 1686 303 ne
1701 278 1718 302 r
1731 276 1752 302 e

311 326 561 363 consulto
602 327 758 374 facto,
815 329 872 366 de
909 328 1158 366 incendio
1192 336 1231 366 et
1281 328 1509 371 venenis,
1561 328 1751 377 quibus

313 385 456 423 datis
495 387 699 438 aliquis
733 389 894 426 alium
924 390 1256 427 enecaverit.
1321 389 1447 437 Atque
1476 388 1506 425 is
1533 387 1598 437 qui
1628 387 1751 437 legem

312 446 412 492 tulit,
449 448 601 498 adjecta
635 449 707 487 hac
735 450 920 495 clausula,
953 450 1030 500 qui
1047 450 1069 486 b
1084 463 1136 486 us
1182 462 1236 486 en
1251 461 1300 486 ec
1315 449 1494 493 averit,
1533 460 1660 484 causae
1694 446 1752 483 di-

313 508 476 545 ctionem
494 509 614 555 dedit,
642 523 719 548 non
735 511 837 560 prius
858 518 985 547 tamen
1007 511 1098 560 quid
1117 510 1334 547 maleficum
1354 509 1432 559 pati
1447 507 1663 552 conveniat,
1685 507 1754 544 de-

312 567 470 605 claravit
490 581 499 604 :
530 569 567 606 in
600 582 689 619 quo,
712 570 982 615 Athenienses,
1005 570 1136 620 pietati
1157 570 1273 607 totius
1291 569 1394 606 urbis
1415 570 1530 619 probe
1547 566 1755 618 prospexit.

313 629 543 670 Quomodo?
574 630 697 666 Nemo
713 636 881 667 nostrum
901 631 1068 668 omnium
1086 631 1181 668 scire
1200 636 1342 681 potest,
1361 630 1444 679 quis
1464 629 1513 666 sit
1527 628 1592 678 qui
1608 627 1755 666 caedern

311 689 453 726 fecerit.
485 689 596 726 'salla
614 702 727 739 porro
748 690 828 727 sine
841 690 988 741 judicio
1007 691 1176 736 credere,
1195 691 1226 727 si
1246 691 1329 741 quis
1349 690 1514 739 aliquem
1533 689 1756 726 criminatus

310 749 437 793 fuerit,
457 762 541 786 esse
568 749 739 799 iniquum
768 751 939 800 putavit;
971 758 1146 802 oportere
1176 751 1290 801 igitur
1317 751 1480 796 censuit,
1510 750 1542 787 si
1571 750 1693 787 factas
1723 749 1757 786 ei

313 809 375 859 qui
395 809 511 847 laesus
538 817 597 848 est
627 810 780 861 injurias
801 812 1041 861 persecuturi
1066 812 1198 858 simus,
1218 812 1332 849 fidem
1362 811 1441 848 fieri
1471 811 1594 854 vobis,
1626 816 1666 847 et
1687 821 1755 846 vos

311 870 468 907 edoctos
479 872 526 908 ab
537 871 839 918 accusatoribus,
854 885 1103 923 cognoscere,
1116 879 1266 910 sontem
1279 886 1365 910 eum
1378 885 1474 909 esse.
1490 872 1588 908 Tum
1601 871 1755 908 demum

311 930 424 976 enim,
443 944 528 968 cum
549 945 608 969 res
627 933 854 983 percognita
877 932 1084 984 fuerit,jus
1107 941 1145 970 et
1163 933 1220 970 fas
1243 946 1327 970 esse
1351 944 1483 983 poenas
1513 931 1625 976 sumi,
1651 931 1757 981 prius

311 1005 402 1029 non.
450 991 643 1030 Praeterea
661 994 874 1044 reputabat,
896 994 1025 1032 omnia
1042 995 1134 1032 talia
1152 994 1322 1040 nomina,
1342 993 1458 1030 veluti
1485 992 1515 1028 si
1531 992 1616 1041 quis
1641 991 1756 1032 sacri-

310 1053 453 1103 legium
475 1054 620 1100 fecerit,
644 1055 675 1092 si
694 1055 779 1104 quis
798 1055 1022 1105 prodiderit,
1042 1063 1081 1092 et
1100 1056 1182 1106 ejus
1203 1054 1355 1105 generis
1375 1053 1516 1102 omnia,
1537 1052 1757 1103 priusquam

304 1113 494 1164 judicium
514 1122 747 1161 exerceatur,
763 1115 963 1152 criminum
979 1128 1062 1153 esse
1076 1116 1374 1166 appellationes:
1398 1113 1758 1164 postquamjudicio

311 1175 362 1212 sit
382 1175 596 1221 convictus,
613 1181 694 1212 turn
715 1175 869 1213 demum
889 1176 969 1213 fieri
1000 1176 1157 1214 scelera.
1205 1175 1295 1213 Non
1315 1175 1429 1225 igitur
1449 1175 1598 1212 censuit
1615 1173 1758 1211 nomini

311 1236 476 1274 criminis
495 1235 723 1286 supplicium
745 1236 1057 1281 adscribendum,
1081 1237 1150 1273 sed
1164 1236 1366 1287 judicium.
1399 1236 1682 1286 Proptereaque
1702 1235 1759 1272 'si

312 1297 430 1347 quis
462 1296 648 1334 caedem
680 1296 882 1343 fecerit,
909 1304 1143 1334 senatum
1171 1308 1507 1346 cognoscere
1529 1296 1658 1346 jussit,
1679 1307 1756 1332 non

313 1358 418 1404 dixit,
445 1371 532 1408 quae
565 1370 679 1407 poena
707 1357 850 1395 luenda
879 1358 940 1402 sit,
973 1358 1080 1407 quasi
1109 1358 1306 1394 convictus
1337 1363 1451 1394 esset.
1482 1357 1540 1394 Ac
1560 1356 1760 1406 legislator

312 1418 466 1469 quidem
487 1418 566 1456 sie:
597 1424 637 1455 at
657 1419 981 1455 senatusconsulti
998 1425 1129 1456 auctor
1143 1417 1363 1468 quomodo?
1394 1417 1444 1454 Si
1471 1417 1589 1466 quis
1620 1429 1642 1454 o
1657 1429 1679 1454 c
1693 1429 1714 1454 c
1729 1416 1759 1453 i-

312 1479 337 1515 d
350 1492 370 1515 e
383 1492 400 1516 r
415 1479 425 1515 i
439 1484 467 1524 t,
495 1478 630 1528 inquit,
655 1478 686 1514 C
702 1478 757 1515 ha
769 1492 785 1515 r
800 1479 809 1515 i
824 1478 878 1515 de
893 1491 927 1514 m
945 1491 968 1514 u
982 1491 1033 1521 m,
1051 1490 1190 1515 nomen
1204 1477 1385 1514 facinoris
1400 1476 1499 1514 idem
1516 1475 1656 1526 posuit,
1670 1489 1760 1514 cum

312 1538 477 1589 scripsit,
497 1539 528 1575 si
548 1539 632 1588 quis
652 1538 847 1583 occiderit,
866 1538 970 1588 quod
990 1538 1188 1587 legislator
1205 1551 1214 1575 ι
1245 1538 1282 1575 in
1305 1537 1554 1587 sequentibus
1572 1536 1661 1575 {fero
1680 1551 1758 1576 non

311 1599 458 1643 eadem,
487 1599 556 1635 sed
577 1599 728 1636 sublata
748 1598 923 1636 clausula
951 1599 999 1636 de
1021 1598 1168 1648 judicio
1193 1599 1406 1643 subeundo,
1440 1598 1567 1636 statim
1596 1598 1759 1637 licere

309 1661 362 1697 in
388 1659 600 1697 vincula
625 1661 678 1696 ab
693 1660 771 1710 rip
787 1659 811 1705 i,
842 1660 1005 1710 scripsit,
1035 1659 1288 1710 neglectaque
1311 1673 1378 1710 per
1409 1659 1533 1710 legem
1560 1659 1761 1710 designata

311 1721 430 1767 curia,
456 1733 560 1758 reum
596 1720 897 1758 criminatoribus
925 1720 1070 1757 indicta
1099 1733 1216 1758 causa
1241 1733 1310 1771 pro
1333 1720 1490 1758 libidine
1515 1720 1758 1758 tractandum

311 1781 493 1832 permisit,
519 1780 591 1818 etsi
616 1780 789 1818 nondum
810 1789 937 1818 utrum
956 1780 1090 1818 fecerit
1107 1794 1242 1825 necne,
1273 1787 1438 1818 constet.
1480 1779 1627 1818 Licebit
1643 1780 1760 1832 igitur

311 1842 364 1879 eis
390 1840 494 1878 illum
515 1840 835 1891 comprehensum
851 1847 1042 1890 torquere,
1059 1841 1342 1885 excarnificare,
1360 1840 1524 1891 pecunia
1547 1840 1732 1878 mulctare
1749 1853 1761 1878 τ

313 1902 417 1952 atqui
431 1902 515 1938 haec
537 1901 663 1938 onmia
686 1902 807 1938 vetuit
825 1908 955 1951 aperte
977 1907 1014 1937 et
1043 1900 1240 1938 evidenter
1257 1900 1473 1949 subscripta
1495 1901 1569 1946 lex,
1591 1900 1762 1951 taliaque

314 1975 385 2000 nec
411 1962 448 1998 in
475 1961 670 1998 convictos
690 1969 728 1999 et
749 1961 966 1998 declaratos
986 1960 1199 1998 homicidas
1218 1960 1334 1998 licere
1355 1959 1487 1997 voluit.

368 2024 405 2059 7.
435 2021 544 2072 Lege
564 2022 617 2059 eis
634 2022 755 2072 ipsam
775 2021 899 2072 legem
915 2033 1001 2071 quoe
1020 2020 1201 2070 sequitur.

977 2165 1095 2202 LEX.

358 2270 540 2301 Homicidas
554 2270 641 2299 liceat
659 2268 800 2298 occidere
817 2267 846 2297 in
863 2272 966 2297 nostro
983 2266 1137 2296 territorio
1151 2269 1182 2294 et
1194 2264 1222 2294 iu
1235 2275 1384 2295 carcerem
1402 2265 1525 2299 ducere,
1540 2267 1572 2293 ut
1587 2263 1616 2292 in
1632 2264 1761 2294 Decem-

314 2321 403 2351 virali
421 2321 523 2350 tabula
537 2320 765 2358 promulgatur:
794 2318 984 2351 excruciare,
1001 2322 1052 2346 aut
1067 2316 1225 2354 pecuniam
1247 2316 1283 2344 nb
1299 2315 1342 2344 eis
1358 2319 1553 2352 extorquere,
1579 2324 1636 2343 non
1659 2313 1762 2348 liceat.

317 2372 427 2410 alioqui
444 2372 569 2409 duplum
594 2371 656 2400 dati
675 2369 776 2399 damni
798 2369 961 2398 luendum:
990 2368 1139 2396 actionem
1160 2375 1234 2395 vero
1256 2370 1402 2404 praetores
1425 2365 1514 2394 danto
1531 2363 1630 2394 cnivis
1656 2375 1761 2394 eorum

315 2421 473 2451 criminum
485 2431 610 2460 quorum
627 2421 739 2459 quique
755 2424 824 2449 sunt
837 2418 969 2458 judices,
986 2417 1120 2456 cognitio
1138 2426 1212 2446 vero
1225 2416 1263 2445 sit
1280 2424 1373 2454 penes
1389 2414 1548 2444 Heliaeam.

318 2511 464 2561 Legem
493 2510 710 2548 audivistis:
742 2508 1054 2559 contemplamini
1073 2519 1205 2558 quaeso
1230 2518 1342 2556 quam
1370 2506 1551 2555 praelate
1576 2518 1622 2543 ac
1648 2518 1764 2556 supra

316 2573 474 2609 modum
512 2570 689 2619 religiose
723 2569 962 2606 constituerit
997 2567 1207 2618 legislator.
1263 2566 1572 2604 Homicidas
1613 2566 1759 2616 inquit:

316 2633 480 2684 primum
512 2631 626 2681 igitur
646 2630 875 2667 homicidam
897 2642 984 2666 euni
1005 2629 1108 2673 dicit,
1128 2628 1191 2677 qui
1207 2627 1380 2677 judicum
1409 2628 1599 2664 sententia
1613 2627 1692 2678 jam
1712 2624 1761 2665 sit

316 2694 534 2730 damnatus.
571 2691 651 2728 Nec
670 2690 768 2727 enim
788 2689 861 2726 hac
883 2688 1137 2739 appellatione
1158 2688 1360 2737 quisquam
1389 2688 1618 2733 continetur,
1637 2688 1760 2737 prius-

317 2766 432 2804 quam
462 2752 658 2789 convictus
677 2750 891 2788 damnetur.
941 2748 984 2785 ld
1011 2748 1074 2785 ubi
1095 2747 1311 2797 significat?
1339 2747 1434 2784 Tum
1457 2749 1492 2784 in
1512 2748 1634 2798 priore
1661 2746 1759 2797 lege,

319 2823 398 2851 tum
432 2813 468 2850 in
503 2812 588 2851 liae.
635 2811 734 2849 Nam
768 2811 805 2847 in
835 2809 897 2846 illa
924 2808 1088 2859 scripsit,
1110 2809 1146 2845 si
1186 2809 1303 2858 quis
1342 2807 1527 2845 caedem
1564 2808 1760 2852 fecerit,
