1923 3149
569 188 792 227 CONTRA
823 189 1204 228 TIMOCRATEM.
1511 192 1586 228 447

134 290 274 329 niciem
300 290 508 337 inculcata,
539 291 801 341 gravissimum
830 290 1059 341 supplicium
1083 291 1231 337 mereri,
1257 303 1331 342 ego
1360 291 1499 329 docere
1520 305 1585 330 co-

132 353 263 389 nabor.
305 352 445 388 Furum
471 352 572 389 enim
591 359 630 389 et
649 359 909 402 grassatorum
934 358 973 388 et
993 350 1151 387 aliorum
1175 352 1489 398 facinorosorum,
1510 354 1584 403 pri-

136 425 240 448 mum
263 412 296 449 ei
317 413 493 449 nimirum
514 412 700 449 duntaxat
726 413 890 462 quisque
916 417 1041 455 nocet,
1071 410 1110 446 in
1139 424 1251 460 quein
1274 412 1370 450 forte
1403 412 1587 457 inciderit,

137 485 263 522 neque
283 472 431 510 illorum
445 473 646 522 quisquam
667 486 799 510 omnes
816 471 876 510 vel
896 470 1012 515 furto,
1027 470 1086 508 vel
1107 472 1239 521 rapina
1259 473 1421 522 spoliare
1442 474 1586 524 possit:

136 533 279 571 deinde
299 546 407 571 suam
437 533 623 571 duntaxat
647 533 964 571 existimationem
991 538 1031 568 et
1059 531 1173 569 vitam
1206 532 1391 570 dedecore
1419 547 1587 572 comma-

132 595 249 634 eulat.
281 597 322 634 Si
343 598 428 648 quis
448 610 536 635 vero
556 598 678 647 legem
699 604 822 647 rogat,
845 609 920 646 qua
938 595 1096 646 perlata,
1117 595 1311 646 quibusvis
1333 596 1497 634 laedendi
1517 612 1586 635 vos

136 658 258 696 omnis
278 657 433 695 licentia
452 665 491 695 et
520 659 724 708 impunitas
744 656 981 708 proponitur,
1001 656 1032 692 is
1053 657 1240 694 universae
1268 656 1486 707 reipublicae
1513 660 1585 695 vim

135 725 175 755 et
193 718 369 769 injuriam
387 718 491 756 facit.
524 717 734 768 Flagitiosa
752 717 854 755 enim
874 717 947 763 lex,
967 718 1069 755 urbis
1098 717 1179 768 ejus
1198 717 1237 754 in
1258 731 1374 767 quarn
1395 718 1588 769 recipitur,

136 787 195 817 est
225 780 382 830 publica
418 780 627 830 ignominia
655 786 694 818 et
718 779 905 825 dedecus,
935 786 1127 829 nocetque
1154 779 1331 817 omnibus
1359 779 1418 816 his
1446 779 1511 830 qui
1543 793 1590 818 ea

134 848 306 878 utuntur.
337 842 436 879 Eum
454 841 570 892 igitur
590 842 655 893 qui
674 849 713 880 et
731 854 868 879 nocere
883 841 1020 878 vestris
1039 841 1264 885 commodis,
1286 847 1325 878 et
1342 854 1410 878 vos
1432 841 1590 880 infamia

134 902 329 952 complere
349 909 522 948 conatur,
542 915 642 949 eum,
662 902 828 952 inquam,
851 914 919 939 vos
939 901 1041 939 nacti
1062 914 1138 940 non
1152 901 1348 952 punietis?
1374 903 1478 943 Quid
1497 916 1589 941 vcro

134 962 299 1000 dicetis?
329 963 570 1013 Intelligetur
590 970 718 1001 autem
743 962 967 1009 rectissime,
995 969 1160 1013 quantas
1184 976 1260 1009 res,
1286 963 1362 1000 ista
1383 963 1469 1014 lege
1495 964 1588 1002 scri-

134 1023 276 1070 benda,
291 1024 430 1073 quibus
449 1023 596 1061 insidiis
617 1023 666 1061 sit
685 1023 924 1074 complexus,
945 1036 1088 1073 easque
1108 1030 1264 1074 recepto
1283 1023 1400 1061 statui
1426 1024 1590 1062 civitatis

132 1097 248 1134 quam
275 1085 501 1129 contrarias,
521 1085 552 1122 si
572 1084 645 1123 hoc
664 1084 945 1130 consideretur,
973 1097 1106 1122 omnes
1126 1085 1188 1135 qui
1212 1085 1428 1122 libertatem
1457 1086 1591 1137 populi

137 1152 230 1183 sunt
260 1147 494 1197 oppressuri,
525 1158 612 1183 cum
639 1158 757 1184 novas
788 1159 848 1183 res
874 1145 1096 1192 moliuntur,
1129 1145 1204 1184 hoc
1235 1146 1374 1184 facere.
1420 1146 1592 1185 Primum

136 1207 306 1244 omnium
334 1213 482 1245 veteres
502 1206 609 1257 leges
636 1206 764 1257 aliqua
782 1207 868 1257 lege
898 1205 1115 1253 destruunt,
1140 1214 1184 1244 ut
1209 1219 1256 1243 ne
1279 1207 1430 1257 legibus
1457 1221 1591 1258 poenas

134 1267 224 1306 dare
247 1280 403 1305 suorum
422 1267 612 1305 scelerum
633 1268 683 1305 sit
701 1280 874 1305 necesse.
933 1267 1074 1305 Nonne
1104 1267 1219 1318 igitur
1248 1268 1397 1318 triplici,
1418 1281 1495 1306 non
1515 1282 1593 1307 una

135 1334 278 1374 morte,
291 1328 323 1366 si
341 1328 420 1365 fieri
441 1335 584 1379 posset,
612 1327 859 1365 mulctandus
889 1328 1022 1365 esset?
1055 1329 1122 1378 qui
1151 1341 1238 1365 curn
1265 1329 1313 1366 sit
1334 1342 1446 1375 unus,
1467 1337 1505 1367 et
1523 1343 1593 1368 vos

135 1389 269 1440 utique
289 1401 366 1426 non
385 1389 435 1427 sit
452 1402 718 1440 oppressurus,
740 1389 811 1427 sed
831 1397 966 1427 contra
985 1390 1066 1440 ipse
1083 1390 1209 1440 potius
1235 1390 1338 1441 apud
1357 1404 1424 1428 vos
1441 1392 1591 1439 (modo,

136 1456 180 1488 ut
196 1463 358 1501 aequumr
371 1457 445 1495 est,
466 1450 634 1488 officium
663 1451 788 1488 facere
819 1451 960 1498 velitis)
987 1453 1192 1502 periturus,
1223 1460 1351 1490 tamen
1373 1453 1412 1490 id
1442 1453 1591 1492 facinus

137 1510 304 1548 imitatus
324 1517 396 1556 est,
418 1517 457 1548 et
474 1510 561 1560 lege
581 1523 650 1548 sua
670 1523 736 1548 eos
759 1512 906 1549 solvere
926 1512 1058 1556 voluit,
1087 1526 1183 1563 quos
1197 1513 1345 1564 judicia
1363 1514 1591 1559 vinxerunt;

136 1584 224 1608 cum
255 1571 498 1621 impudenter
515 1570 720 1622 scripserit,
754 1572 785 1609 si
816 1572 901 1622 quis
934 1573 1095 1611 vinculis
1127 1574 1178 1611 sit
1207 1575 1427 1621 damnatus,
1457 1583 1524 1614 aut
1552 1576 1592 1614 in

137 1640 330 1683 posterum
358 1632 614 1678 damnandus,
638 1640 690 1670 ut.
706 1633 737 1670 is
765 1633 991 1671 dimittatur.
1027 1636 1149 1686 Atqui
1178 1636 1209 1673 si
1234 1636 1439 1674 clamorem
1468 1639 1593 1676 subito

135 1695 237 1732 circa
256 1695 476 1745 praetorium
497 1695 692 1733 sublatum
712 1695 910 1742 audiretis,
934 1703 1048 1747 atque
1067 1697 1203 1748 aliquis
1220 1697 1377 1744 diceret,
1397 1699 1591 1738 reclusum

134 1768 223 1793 esse
246 1768 451 1801 carcerem,
468 1755 693 1806 vinctosque
714 1756 911 1806 aufugere,
930 1770 1043 1794 nemo
1069 1758 1120 1795 ita
1142 1771 1265 1808 neque
1278 1759 1446 1809 juvenis,
1467 1774 1592 1811 neque

138 1828 410 1867 senex,neque
431 1829 562 1854 socors
580 1824 652 1861 est,
676 1817 740 1867 qui
759 1830 835 1855 non
854 1830 922 1868 pro
942 1819 1083 1855 viribus
1105 1819 1368 1869 opitularetur.
1413 1821 1480 1858 Sin
1509 1823 1595 1873 quis

136 1890 364 1928 progressus
403 1878 561 1924 diceret,
595 1878 711 1915 istum
741 1891 824 1915 esse
855 1879 919 1929 qui
951 1892 1018 1916 eos
1052 1879 1275 1927 dimisisset,
1311 1882 1439 1919 statim
1482 1885 1592 1922 abre-

135 1944 224 1988 ptus
261 1937 408 1976 indicta
434 1951 555 1976 causa
586 1939 691 1976 haud
720 1939 834 1976 dubie
864 1939 1115 1978 occideretur.
1158 1941 1285 1986 Nunc,
1317 1943 1594 1995 Athenienses,

134 1997 282 2036 habetis
301 1999 429 2043 istum,
449 2000 514 2049 qui
531 1999 606 2037 hoc
626 2013 703 2038 non
724 1999 942 2037 clanculum
971 2000 1075 2046 fecit,
1103 2001 1172 2039 sed
1191 2016 1257 2052 per
1282 2003 1408 2041 fucum
1427 2005 1534 2043 vobis
1554 2013 1594 2043 et

135 2058 382 2113 imposturam
403 2060 528 2110 legem
550 2067 679 2110 aperte
699 2060 876 2104 obtrusit,
897 2074 982 2110 quae
1010 2075 1086 2100 non
1105 2063 1220 2100 modo
1240 2064 1375 2114 aperit,
1391 2065 1460 2102 sed
1478 2067 1594 2105 etiam

136 2119 270 2156 evertit
283 2132 492 2165 carcerem,
512 2126 550 2157 et
569 2119 716 2169 judicia
735 2120 849 2158 etiam
871 2129 930 2159 est
948 2123 1163 2173 complexa.
1206 2125 1303 2166 Quis
1323 2126 1422 2162 enim
1441 2126 1501 2163 vel
1522 2128 1592 2165 ho-

135 2192 234 2224 rum,
256 2180 317 2217 vel
337 2180 438 2218 illius
460 2180 531 2217 erit
550 2193 655 2225 usus,
678 2180 709 2219 si
730 2181 902 2219 damnati
922 2182 1099 2228 vinculis,
1127 2173 1342 2234 solventur,
1364 2195 1402 2224 et
1427 2188 1458 2224 si
1477 2201 1590 2239 quem

136 2239 320 2291 deinceps
339 2241 628 2287 damnaveritis,
651 2241 743 2278 nihil
760 2254 806 2279 ea
825 2255 864 2279 re
881 2243 1115 2293 proficietis?

183 2303 251 2340 48.
282 2301 386 2339 Illud
399 2302 515 2352 igitur
529 2303 636 2340 vobis
652 2303 766 2341 etiam
781 2309 840 2340 est
851 2303 1186 2351 considerandum,
1203 2307 1344 2345 multos
1364 2309 1590 2348 Graecorum

135 2375 238 2412 saepe
258 2362 488 2409 decrevisse,
509 2363 644 2400 vestris
664 2363 849 2415 utendum
870 2377 955 2401 esse
976 2364 1149 2414 legibus:
1180 2367 1219 2403 id
1240 2369 1344 2417 quod
1364 2364 1470 2408 vobis
1484 2371 1604 2410 laudi*

135 2423 238 2460 haud
259 2423 396 2473 injuria
414 2424 567 2462 ducitis.
602 2425 704 2462 Nam
723 2437 855 2462 verum
875 2425 967 2463 illud
985 2426 1075 2463 mihi
1096 2427 1255 2474 videtur,
1271 2430 1375 2479 quod
1395 2434 1590 2481 quendam

135 2483 239 2534 apud
269 2496 337 2521 vos
364 2483 506 2522 dixisse
525 2484 674 2522 ferunt:
705 2497 838 2523 omnes
859 2486 1039 2524 cordatos
1069 2487 1106 2524 in
1135 2501 1181 2525 ea
1210 2502 1296 2527 esse
1323 2493 1526 2540 sententia,
1547 2503 1599 2532 ut.

133 2544 239 2594 leges
260 2543 351 2582 nihil
373 2543 478 2581 aliud
497 2557 582 2582 esse
601 2552 751 2596 putent,
781 2559 896 2597 quam
923 2560 1049 2585 mores
1079 2549 1256 2588 civitatis.
1300 2551 1444 2592 Danda
1472 2555 1589 2605 igitur

133 2611 194 2643 est
212 2617 340 2655 opera,
361 2612 404 2641 ut
423 2619 479 2643 eae
509 2618 624 2656 quam
644 2607 798 2657 optimae
819 2621 902 2646 esse
927 2609 1140 2656 videantur,
1161 2618 1200 2649 et
1221 2626 1354 2662 poenas
1385 2615 1479 2653 dent
1503 2619 1588 2667 qui-

133 2679 284 2716 cunque
298 2665 382 2703 illas
403 2666 650 2713 labefactant,
665 2675 705 2706 et
724 2677 955 2718 pervertunt.
987 2671 1103 2714 Quod
1123 2673 1154 2709 si
1173 2674 1390 2724 negligetis,
1405 2683 1484 2713 tum
1503 2678 1588 2717 laus

133 2730 218 2767 haec
241 2736 370 2766 vestra
389 2729 593 2773 minuetur,
620 2736 700 2766 tum
721 2730 804 2768 urbi
823 2731 1054 2771 existimatio
1082 2746 1159 2771 non
1187 2734 1291 2771 bona
1309 2736 1589 2777 conciliabitur.

136 2791 234 2829 Cum
252 2802 343 2827 vero
364 2790 543 2826 Solonem
566 2796 604 2827 et
623 2789 843 2828 Draconem
859 2793 945 2842 jure
971 2793 1149 2838 laudetis,
1176 2807 1395 2844 quanquam
1415 2800 1586 2838 neutrius

135 2852 329 2902 publicum
351 2850 508 2900 aliquod
527 2850 754 2887 beneficium
775 2852 879 2889 aliud
899 2860 1036 2900 exstet,
1053 2854 1125 2890 nisi
1145 2854 1247 2903 quod
1269 2855 1530 2898 conducibiles
1550 2868 1590 2900 et

135 2911 340 2963 praeclaras
371 2912 479 2961 leges
505 2911 692 2959 tulerunt,
719 2925 872 2961 aequum
902 2913 1078 2963 profecto
1109 2921 1179 2958 est,
1207 2927 1277 2952 vos
1308 2915 1351 2952 iis
1384 2917 1450 2966 qui
1481 2919 1588 2970 leges

137 2973 265 3011 ferunt
291 2974 443 3012 illorum
468 2972 620 3023 legibus
647 2973 873 3017 contrarias,
905 2973 1029 3018 irasci,
1051 2981 1087 3012 et
1119 2988 1253 3024 poenas
1280 2976 1458 3027 irrogare.
1499 2981 1589 3020 Scio
