1923 3149
239 148 316 185 488
753 146 808 183 ΙΝ
840 145 1119 185 APHOBUM
1151 146 1202 183 11.

236 261 397 300 eamque
417 260 576 286 uxorem
595 248 647 286 illi
667 248 890 300 despondit,
908 263 966 287 me
983 262 1071 287 vero
1084 248 1187 300 apud
1200 259 1333 286 omnes
1350 249 1603 287 communiter
1617 262 1693 287 una

237 324 326 349 cum
344 310 509 361 pecunia
525 310 705 360 deposuit
731 318 771 348 et
788 311 986 348 mandavit
1012 317 1054 348 ut
1073 317 1113 348 et
1132 310 1291 348 domum
1313 309 1488 349 locarent
1513 317 1552 348 et
1578 312 1693 361 patri-

239 371 355 410 monii
376 371 628 411 conservamli
650 371 844 422 adjutores
859 378 1004 418 essent,
1024 384 1113 410 curn
1135 371 1247 409 simul
1267 378 1306 409 et
1323 370 1567 421 Therippidae
1585 379 1692 409 octo-

236 434 345 484 ginta
363 433 448 470 illas
468 432 591 470 minas
605 432 763 483 legaret,
781 440 821 470 et
840 433 902 470 isti
923 439 1003 470 tum
1024 438 1182 470 matrem
1203 444 1328 470 meam
1349 432 1609 483 desponderet
1627 445 1694 471 oc—

234 494 388 545 toginta
403 493 514 532 minis
531 494 685 540 additis,
702 501 782 531 turn
800 507 857 532 me
870 494 909 531 in
925 494 1006 545 ejus
1024 506 1152 544 genua
1166 493 1390 544 imponeret.
1421 494 1593 536 Quorum
1608 493 1692 540 iste,

236 556 406 594 omnium
436 555 633 593 hominum
660 555 997 600 sceleratissimus,
1019 554 1164 592 nullius
1193 554 1379 593 rationem
1404 554 1543 602 reddit,
1570 568 1692 606 quan-

237 629 354 669 quam
373 616 431 654 his
451 616 735 654 conditionibus
752 616 846 654 meis
865 617 1003 666 opibus
1020 617 1164 666 potitus
1179 629 1188 658 ;
1205 615 1288 663 sed,
1302 623 1510 667 postquam
1529 615 1695 666 pecunia

235 678 338 717 omni
366 691 452 716 cum
480 677 745 715 contutoribus
769 690 828 715 me
848 677 1051 723 fraudavit,
1074 690 1177 715 nunc
1198 677 1496 715 misericordiam
1526 683 1693 715 vestram

234 740 543 791 implorabit‚qui
565 751 636 776 nec
654 738 903 789 septuaginta
917 738 1040 776 minas
1053 739 1249 789 ¹aequantia
1263 739 1396 776 tertius
1408 738 1490 789 ipse
1507 738 1693 776 restituit:

234 801 375 840 deinde
393 800 450 838 his
465 800 557 851 ipsis
572 800 686 837 etiam
704 800 805 837 idem
819 799 977 837 insidias
993 799 1167 837 tetendit.
1200 799 1300 837 Cum
1315 799 1415 836 enim
1434 798 1505 836 has
1521 799 1693 837 actiones

231 869 370 901 contra
395 874 462 900 eos
490 861 753 907 instituissem,
783 860 997 899 effecerunt
1027 867 1069 900 ut
1088 859 1136 898 de
1156 859 1437 910 permutatione
1463 859 1691 897 facultatum

233 928 316 966 dies
335 927 425 965 mihi
446 926 651 972 diceretur,
680 933 735 972 ut,
766 926 797 963 si
825 925 982 976 quidem
1004 930 1310 976 permutassem,·
1330 923 1425 960 mihi
1453 936 1530 961 non
1559 923 1691 961 liceret

226 989 293 1040 jus
317 1001 444 1026 meum
473 988 520 1025 ab
554 987 606 1025 eis
631 987 823 1039 persequi,
850 986 956 1036 quod
985 986 1072 1023 lites
1099 986 1213 1024 etiam
1241 984 1498 1037 permutantis
1533 985 1687 1022 fierent:

234 1050 294 1088 sin
314 1050 407 1088 nihil
424 1049 561 1088 horum
582 1048 773 1093 fecissem,
795 1055 838 1085 ut
859 1048 908 1085 de
928 1060 966 1085 re
987 1047 1093 1084 tenui
1118 1059 1278 1084 munera
1305 1046 1461 1097 publica
1495 1046 1691 1084 sustinens

233 1111 384 1162 penitus
415 1111 638 1149 conficerer.
688 1110 816 1160 Atque
845 1109 884 1146 in
912 1121 959 1146 ea
985 1121 1025 1146 re
1051 1120 1208 1159 operam
1237 1107 1393 1145 navavit
1420 1106 1495 1144 illis
1519 1107 1688 1158 Thrasy-

232 1173 371 1213 lochus
408 1173 688 1224 Anagyrasius.
744 1172 829 1222 Ego
863 1183 966 1214 vero,
1005 1170 1109 1207 nulla
1136 1169 1269 1218 habita
1305 1181 1437 1207 earum
1472 1181 1599 1206 rerum
1627 1181 1688 1206 ra-

231 1236 349 1282 tione,
369 1236 584 1288 permutavi
605 1234 775 1285 quidem,
795 1233 865 1272 sed
893 1232 988 1270 illud
1009 1232 1163 1283 excepi,
1182 1238 1224 1269 ut
1242 1230 1333 1268 mihi
1354 1230 1546 1281 judicium
1568 1230 1688 1281 impe-

230 1305 331 1337 trare
357 1298 503 1336 liceret.
560 1297 675 1340 Quod
690 1308 777 1334 cum
798 1301 1017 1346 negaretur,
1037 1301 1077 1332 et
1089 1302 1240 1344 tempus
1258 1293 1431 1337 instaret,
1451 1304 1499 1329 ne
1523 1291 1688 1342 privarer

231 1360 463 1408 actionibuS,
475 1358 552 1397 obii
567 1371 722 1403 munus,
736 1356 1000 1408 oppigneratis
1012 1355 1163 1393 aedibus
1180 1362 1219 1391 et
1234 1360 1318 1392 tota
1332 1366 1372 1391 re
1390 1366 1479 1391 mea
1491 1352 1688 1397 familiari;

230 1432 319 1458 nam
341 1420 511 1458 actiones
525 1419 562 1456 in
582 1418 678 1456 istos
694 1417 796 1468 apud
817 1423 984 1455 vestram
1003 1416 1120 1453 fidem
1141 1415 1334 1466 deponere
1355 1414 1549 1452 volebam.

284 1482 322 1518 5.
353 1481 418 1518 An
437 1492 514 1517 non
535 1480 653 1530 igitur
678 1479 758 1529 jam
787 1479 878 1516 inde
910 1478 958 1515 ab
986 1476 1095 1515 initio
1125 1476 1342 1527 insignibus
1362 1475 1506 1526 injuriis
1526 1488 1611 1513 sum
1632 1475 1690 1514 af-

231 1542 390 1582 fectus?
419 1556 468 1580 an
500 1554 576 1580 non
596 1541 805 1580 luculentis
838 1540 953 1578 etiam
974 1539 1138 1585 damnis,
1158 1539 1251 1575 dum
1277 1538 1339 1589 jus
1371 1550 1497 1575 meum
1518 1537 1688 1588 postulo,

230 1605 279 1643 ab
297 1605 352 1643 eis
371 1603 547 1642 afficior?
577 1603 675 1647 Quis
705 1615 796 1641 vero
823 1609 1006 1646 vestrum,
1026 1613 1103 1638 non
1135 1609 1173 1637 et
1206 1599 1268 1637 isti
1297 1600 1384 1651 jure
1415 1599 1616 1645 invideret,
1649 1606 1689 1636 et

230 1666 351 1704 nostri
371 1666 627 1712 misereretur,
645 1664 709 1714 qui
729 1663 857 1701 videat
874 1663 936 1700 isti
953 1662 1003 1700 ad
1019 1667 1218 1713 acceptum
1239 1673 1262 1698 a
1281 1661 1359 1699 suis
1377 1660 1598 1712 parentibus
1619 1673 1686 1711 pa-

229 1727 448 1766 trimonium
475 1726 638 1777 amplius
659 1725 795 1763 decem
815 1724 1002 1762 talentum
1023 1735 1130 1760 meas
1151 1735 1244 1773 opes
1265 1735 1352 1773 quae
1384 1728 1503 1760 tantae
1529 1721 1687 1760 fuerunt

229 1787 450 1834 accessisse,
470 1799 540 1824 nos
559 1798 650 1824 vero
665 1799 742 1823 non
757 1785 871 1823 modo
886 1784 1054 1835 paternis
1069 1783 1182 1821 bonis
1196 1782 1400 1829 excidisse,
1413 1782 1481 1822 sed
1498 1782 1558 1820 his
1571 1783 1686 1820 etiam

228 1862 316 1900 quae
348 1861 450 1886 nunc
483 1848 625 1886 tradita
653 1853 743 1885 sunt
778 1847 941 1885 istorum
970 1845 1216 1896 improbitate
1247 1857 1334 1882 esse
1354 1843 1567 1894 spoliatos?
1596 1843 1685 1887 Quo

228 1923 319 1948 vero
358 1923 428 1947 nos
449 1909 699 1959 recipiemus,
734 1907 765 1945 si
802 1920 869 1945 vos
898 1907 956 1944 his
989 1907 1037 1944 de
1075 1906 1191 1943 rebus
1231 1904 1340 1943 aliter
1372 1916 1487 1955 quam
1516 1917 1588 1955 pro
1620 1917 1685 1942 ex-

229 1970 469 2022 spectatione
507 1975 642 2006 nostra
667 1968 901 2005 sententiam
933 1964 1088 2004 feretis?
1118 1964 1180 2002 Ad
1201 1977 1297 2002 eane
1316 1977 1403 2015 quae
1433 1964 1685 2004 creditoribus

228 2028 592 2083 oppigneravimus?
624 2029 702 2066 Sed
722 2028 952 2066 creditorum
979 2040 1024 2065 ea
1052 2032 1154 2064 sunt.
1209 2025 1273 2063 Ad
1292 2031 1451 2064 caeteras
1480 2025 1686 2077 reliquias?

231 2092 302 2131 Eae
332 2105 422 2130 vero
446 2092 553 2130 istius
586 2090 692 2136 fient,
721 2090 753 2128 si
786 2089 970 2128 mulctam
999 2086 1147 2126 solvere
1177 2099 1373 2137 cogemur.
1434 2087 1578 2134 Nolite,
1614 2088 1686 2126 Ju-

229 2153 349 2200 dices,
365 2152 483 2191 nolite
514 2164 584 2190 nos
604 2152 643 2190 in
662 2157 773 2189 tanta
791 2150 894 2188 mala
923 2149 1127 2198 conjicere,
1153 2161 1278 2198 neque
1308 2155 1470 2186 matrem
1490 2155 1531 2186 et
1561 2161 1622 2187 me
1647 2155 1687 2186 et

231 2227 401 2254 sororem
433 2214 497 2265 qui
528 2225 659 2252 sumus
687 2212 857 2263 indignis
891 2211 1040 2262 accepti
1066 2209 1191 2248 modis
1212 2209 1421 2261 negligite:
1451 2222 1548 2260 quos
1576 2217 1685 2260 pater

231 2289 308 2315 non
329 2289 375 2315 ea
394 2288 463 2326 spe
490 2274 655 2325 reliquit,
676 2274 746 2312 sed
775 2273 935 2312 alteram
962 2279 1145 2322 tanquam
1175 2270 1440 2322 Demophonti
1468 2270 1559 2308 dote
1586 2270 1684 2309 duo-

231 2350 314 2376 rum
342 2337 528 2375 talentum
548 2337 640 2375 data
666 2342 884 2386 nupturam,
910 2334 1070 2373 alteram
1094 2333 1158 2372 isti
1183 2333 1382 2371 hominum
1409 2332 1578 2371 omnium
1598 2345 1684 2370 cru-

232 2399 429 2437 delissimo
460 2399 571 2436 minis
599 2397 799 2448 octoginta
828 2396 929 2434 datis
963 2396 1206 2441 elocandam,
1241 2407 1303 2432 me
1333 2406 1422 2431 vero
1452 2394 1561 2432 vobis
1597 2407 1685 2432 sue-

232 2472 427 2499 cessorem
453 2473 585 2497 eorum
616 2471 816 2496 munerum
853 2457 1026 2495 futurum
1058 2469 1146 2507 quae
1176 2457 1259 2507 ipse
1292 2456 1482 2493 hactenus
1515 2455 1682 2494 obiisset.

232 2520 442 2560 Subvenite
465 2520 578 2571 igitur
605 2520 730 2562 nobis,
749 2519 962 2564 subvenite,
991 2525 1073 2556 tum
1085 2517 1249 2569 justitiae
1269 2523 1350 2554 tum
1368 2523 1495 2555 vestra
1511 2517 1683 2568 ipsorum

231 2596 364 2629 causa,
383 2589 466 2620 tum
497 2587 655 2633 propter
680 2593 751 2618 nos
784 2589 1008 2631 patremque
1035 2579 1276 2616 defunctum.
1334 2577 1575 2616 conservate
1607 2590 1682 2623 me,

231 2644 458 2683 miseremini
490 2642 589 2681 mei:
618 2649 824 2694 postquam
861 2641 923 2679 isti
958 2640 1114 2690 cognati
1152 2640 1274 2677 nostri
1305 2639 1447 2677 miserti
1471 2652 1549 2676 non
1577 2646 1681 2685 sunt,

229 2707 280 2744 ad
299 2713 466 2744 vestram
493 2704 608 2742 fidem
637 2702 895 2752 confugimus.
927 2702 1116 2748 Obsecro,
1132 2702 1303 2739 obtestor
1336 2713 1402 2751 per
1430 2700 1580 2745 liberos,
1613 2712 1681 2750 per

231 2780 383 2812 uxores,
398 2779 465 2817 per
477 2764 662 2816 quicquid
681 2763 790 2802 vobis
815 2764 1002 2800 bonorum
1023 2769 1094 2800 est.
1132 2762 1195 2800 Sic
1215 2761 1288 2798 illis
1309 2761 1499 2806 fruamini,
1519 2773 1566 2798 ne
1586 2772 1680 2810 neg-

231 2828 336 2878 ligite
362 2840 436 2873 me,
465 2839 588 2876 neque
602 2825 715 2863 facite
732 2831 775 2861 ut
790 2830 926 2874 mater,
941 2823 1054 2861 etiam
1069 2823 1215 2873 reliqua
1229 2835 1296 2873 spe
1313 2821 1577 2860 sustentandae
1591 2821 1681 2858 vitae

231 2889 421 2934 frustrata,
447 2900 489 2924 se
516 2886 609 2936 quid
639 2885 841 2936 indignum
864 2884 1053 2935 patiatur:
1084 2896 1170 2935 quae
1201 2895 1305 2921 nunc
1325 2883 1405 2921 fore
1432 2888 1541 2932 putat
1561 2889 1601 2918 nt
1621 2894 1680 2924 me
