1923 3149
705 303 1169 347 ARGUMENTUM

486 427 974 477 ORATIONIS
1027 427 1135 475 DE
1187 424 1407 474 PACE

927 553 971 574 Ex

736 632 1157 676 TOURELLIO.

269 748 497 785 EOSDEM
503 749 603 783 duces
618 748 654 782 in
665 748 727 783 hac
737 748 890 783 oratione
897 746 1103 789 collocanda,
1115 759 1196 792 quos
1203 753 1235 780 et
1243 747 1280 780 in
1288 745 1432 786 eoeteris,
1442 751 1575 779 secutus
1585 756 1671 778 sum.

223 803 356 838 Habita
368 810 429 845 est,
446 803 627 838 secundum
640 814 706 843 eos,
722 802 899 837 Archon-te
914 800 1158 842 Archia‚anno
1171 801 1270 846 regni
1281 799 1440 846 Philippi
1450 797 1672 845 quindecimo,

223 858 442 904 Olympiadis
457 858 645 892 centesimoe
661 863 783 890 octava>
801 856 915 890 tertio.
965 856 1129 902 Confecto
1146 855 1230 889 bello
1247 866 1357 894 sacro,
1384 853 1572 900 Philippus
1589 853 1676 886 Am-

216 913 422 959 phictyonas
447 911 646 952 convocavit,
673 910 794 956 quihus
820 910 924 945 bisin
949 922 1037 944 anno
1054 910 1232 944 convenire
1255 921 1327 943 mos
1332 908 1436 954 fuit,·
1461 920 1536 942 vere
1557 919 1675 952 nempe

221 967 381 1012 Delphis,
395 974 426 1001 et
439 973 619 1000 auctumno
634 963 886 1010 Thermopylis.
922 963 982 997 Ibi
996 964 1034 998 in
1043 964 1221 998 concilium
1233 975 1333 997 suum
1350 962 1554 1007 Philippum
1561 968 1675 1007 poste-

219 1032 342 1065 rosque
353 1020 426 1066 ejus
441 1025 655 1065 cooptarunt,
671 1018 710 1052 in
722 1017 955 1052 Phocensium
971 1016 1080 1052 locum
1096 1016 1269 1062 suffectos,
1286 1028 1379 1062 quos,
1397 1015 1436 1050 ob
1453 1015 1570 1060 templi
1586 1014 1678 1049 Del-

213 1075 313 1121 phici
328 1074 554 1115 violationem,
561 1074 647 1120 jure
658 1071 828 1119 suffragii
841 1071 1035 1118 privarant.
1085 1071 1324 1114 Athenienses,
1343 1070 1497 1116 quamvis
1512 1077 1545 1104 et
1561 1070 1627 1115 ipsi
1640 1070 1676 1103 in

221 1129 513 1176 Amphictyonum
528 1140 669 1163 numero
685 1134 805 1168 essent,
817 1133 968 1162 attamen
977 1126 1056 1161 huic
1069 1127 1120 1160 rei
1127 1126 1261 1160 minime
1271 1138 1307 1160 se
1318 1125 1558 1159 immiscebant.
1584 1125 1677 1159 For-

218 1197 283 1219 san
298 1185 339 1218 de
355 1183 528 1218 industria
541 1181 739 1228 abfuerunt,
751 1194 792 1216 ne
806 1188 995 1227 proesentes
1010 1180 1244 1227 comprobasse
1256 1180 1455 1214 viderentur
1468 1194 1478 1214 .·
1505 1179 1567 1221 vel,
1584 1180 1678 1224 quod

218 1239 437 1273 verisimilius
452 1245 513 1279 est,
530 1237 729 1284 Philippus,
745 1237 793 1271 ad
803 1248 897 1270 omne
908 1236 1182 1281 impedimentum
1192 1235 1460 1281 proecacendum,
1470 1246 1524 1268 eos
1535 1233 1623 1268 solos
1636 1246 1677 1267 ex

219 1294 543 1341 Amphictyonibus‚
561 1306 644 1340 quos
659 1292 854 1338 sibifavere
875 1298 1028 1334 noverat,
1043 1290 1246 1327 tumultuose
1260 1291 1494 1336 congregavit.
1547 1290 1678 1324 Utcun-

219 1362 284 1395 que
298 1357 386 1390 erat,
403 1362 476 1383 rem
492 1348 631 1383 solertia
647 1360 709 1382 sua
726 1348 864 1381 tandem
880 1345 1037 1392 effectam
1054 1346 1157 1387 dedit,
1175 1352 1209 1379 et
1223 1346 1259 1379 in
1274 1357 1454 1380 numerum
1472 1344 1678 1390 Amphicty-

219 1416 320 1438 onum
336 1402 467 1438 relatus
484 1409 544 1436 est.
594 1402 697 1436 Fieri
713 1408 827 1436 tamen
840 1400 965 1446 potuit,
978 1407 1017 1434 ut
1034 1400 1098 1433 hae
1111 1400 1150 1433 de
1167 1412 1205 1434 re
1222 1399 1296 1434 lites
1313 1407 1510 1433 moveantar
1524 1412 1536 1438 ;
1560 1405 1676 1444 utpote

219 1470 294 1504 quoe
310 1469 370 1491 nec
377 1456 497 1502 palam
513 1468 574 1490 nec
589 1456 656 1490 rite
661 1455 768 1501 sacta
772 1454 904 1499 suerit.
937 1455 983 1489 Ut
998 1455 1286 1500 igiturdecretum
1298 1455 1391 1488 istud
1399 1454 1603 1488 auctoritate
1613 1466 1676 1488 sna

217 1512 473 1557 confirmarent,
487 1522 600 1545 omnes
610 1510 669 1554 qui
684 1510 804 1555 ubique
815 1515 915 1542 erant
929 1508 1204 1554 Amphictyonas
1220 1508 1343 1554 legatis
1358 1509 1470 1542 missis
1485 1508 1631 1553 rogavit,
1645 1515 1678 1541 et

215 1568 306 1602 inter
321 1573 471 1607 caeteros,
489 1565 725 1599 Athenienses.
777 1563 892 1602 Quam
908 1575 983 1597 rem
999 1575 1068 1596 non
1084 1575 1152 1597 esse
1166 1575 1184 1596 e
1201 1574 1275 1608 rep.
1293 1569 1332 1597 ut
1344 1562 1543 1604 abnuerent,
1558 1563 1677 1608 gravi-

218 1622 278 1656 bus
283 1622 366 1666 jam
383 1621 511 1655 Noster
531 1626 563 1654 et
574 1619 696 1665 firmis
712 1619 930 1664 argumentis
952 1618 1166 1663 comprobat:
1190 1618 1239 1652 sic
1264 1618 1354 1652 enim
1381 1624 1412 1652 et
1436 1630 1558 1652 novum
1579 1617 1677 1651 illum

218 1676 522 1722 Amphictyonem‚
536 1675 707 1719 sociosque
720 1673 795 1719 ejus
810 1684 934 1714 omnes,
957 1673 994 1706 in
1009 1684 1044 1706 se
1061 1674 1226 1707 concitent
1242 1684 1373 1706 necesse
1388 1679 1447 1707 est.
1498 1672 1679 1713 Libanius‚

218 1740 250 1767 et
267 1744 342 1766 eum
358 1737 491 1765 secutus
505 1729 667 1769 Photius‚
684 1740 859 1773 nunquam
874 1727 1004 1774 publice
1021 1726 1174 1762 habuisse
1192 1727 1277 1760 hanc
1299 1728 1488 1761 orationem
1505 1727 1679 1761 arbitran-

219 1795 278 1821 tur
295 1785 561 1820 Demosthenem
571 1796 582 1818 .·
607 1783 768 1828 quoniam
780 1783 816 1816 in
833 1795 871 1816 ea
884 1782 980 1815 istud
994 1781 1105 1827 ipsum
1121 1781 1299 1816 consilium
1309 1781 1445 1827 probat,
1457 1782 1553 1827 cujus
1560 1789 1678 1827 postea

220 1840 421 1876 AEschinem
437 1845 609 1872 auctorem
613 1837 732 1882 fuisse
746 1837 848 1878 dixit,
862 1848 1002 1882 cumque
1014 1836 1088 1870 ideo
1113 1836 1352 1882 imprudentiae
1363 1843 1395 1870 et
1409 1838 1564 1883 perfidioe
1582 1849 1680 1872 reum

218 1895 346 1930 habuit.
399 1894 525 1928 Verum
535 1898 770 1938 proeterquam
787 1891 878 1936 quod
892 1903 961 1925 non
978 1902 1048 1924 esse
1063 1902 1182 1924 ausum
1197 1891 1386 1924 orationem
1411 1904 1432 1925 a
1454 1904 1489 1925 se
1512 1892 1678 1937 scriptam

213 1949 457 1996 pronuntiare,
469 1947 650 1981 abhorreat
663 1946 752 1980 illud
760 1946 895 1991 quidem
902 1945 1098 1991 longissime
1112 1957 1133 1978 a
1146 1944 1294 1979 moribus
1306 1944 1468 1980 Oratoris
1477 1946 1598 1985 nostri,
1606 1947 1680 1991 (qui

220 2016 353 2050 semper
369 2001 570 2037 sententiam
591 2012 687 2035 suam
704 1999 821 2046 palam
837 1999 1005 2045 libereque
1012 1999 1178 2047 profiteri
1190 1999 1310 2033 solitus
1325 2000 1371 2034 sit
1381 1999 1418 2042 ‚·)
1442 2007 1678 2046 praterquam

220 2059 313 2105 quod
324 2069 392 2091 non
407 2057 520 2090 minus
535 2054 674 2089 haberet
690 2053 798 2099 culpoe
811 2054 924 2088 oratio
936 2054 1078 2099 scripta,
1091 2060 1125 2087 et
1141 2053 1177 2086 in
1191 2054 1339 2087 omnium
1358 2054 1512 2088 manibus
1531 2062 1676 2097 versata,

221 2125 324 2158 quam
338 2112 368 2146 si
381 2122 445 2156 pro
458 2108 582 2144 rostris
593 2109 821 2154 pronuntiata
824 2107 957 2153 suisset
964 2120 976 2147 ,·
1001 2108 1188 2142 notandum
1203 2114 1252 2141 est
1271 2108 1535 2142 Demosthenem
1551 2120 1620 2142 non
1636 2109 1679 2142 il-

222 2168 283 2201 lud
295 2167 348 2200 hic
363 2165 521 2205 suadere,
534 2169 593 2197 aut
610 2163 709 2205 tueri,
724 2163 816 2208 quod
827 2162 1041 2208 postmodum
1063 2161 1228 2196 AEschinz'
1242 2162 1325 2196 vitio
1337 2161 1437 2196 vertit
1445 2175 1457 2202 ;
1473 2162 1532 2195 sed
1542 2174 1678 2197 monere

222 2228 356 2256 tantum
372 2220 469 2260 cives,
486 2230 527 2252 ne
551 2219 632 2252 dum
642 2217 870 2264 pertinaciter
890 2216 1053 2252 obsistant
1078 2217 1227 2258 decreto,
1243 2228 1350 2262 prope
1366 2217 1514 2251 omnium
1531 2217 1679 2263 Amphi-

221 2283 379 2322 ctyonum
390 2272 574 2319 suffragiis
587 2273 727 2313 sancito,
745 2279 870 2306 temere
883 2283 918 2305 se
931 2271 968 2304 in
979 2269 1137 2316 pericula
1154 2271 1302 2304 maxima
1320 2270 1492 2316 injiciant:
1518 2272 1680 2317 sapienti-

222 2342 280 2364 um
297 2330 423 2375 quippe
440 2340 519 2368 esse,
530 2326 733 2371 temporibus
745 2326 930 2371 aliquando
942 2326 1071 2366 cedere,
1084 2336 1126 2358 ne
1134 2324 1299 2370 graviora
1312 2324 1543 2369 suscipiantur
1555 2326 1678 2360 incom-

223 2385 335 2418 moda.
386 2382 487 2416 Adde
502 2382 594 2427 quod
608 2380 708 2426 longe
726 2381 828 2414 ctiam
843 2379 945 2414 aliud
959 2378 1015 2421 sit,
1030 2379 1077 2413 ad
1097 2378 1238 2423 aliquod
1250 2380 1418 2424 agendum
1435 2379 1621 2424 impellere,
1641 2381 1679 2415 in

223 2450 292 2484 qua
307 2448 408 2472 causa
422 2443 470 2470 est
487 2435 668 2470 AEschines
678 2448 690 2474 ;
715 2441 745 2468 et
759 2441 798 2468 ut
800 2434 881 2480 jam
893 2433 1035 2479 factum
1052 2431 1224 2472 toleretur,
1238 2432 1372 2466 hortari
1381 2446 1390 2471 ;
1416 2434 1679 2479 quomodofecit

223 2492 480 2528 Demosthenes.
530 2489 708 2534 Utcunque
727 2501 760 2522 se
786 2500 841 2522 res
859 2488 990 2529 habeat,
1005 2487 1194 2521 orationem
1220 2487 1351 2531 quidem
1374 2487 1484 2532 ipsam.
1507 2501 1528 2521 a
1552 2489 1678 2522 Demo-

224 2547 338 2582 sthene
350 2544 467 2591 fuisse
483 2544 646 2588 scriptam
663 2549 814 2576 constat:
838 2548 869 2575 et
886 2541 1001 2587 (quod
1016 2541 1108 2576 nobis
1119 2542 1201 2575 satis
1216 2541 1284 2586 sit)
1292 2542 1394 2584 (Ιίῃηα
1409 2549 1468 2583 est,
1481 2554 1552 2588 (111oe
1563 2543 1604 2576 ab
1620 2542 1679 2577 illo

219 2601 471 2647 proficiscatur.
521 2598 639 2643 Neque
652 2597 864 2631 immorando
879 2596 915 2629 in
931 2608 970 2629 re
985 2602 1054 2630 tam
1062 2608 1186 2642 parva,
1199 2602 1259 2630 aut
1273 2595 1429 2631 lectorem
1434 2597 1675 2643 fatigandum,

225 2663 282 2690 aut
299 2654 432 2701 leyendi
445 2652 664 2700 cupiditatem
681 2651 907 2694 minuendam,
918 2656 1014 2696 puto.
