1923 3149
468 191 544 228 DE
576 190 729 228 MALE
756 189 935 228 GESTA
966 189 1292 230 LEGATIONE.
1534 195 1605 232 271

157 292 287 330 matris
317 292 523 339 Timarchi,
544 294 645 332 senis
665 293 848 338 mulieris,
872 305 942 330 nec
962 305 1180 343 puerorum,
1207 309 1279 333 nec
1302 295 1464 347 denique
1485 299 1615 349 cujus-

156 366 283 403 quam,
304 354 373 392 sed
393 355 483 392 illud
507 344 774 405 spectandum,
795 355 825 392 si
853 354 976 405 legem
1001 361 1038 391 et
1058 355 1281 404 reipublicae
1311 371 1442 396 curam
1462 360 1612 409 abjece-

157 415 251 461 ritis,
273 417 337 465 qui
358 417 473 454 vestri
494 417 729 463 misereatur,
751 417 972 454 inventuros
992 429 1077 453 esse
1098 417 1300 455 neminem.
1334 420 1401 457 Ille
1420 422 1536 470 igitur
1555 423 1614 459 in-

157 476 249 514 felix
280 477 396 515 homo
435 478 647 528 ignominia
675 484 829 516 notatus
859 484 927 522 est,
958 478 1062 528 quod
1091 478 1200 515 istius
1235 480 1382 518 scelera
1406 482 1521 519 vidit:
1551 483 1613 521 isti

157 544 284 575 autem
305 539 570 590 impunitatem
588 538 835 577 concedetis?
866 538 974 576 Cur?
1004 538 1105 576 Nam
1127 540 1158 576 si
1178 540 1226 576 ab
1247 539 1291 577 iis
1320 541 1385 589 qui
1404 542 1442 578 in
1473 556 1513 580 se
1541 545 1612 594 ipsi

157 599 412 650 deliquerunt,
434 608 561 639 tantas
581 614 717 651 poenas
736 601 896 651 expetiit
911 600 1128 646 AEschines,
1148 601 1240 651 quid
1260 601 1297 638 in
1313 614 1392 648 eos,
1411 604 1475 652 qui
1496 606 1612 642 tantis

154 660 192 696 in
212 662 326 699 rebus
344 662 565 712 reipublicae
587 668 814 708 nocuerunt,
842 675 1004 711 quorum
1024 662 1140 699 istum
1162 675 1280 699 unum
1301 675 1387 701 esse
1406 671 1571 712 constat,
1592 678 1615 703 a

155 722 264 759 vobis
287 723 423 773 juratis
442 722 635 773 judicibus
661 723 732 760 erit
763 723 1043 761 statuendum?
1091 724 1146 760 At
1164 723 1328 769 hercule
1342 725 1613 764 adolescentes

154 789 309 833 propter
329 783 424 820 illud
439 783 629 833 judicium
649 784 755 821 vobis
782 792 896 822 erunt
921 784 1128 822 meliores?
1161 792 1317 836 propter
1342 786 1456 823 istum
1483 794 1612 825 autem

152 844 177 881 ii
198 844 262 894 qui
281 851 483 882 versantur
500 844 538 881 in
554 845 765 895 republica,
782 859 852 895 per
871 859 967 895 quos
983 847 1021 883 in
1040 859 1234 883 summurn
1255 847 1388 885 civitas
1407 849 1613 888 discrimen

155 905 371 943 adducitur.
404 906 477 943 Est
491 912 619 944 autem
635 913 674 942 et
692 906 830 942 horum
849 906 1031 943 habenda
1049 907 1158 943 ratio.

208 969 271 1006 80.
304 968 357 1005 Ut
375 973 505 1005 autem
525 966 667 1012 sciatis,
699 967 746 1003 ab
778 966 854 1004 isto
883 967 997 1004 etiam
1026 967 1129 1004 hunc
1160 969 1403 1008 Timarchum
1438 985 1613 1011 eversum

155 1042 255 1075 esse,
275 1042 352 1066 non
383 1029 437 1066 ita
466 1042 526 1066 me
557 1027 610 1065 dii
641 1034 771 1065 ament
804 1028 852 1065 de
884 1028 1013 1065 liberis
1043 1030 1194 1075 vestiis,
1215 1043 1292 1079 quo
1311 1031 1364 1068 illi
1384 1040 1513 1071 essent
1530 1048 1613 1072 mo-

156 1090 268 1136 desti,
291 1090 466 1136 sollicito,
468 1096 613 1127 —sunt
632 1090 746 1136 enim,
768 1089 1041 1136 Athenienses,
1071 1091 1151 1141 jam
1172 1105 1274 1130 nunc
1294 1094 1483 1133 modesti.
1515 1098 1615 1135 absit

154 1159 198 1189 ut
217 1165 262 1189 eo
277 1152 351 1189 loci
372 1139 592 1203 respublica
610 1151 819 1202 redigatur,
838 1160 880 1189 ut
899 1152 1108 1202 Aphobeto
1129 1160 1167 1190 et
1186 1154 1371 1193 AEschine
1391 1159 1613 1198 censoribus

153 1212 339 1263 indigeat,
360 1213 526 1259 absit—,
547 1213 614 1251 sed
631 1213 734 1263 quod
754 1213 818 1250 ille
838 1220 992 1251 senat01
1011 1213 1174 1265 scripsit,
1193 1215 1224 1252 si
1244 1217 1329 1266 quis
1349 1218 1611 1269 convincatur,

153 1287 260 1311 arma
278 1274 428 1312 vexisse
448 1274 498 1311 ad
515 1274 749 1325 Philippum,
765 1282 831 1312 aut
863 1281 1100 1312 armamenta
1129 1276 1352 1324 triremium,
1374 1287 1493 1318 morte
1513 1283 1612 1319 mul-

154 1336 351 1373 ctandum.
411 1336 532 1387 Cujus
560 1336 613 1374 rei
633 1336 707 1374 hoc
728 1336 880 1386 signum
901 1344 972 1374 est.
1013 1337 1132 1374 'Nam
1153 1339 1340 1388 quamdiu
1360 1341 1612 1382 concionatus

150 1397 228 1436 fuit
248 1397 506 1435 Timarchus?
536 1398 615 1435 diu.
673 1398 729 1435 Eo
759 1397 872 1449 igitur
906 1399 1008 1435 omni
1042 1406 1214 1449 tempore
1247 1401 1285 1437 in
1315 1403 1510 1452 republica
1544 1405 1617 1443 fuit

155 1460 371 1505 AEschines,
406 1466 446 1497 et
465 1473 663 1510 nunquam
693 1473 796 1510 aegre
828 1460 928 1504 tulit,
962 1467 1030 1498 aut
1061 1474 1176 1511 grave
1198 1475 1283 1499 esse
1303 1463 1428 1510 duxit,
1451 1465 1482 1502 si
1499 1466 1615 1506 homo

151 1519 229 1558 illis
249 1521 420 1558 moribus
453 1521 660 1559 conciones
694 1521 865 1567 haberet,
885 1522 1009 1559 donec
1036 1522 1077 1559 in
1099 1524 1372 1564 Macedoniam
1402 1528 1613 1578 profectus,

152 1582 324 1633 seipsum
344 1582 522 1620 mercede
542 1582 696 1621 locavit.
753 1583 851 1633 Age,
872 1583 999 1634 ipsum
1019 1584 1209 1622 Timarchi
1229 1585 1428 1626 decretum
1447 1602 1555 1642 cape,
1578 1598 1618 1630 et

154 1644 286 1683 recita.

685 1809 688 1813 .
726 1780 1041 1819 DECRETUM.

154 1900 233 1941 Qui
251 1898 367 1950 igitur
385 1912 454 1950 pro
474 1899 582 1936 vobis
602 1899 785 1946 decrevit,
805 1913 853 1937 ne
873 1899 966 1937 belli
985 1906 1156 1951 tempore
1177 1900 1227 1938 ad
1258 1901 1478 1954 Philippum
1508 1918 1614 1945 arma

152 1960 356 2007 ferrentur,
377 1961 437 1999 sin
464 1961 549 2011 quis
581 1960 752 2006 fecisset,
775 1961 941 2012 capitale
961 1961 1056 2007 fore,
1082 1962 1206 2011 periit,
1234 1969 1270 1999 et
1296 1966 1530 2004 contumelia
1554 1975 1614 2006 est

155 2022 330 2068 affectus,
349 2023 423 2060 iste
443 2029 586 2068 autem,
607 2023 672 2072 qui
697 2029 735 2059 et
755 2029 969 2060 vestrorum
1004 2023 1195 2060 sociorum
1228 2037 1335 2062 arma
1359 2026 1414 2063 illi
1443 2029 1610 2077 tradidit,

154 2090 328 2127 accusat,
362 2091 401 2120 et
429 2083 476 2120 de
510 2090 642 2133 stupro
676 2083 842 2129 disserit,
861 2084 957 2133 proh
978 2083 1108 2121 divum
1129 2090 1243 2134 atque
1263 2085 1461 2126 hominum
1479 2090 1610 2138 fidem,

153 2144 304 2181 duobus
326 2145 404 2182 suis
424 2144 603 2181 affinibus
620 2145 905 2190 assistentibus,
923 2144 1060 2194 quibus
1081 2147 1299 2197 conspectis
1321 2161 1388 2187 vos
1418 2151 1612 2191 exclama-

152 2197 258 2253 retis,
279 2207 392 2244 Nicia
420 2206 486 2244 illo
513 2205 692 2252 vaecordi,
713 2207 777 2256 qui
805 2219 846 2244 se
873 2206 910 2242 in
939 2207 1109 2257 AEgypto
1141 2208 1319 2246 mercede
1339 2209 1481 2249 locavit
1508 2214 1611 2252 Cha-

151 2268 257 2314 briae,
280 2275 320 2306 et
340 2267 496 2307 homine
526 2264 764 2305 exsecrando
786 2267 1014 2318 Cerybione,
1046 2268 1109 2318 qui
1140 2268 1177 2305 in
1209 2269 1318 2307 festis
1347 2272 1494 2322 absque
1523 2288 1611 2326 per-

152 2342 250 2367 sona
268 2336 521 2367 comessatur.
578 2328 657 2366 Sed
676 2328 768 2379 quid
798 2328 882 2366 haec
902 2329 1018 2367 dico?
1059 2329 1183 2380 Atqui
1207 2330 1362 2368 fratrem
1381 2333 1464 2384 ejus
1484 2335 1614 2376 videat

152 2391 409 2442 Aphobetum.
470 2390 547 2428 Sed
573 2390 639 2428 illa
658 2389 718 2427 die
740 2390 911 2440 profecto
939 2404 1073 2429 omnes
1095 2391 1143 2429 de
1161 2391 1401 2443 impudicitia
1419 2397 1613 2437 orationes

145 2452 332 2498 adverso,
349 2452 455 2503 quod
481 2452 601 2498 aiunt,
623 2452 725 2489 amni
743 2452 949 2490 fluxerunt.

207 2514 271 2550 81.
302 2513 446 2550 Verum
464 2520 609 2563 quanta
627 2513 839 2563 ignominia
858 2514 1133 2565 rempublicam
1153 2521 1318 2553 vestram
1334 2516 1446 2556 istius
1471 2519 1612 2571 impro-

151 2574 251 2612 bitas
285 2580 324 2612 et
350 2574 588 2612 mendacitas
609 2574 801 2621 affecerit,
835 2576 1012 2613 omnibus
1041 2577 1182 2615 relictis
1203 2579 1354 2625 ceteris,
1369 2581 1473 2630 quod
1490 2583 1611 2620 nostis

153 2649 287 2674 omnes
307 2649 390 2682 vos,
410 2635 448 2672 id
466 2636 603 2673 dicam.
662 2637 781 2683 Olim,
802 2637 1075 2681 Athenienses,
1098 2639 1192 2689 quid
1219 2653 1242 2677 a
1270 2640 1379 2678 vobis
1413 2642 1610 2680 decretum

151 2704 267 2743 esset,
288 2697 546 2734 observabant
567 2697 630 2734 alii
645 2698 777 2736 Graeci
792 2711 926 2736 omnes
943 2712 952 2735 ε
983 2712 1087 2737 nunc
1107 2700 1402 2739 obambulamus
1417 2715 1499 2747 nos,
1517 2703 1611 2754 quid

140 2759 275 2796 .visum
314 2758 363 2796 sit
398 2758 495 2804 aliis,
530 2759 787 2808 speculantes,
821 2766 937 2810 atque
971 2760 1252 2808 auscultantes,
1285 2762 1378 2812 quid
1407 2763 1611 2802 Arcades?

141 2820 246 2870 2quid
266 2819 602 2871 Amphictyones?
631 2834 706 2870 quo
725 2822 991 2872 proficiscatur
1018 2822 1249 2875 Philippus?
1277 2824 1443 2871 vivatne,
1473 2839 1521 2862 an
1541 2828 1610 2865 ob-

137 2881 264 2919 derit?
294 2882 437 2919 Nonne
455 2881 509 2918 ita
526 2881 716 2920 facimus?
746 2882 831 2933 Ego
849 2896 940 2921 vero
960 2884 1000 2921 id
1017 2896 1093 2921 non
1114 2897 1260 2929 vereor,
1277 2897 1325 2921 an
1345 2884 1447 2923 vivat
1465 2885 1611 2939 Philip-

139 2959 226 2996 ·pus
239 2959 248 2986 :
261 2946 365 2993 ,illud
381 2956 524 2990 vereor,
540 2956 588 2981 ne
609 2943 828 2994 reipublicae
846 2945 977 2984 odium
996 2946 1034 2983 in
1054 2945 1292 2984 facinorosos
1307 2951 1347 2983 et
1360 2946 1529 2987 vindicta
1543 2950 1611 2987 ob-
