1923 3149
586 176 658 213 DE
689 175 854 214 FALSO
886 175 1245 214 TESTIMONIO.
1574 179 1652 215 495

191 276 368 314 omnibus
399 277 637 323 detrectatis,
667 292 707 316 se
740 279 883 316 factum
907 278 1097 328 judicium
1133 277 1419 324 calumniando,
1454 284 1492 316 et
1525 291 1652 316 meum

190 345 328 376 testem
356 338 593 383 accusando,
615 352 890 390 persuasurum
925 339 1034 376 vobis
1062 351 1147 377 esse
1172 347 1282 389 putat
1311 346 1354 377 ut
1388 353 1475 377 eum
1509 340 1653 378 conde-

190 400 345 444 mnetis,
360 412 400 436 re
416 400 590 450 profecto
606 400 775 437 omnium
791 407 830 437 et
843 399 1082 450 iniquissima
1097 407 1136 436 et
1151 400 1446 438 sceleratissima
1460 403 1652 452 composi-

189 468 241 499 ta.
291 461 397 499 Nam
417 462 498 512 ipse
518 461 640 499 salsos
661 468 781 499 testes
801 460 967 498 instituit
984 460 1043 498 his
1064 460 1111 498 de
1132 462 1261 506 rebus,
1279 463 1545 500 communibus
1565 475 1653 500 cnm

191 522 366 561 Onetore
397 523 511 560 affine
532 528 571 560 et
590 521 810 560 Timocrate
830 521 1069 572 sumptibus:
1101 533 1172 558 nos
1201 533 1293 558 vero
1322 524 1406 570 ejus
1439 522 1492 559 rei
1518 522 1652 572 ignari,

189 596 276 621 cum
298 590 524 634 putaremus
544 583 594 620 de
613 583 698 633 ipso
717 583 939 620 testimonio
959 582 1038 619 fore
1051 581 1254 633 judicium,
1274 582 1435 619 testibus
1459 583 1508 620 de
1522 583 1653 621 tutelae

189 644 356 695 pecunia
375 656 479 681 nunc
499 643 677 681 instructi
704 657 782 681 non
813 656 960 681 sumus.
1019 643 1250 694 Quanquam
1274 650 1403 681 autem
1432 644 1503 681 iste
1524 645 1579 682 sic
1611 651 1655 681 ut

189 706 350 757 exposui
369 706 595 744 veteratorie
616 706 710 756 egit,
733 711 864 743 tamen
894 718 954 743 me
982 712 1228 743 ostensurum
1256 705 1370 743 facile
1389 704 1545 743 confido
1565 717 1653 742 eum

182 769 394 820 justissime
421 768 723 807 condemnatum
751 782 852 815 esse,
873 781 952 806 non
980 781 1027 807 eo
1054 768 1158 819 quod
1179 768 1339 819 Milyam
1360 767 1524 818 torqueri
1543 773 1653 805 vetu-

188 831 297 878 erim,
318 843 445 882 neque
466 831 572 882 quod
604 830 767 870 liberum
787 843 877 868 eum
904 843 990 869 esse
1019 830 1067 868 sit
1094 829 1311 876 confessus,
1340 829 1456 879 idque
1474 828 1513 865 hi
1534 835 1653 866 testes

189 893 431 940 affirmarint,
446 893 515 932 sed
535 893 638 945 quod
659 900 699 931 et
714 894 920 931 multarum
942 893 1162 944 rapinarum
1183 893 1385 931 convictus
1401 899 1473 939 est,
1494 905 1565 930 nec
1585 892 1654 929 do-

189 967 308 1003 mum,
327 955 383 993 uti
399 962 439 994 et
457 956 564 1006 leges
578 956 721 1006 jubent
739 962 778 993 et
799 962 907 1006 pater
927 967 1035 993 meus
1054 955 1092 991 in
1108 961 1341 993 testamento
1362 954 1654 1005 perscripserat,

188 1015 367 1062 elocavit‚
387 1022 431 1053 ut
450 1029 524 1066 ego
544 1017 652 1054 vobis
677 1017 781 1054 clare
801 1015 1006 1054 ostendam
1024 1029 1033 1054 z
1066 1028 1153 1053 nam
1173 1016 1276 1066 haec,
1297 1016 1406 1066 leges
1425 1015 1596 1066 inquam,
1616 1020 1655 1050 et

189 1078 497 1129 magnitudinem
517 1079 678 1130 direptae
693 1080 741 1117 ab
762 1079 843 1117 istis
862 1078 1038 1129 pecuniae
1059 1078 1189 1128 palam
1209 1077 1337 1116 videre
1358 1084 1441 1115 erat
1462 1076 1654 1121 omnibus,

191 1138 353 1190 Milyam
373 1151 464 1177 vero
483 1139 570 1190 quis
589 1146 694 1177 esset
716 1152 829 1177 nemo
850 1146 973 1177 norat.
1031 1140 1082 1175 Et
1102 1139 1187 1176 haec
1212 1138 1266 1176 ita
1284 1150 1324 1176 se
1345 1138 1499 1183 habere,
1520 1150 1569 1175 ex
1590 1149 1653 1174 ac—

189 1201 388 1238 cusatione
407 1199 648 1250 intelligetis.

246 1262 308 1300 10.
339 1262 438 1312 Ego,
458 1261 637 1308 Judices,
659 1261 926 1313 istijudicium
956 1261 1089 1300 tutelae
1116 1261 1273 1307 dictavi,
1292 1273 1368 1298 non
1398 1274 1476 1299 una
1503 1271 1654 1298 summa

189 1321 418 1374 composita,
445 1322 774 1371 quemadmodum
805 1322 965 1360 fecisset
984 1321 1123 1373 aliquis
1150 1320 1412 1359 calumniandi
1442 1321 1653 1365 studiosus,

190 1383 258 1422 sed
277 1383 431 1434 singula
449 1383 678 1421 nominatim
696 1383 919 1435 perscripsi,
938 1383 1045 1420 unde
1071 1382 1275 1432 acceperit,
1294 1389 1332 1419 et
1351 1389 1554 1432 quantum,
1574 1388 1614 1419 et
1632 1394 1656 1420 a

184 1457 279 1495 quo,
300 1457 372 1482 nec
394 1457 557 1495 usquam
577 1443 764 1494 adscripsi
780 1444 943 1495 Milyam
956 1450 1000 1481 ut
1018 1443 1134 1481 ullius
1150 1443 1284 1481 harum
1304 1455 1429 1480 rerum
1441 1443 1656 1481 conscium.

191 1506 263 1544 Est
290 1511 417 1544 autem
445 1505 705 1544 accusationis
731 1505 806 1544 hoc
836 1505 1001 1552 initium,
1025 1505 1050 1542 d
1063 1518 1084 1542 e
1113 1504 1193 1542 his
1224 1517 1278 1542 ac
1291 1517 1312 1542 c
1326 1517 1350 1541 u
1367 1517 1384 1542 s
1397 1512 1447 1541 at
1477 1504 1515 1541 D
1531 1517 1600 1542 em
1613 1517 1657 1542 o-

190 1567 414 1605 sthenes
444 1566 741 1617 Aphobum:
781 1567 951 1604 habet
987 1578 1147 1604 meam
1185 1565 1460 1617 pecuniam
1491 1565 1655 1616 Apho-

190 1628 289 1665 bus
332 1627 536 1665 tutorio
565 1626 790 1673 nomine,
821 1627 1108 1678 octoginta
1146 1627 1330 1672 minas,
1362 1626 1533 1664 dotem
1562 1638 1653 1664 ma-

190 1688 293 1726 tris
341 1701 398 1726 ex
444 1694 770 1726 testamento
808 1688 986 1739 patris
1029 1701 1084 1726 ac
1102 1694 1322 1740 ceptam.
1399 1688 1497 1725 Haec
1534 1688 1656 1739 prima

189 1749 354 1800 pecunia
373 1756 434 1788 est
451 1763 528 1801 qua
548 1763 609 1788 me
629 1749 847 1788 fraudatum
868 1763 1020 1801 queror.
1076 1750 1212 1788 Testes
1227 1762 1319 1788 vero
1340 1749 1432 1801 quid
1449 1748 1657 1787 dixerunt?

191 1811 457 1850 Affirmant
499 1825 551 1850 se
586 1812 749 1850 fuisse
786 1810 923 1863 apud
969 1811 1341 1850 Notharchum
1380 1810 1658 1854 arbitrum,

191 1885 305 1911 cum
352 1873 614 1924 Aphobus
662 1886 685 1911 a
726 1879 883 1924 patre
928 1886 1038 1911 meo
1081 1871 1451 1910 Demosthene
1487 1884 1657 1910 manu-

189 1933 411 1972 missum
454 1946 505 1972 es
522 1946 572 1971 se
616 1933 661 1971 M
678 1933 840 1984 ilyam
886 1934 1210 1971 confiteretu
1227 1946 1256 1970 r.
1326 1932 1506 1982 Cogitate
1540 1932 1657 1982 igitur

190 2009 279 2034 cum
298 1995 435 2033 animis
464 1996 617 2041 vestris,
638 2008 731 2033 num
752 1995 840 2046 quis
859 2002 927 2033 aut
951 2001 1079 2033 orator
1098 2000 1166 2033 aut
1184 1994 1359 2046 sophista
1376 2001 1445 2033 aut
1463 1994 1655 2046 praestigi-

192 2062 277 2094 ator
310 2062 390 2094 tam
420 2055 658 2093 admirabilis
687 2062 726 2093 et
748 2056 936 2106 eloquens
957 2056 1151 2094 exstitisse
1170 2055 1361 2103 videatur,
1380 2062 1424 2093 ut
1447 2056 1522 2093 hoc
1547 2056 1656 2093 testi-

190 2118 320 2155 monio
351 2118 545 2168 probaret,
576 2116 785 2168 Aphobum
815 2116 957 2154 habere
988 2116 1118 2154 dotem
1151 2128 1247 2153 meae
1277 2117 1422 2154 matris.
1478 2116 1530 2154 Et
1561 2116 1655 2166 quid

191 2179 354 2216 obsecro
374 2177 413 2215 in
431 2184 602 2215 mentem
631 2178 666 2215 ei
686 2178 804 2224 venit,
825 2184 869 2215 ut
892 2178 1038 2216 diceret
1066 2184 1182 2227 atque
1208 2178 1470 2225 confiteretur,
1492 2177 1654 2216 liberum

191 2252 277 2278 esse
306 2238 498 2291 Milyam?
539 2239 647 2278 Eone
667 2240 790 2291 magis
812 2252 888 2290 ego
910 2240 1040 2278 dotem
1068 2238 1221 2277 habeo?
1261 2239 1392 2277 Nihilo
1411 2246 1514 2278 certe
1531 2239 1656 2290 magis

190 2307 347 2353 propter
365 2301 441 2340 hoc
462 2300 634 2351 quidem,
653 2307 699 2339 ut
717 2309 889 2353 apparet.

250 2365 314 2401 11.
337 2363 450 2401 Unde
470 2376 560 2401 vero
578 2363 653 2402 hoc
668 2369 870 2402 ostensum
889 2363 977 2402 est?
1006 2363 1178 2401 PrImum
1198 2364 1279 2415 ejus
1295 2370 1475 2402 contutor
1494 2362 1655 2414 Therip-

195 2426 306 2478 pides
325 2439 396 2477 pro
413 2425 637 2464 testimonio
656 2426 776 2473 dixit,
796 2439 836 2464 se
854 2425 909 2464 illi
928 2425 1061 2464 dotem
1084 2438 1318 2464 numerasse.
1361 2424 1514 2462 Deinde
1534 2436 1654 2462 avun-

193 2488 305 2526 culus
328 2488 483 2526 Demon
503 2494 543 2525 et
562 2488 625 2526 alii
646 2487 711 2538 qui
729 2487 923 2526 affuerunt
936 2486 1184 2532 affirmarunt,
1201 2486 1315 2524 istum
1331 2499 1417 2524 esse
1437 2486 1654 2537 professum

183 2563 251 2596 se,
272 2555 316 2587 ut
333 2550 395 2600 qui
417 2549 550 2588 dotem
574 2549 747 2596 haberet,
766 2549 911 2588 victum
931 2549 1043 2586 matri
1071 2554 1318 2586 curaturum:
1347 2560 1473 2598 neque
1497 2546 1569 2584 hos
1592 2558 1653 2583 ac-

194 2612 360 2657 cusavit,
381 2624 477 2661 quos
497 2624 588 2649 vera
607 2611 750 2650 dixisse
771 2611 898 2649 sciret.
956 2611 1153 2648 Praeterea
1181 2617 1303 2648 mater
1322 2622 1384 2647 me
1414 2615 1454 2646 et
1483 2620 1653 2646 sororem

192 2673 422 2725 producere,
442 2678 482 2710 et
508 2672 546 2709 in
573 2685 702 2713 meum
726 2674 947 2724 sororisque
960 2676 1091 2722 ⁴jurare
1111 2672 1239 2723 capita
1258 2670 1390 2714 voluit,
1418 2670 1535 2708 istum
1556 2682 1577 2707 e
1597 2676 1653 2707 te-

186 2740 388 2772 stamento
403 2731 523 2784 patris
539 2732 668 2771 dotem
681 2735 892 2785 accepisse.
923 2734 1001 2771 Eas
1016 2734 1215 2784 octoginta
1228 2732 1352 2769 minas
1368 2736 1495 2767 utrum
1509 2730 1654 2768 habere

194 2808 283 2834 eum
304 2795 492 2839 dicemus,
512 2807 561 2832 an
581 2794 684 2832 non?
723 2795 864 2833 Utrum
884 2803 1039 2847 propter
1059 2796 1130 2833 hos
1150 2800 1270 2831 testes
1292 2799 1350 2830 est
1364 2792 1583 2838 damnatus,
1604 2805 1653 2828 an

193 2863 350 2908 propter
369 2856 484 2894 illos?
518 2857 602 2906 Ego
622 2855 777 2907 quidem
794 2864 952 2909 propter
965 2857 1164 2895 veritatem
1179 2854 1328 2905 opinor.
1371 2853 1518 2890 Harum
1539 2852 1654 2902 igitur

195 2918 481 2957 usumfructum
505 2931 594 2956 cum
614 2917 844 2957 decennium
867 2917 1085 2970 perceperit
1103 2930 1151 2955 ac
1170 2930 1218 2954 ne
1238 2914 1386 2965 judicio
1401 2914 1558 2965 quidem
1584 2913 1652 2951 da-
