1923 3149
298 138 370 173 190
844 135 915 172 DE
945 134 1183 173 CORONA.

293 236 356 273 alii
388 234 453 285 qui
485 235 673 285 corrogati
705 241 963 273 convenerant
987 235 1139 273 dicendi
1159 235 1249 272 mihi
1269 242 1495 286 potestatem
1513 251 1588 276 non
1609 240 1725 278 facie-

292 298 397 342 bant,
425 295 488 333 alii
516 295 760 342 mirabantur,
780 302 817 333 et
836 296 946 334 inane
965 296 1106 334 crimen
1136 309 1181 334 ex
1207 296 1353 347 privata
1370 298 1561 337 simultate
1589 299 1727 339 inferre

291 370 351 394 me
378 357 411 394 ei
433 358 628 407 putabant.
684 357 781 400 Quae
801 363 926 394 autem
946 357 1127 402 conditio,
1146 357 1412 404 Athenienses,
1441 359 1575 397 harum
1603 374 1727 399 rerum

289 418 416 464 fuerit,
433 431 621 468 quamque
635 419 683 456 ob
700 431 855 456 causam
870 419 944 456 ista
957 426 1175 469 comparata
1190 426 1278 457 sunt
1296 425 1334 456 et
1353 432 1430 470 qua
1446 419 1590 458 ratione
1603 428 1724 471 gesta,

291 493 390 516 nune
416 479 596 530 denique,
619 479 796 530 quoniam
815 486 906 517 tunc
933 480 1111 530 prohibiti
1131 479 1236 525 estis,
1259 480 1443 531 accipite:
1473 493 1561 518 nam
1582 488 1622 518 et
1641 482 1723 532 pul-

289 555 351 579 cre
370 554 448 578 rem
463 541 713 591 compositam
735 540 924 587 videbitis,
951 540 1182 591 multumque
1206 540 1308 578 illinc
1339 540 1547 591 adjumenti
1566 542 1722 592 capietis

289 602 339 641 ad
354 603 611 640 communium
622 615 746 640 rerum
766 602 1037 653 cognitionem,
1057 610 1095 641 et
1113 610 1257 654 quanta
1268 603 1396 641 eratin
1417 603 1594 654 Philippo
1610 604 1726 642 soler-

287 664 353 709 tia,
368 663 617 714 perspicietis.

339 726 403 762 48.
434 723 573 761 Nullus
593 730 674 761 erat
691 723 782 761 belli
793 724 896 774 quod
914 724 1110 763 vobiscum
1126 725 1286 776 gerebat
1302 724 1387 763 finis
1404 732 1470 763 aut
1489 725 1612 763 exitus
1634 725 1725 763 Phi-

287 785 401 835 lippo,
426 785 500 822 nisi
518 784 722 823 Thebanos
742 792 782 824 et
801 786 1010 824 Thessalos
1039 787 1170 825 hostes
1191 787 1362 825 efficeret
1380 786 1598 838 reipublicae
1615 801 1624 825 :
1655 788 1726 825 sed

283 845 482 884 infeliciter
499 845 589 883 licet
602 852 641 883 et
655 846 754 885 male
769 859 855 885 cum
872 847 938 885 illo
956 848 1071 885 vestri
1096 848 1338 898 imperatores
1353 847 1554 894 bellarent,
1570 848 1617 886 ab
1639 848 1724 898 ipso

285 906 387 944 bello
406 913 534 945 tamen
551 913 590 945 et
608 920 631 944 a
648 908 891 958 praedonibus
922 908 1125 945 innumeris
1156 909 1264 946 malis
1297 909 1520 946 vexabatur.
1590 908 1725 958 Neque

286 968 387 1005 enim
405 969 675 1019 exportabatur
692 981 820 1006 eorum
840 969 1043 1018 quicquam
1059 981 1146 1018 quae
1165 981 1211 1005 ex
1235 975 1336 1005 terra
1353 967 1420 1005 illa
1437 968 1725 1018 proveniebant,

285 1042 410 1080 neque
434 1042 480 1067 ea
511 1029 647 1080 quibus
677 1031 816 1080 egebat
845 1030 1172 1080 importabantur;
1194 1029 1277 1079 jam
1295 1041 1385 1066 vero
1409 1041 1534 1080 neque
1562 1028 1601 1066 in
1631 1029 1726 1065 mari

284 1096 376 1127 tunc
406 1090 578 1140 superior
599 1090 705 1127 vobis
735 1097 831 1137 erat,
854 1103 979 1140 neque
1010 1090 1047 1127 in
1075 1089 1243 1127 Atticam
1261 1090 1390 1128 venire
1409 1095 1569 1140 poterat,
1591 1089 1623 1126 si
1651 1102 1723 1127 nec

284 1149 458 1187 Thessali
490 1163 577 1187 eum
613 1158 862 1200 sequerentur
901 1164 971 1189 nec
1000 1150 1176 1188 Thebani
1207 1151 1409 1188 transitum
1446 1150 1606 1188 darent:
1650 1162 1722 1186 usu

284 1219 410 1248 autem
438 1212 616 1249 veniebat
641 1212 688 1256 ei,
716 1218 759 1248 ut
786 1225 871 1248 cum
902 1212 1004 1250 bello
1035 1218 1233 1262 superaret
1260 1211 1547 1261 qualescunque
1567 1210 1723 1248 tandem

287 1284 350 1309 vos
372 1272 568 1310 mitteretis
600 1272 1034 1323 imperatores—omitto
1068 1272 1167 1309 enim
1192 1272 1266 1309 hoc
1294 1272 1564 1322 utique—ipsa
1596 1278 1723 1309 tamen

282 1333 356 1371 loci
376 1346 574 1383 rerumque
602 1347 688 1384 quae
719 1334 891 1385 utrisque
924 1323 1179 1384 suppetebant
1210 1339 1348 1371 natura
1372 1333 1626 1371 infestaretur.
1683 1332 1724 1370 Si

282 1394 398 1444 igitur
418 1407 571 1432 suarum
589 1407 707 1432 causa
735 1395 1015 1432 inimicitiarum
1033 1395 1094 1431 vel
1119 1394 1315 1432 Thessalis
1333 1394 1394 1432 vel
1418 1393 1609 1431 Thebanis
1635 1406 1723 1430 sua-

283 1456 391 1493 deret
421 1462 463 1493 ut
487 1456 523 1492 in
556 1468 623 1493 vos
653 1456 890 1502 invaderent,
915 1469 1045 1493 eorum
1078 1456 1268 1493 neminem
1300 1455 1519 1492 auditurum
1538 1454 1724 1504 putabat:

285 1520 343 1556 sin
364 1531 586 1556 communes
618 1532 658 1556 se
680 1518 830 1556 illorum
849 1531 988 1556 causas
1010 1519 1201 1569 suscipere
1223 1518 1406 1556 simulans
1427 1517 1504 1554 dux
1525 1518 1571 1554 ab
1591 1516 1636 1554 iis
1656 1516 1722 1554 eli·

284 1586 448 1631 geretur,
470 1579 618 1617 facilius
650 1581 828 1630 sperabat
855 1593 895 1617 se
917 1580 1053 1630 partim
1082 1578 1267 1624 fallendo,
1286 1579 1423 1629 partim
1443 1577 1724 1628 persuadendo,

284 1642 377 1691 quod
401 1647 543 1690 optaret
560 1648 866 1679 consecuturum.
922 1641 1026 1683 Quid
1053 1640 1198 1692 igitur?
1254 1639 1595 1677 Molitur—videte
1609 1650 1722 1688 quam

284 1702 437 1752 egregie
453 1702 656 1739 !—bellum
688 1701 855 1739 excitare
884 1702 982 1740 inter
1001 1702 1304 1753 Amphictyonas
1332 1707 1370 1739 et
1388 1701 1426 1737 in
1445 1712 1630 1738 consessu
1647 1698 1723 1750 Py-

286 1764 358 1801 laeo
386 1764 616 1801 tumultum:
646 1763 694 1801 ad
723 1776 788 1801 eas
809 1763 908 1800 enim
937 1776 996 1800 res
1030 1763 1156 1800 statim
1185 1775 1251 1800 eos
1284 1761 1524 1799 existimabat
1543 1759 1722 1810 auxilium

284 1837 392 1862 suum
418 1823 708 1861 desideraturos.
765 1824 880 1866 Quod
899 1823 930 1861 si
950 1824 1031 1874 quis
1049 1836 1097 1861 ex
1123 1823 1166 1860 iis
1187 1835 1282 1872 quos
1300 1821 1382 1872 ipse
1410 1821 1576 1858 mitteret
1599 1819 1723 1858 hiero-

281 1884 546 1923 mnemonibus
569 1885 628 1922 vel
657 1898 704 1922 ex
727 1884 847 1935 ipsius
873 1884 1065 1921 foederatis
1086 1884 1160 1921 hoc
1189 1889 1430 1934 proponeret,
1454 1880 1649 1920 Thebanis
1676 1894 1722 1920 ac

284 1946 478 1984 Thessalis
493 1958 572 1983 rem
591 1946 670 1983 fore
696 1952 913 1996 suspectam
927 1946 1100 1995 putabat,
1121 1958 1329 1994 omnesque
1343 1943 1414 1982 sibi
1427 1950 1633 1981 cauturos:
1663 1942 1721 1980 sin

286 2007 529 2045 Atheniensis
556 2013 658 2044 esset
689 2013 803 2056 atque
829 2019 852 2044 a
869 2006 974 2043 vobis
1003 2006 1225 2044 adversariis
1256 2005 1336 2042 suis
1364 2004 1558 2055 profectus
1586 2003 1652 2053 qui
1683 2002 1722 2040 id

285 2075 427 2119 ageret,
448 2067 561 2105 facile
573 2067 670 2105 clam
686 2067 854 2105 futurum
866 2067 1047 2104 consilium
1052 2082 1066 2110 ,-
1093 2067 1198 2117 quod
1212 2067 1266 2104 ita
1280 2065 1419 2104 evenit.

337 2130 400 2167 49.
431 2128 608 2172 Quonam
627 2127 739 2178 igitur
754 2127 869 2166 modo
880 2128 965 2166 haec
985 2127 1174 2178 perfecit?
1204 2127 1401 2166 Conducit
1418 2126 1581 2164 huncce.
1640 2125 1720 2163 Ne-

284 2190 384 2227 mine
410 2197 536 2228 autem
565 2189 700 2240 opinor
722 2202 800 2226 rem
821 2189 1078 2240 prospiciente
1098 2195 1166 2227 aut
1183 2195 1355 2234 cavente,
1377 2187 1486 2225 sicuti
1506 2186 1599 2224 talia
1625 2186 1722 2224 inter

285 2264 350 2288 vos
365 2251 444 2288 fieri
455 2257 749 2295 consueverunt,
762 2251 978 2288 nominatus
996 2250 1068 2288 iste
1082 2250 1306 2301 Pylagoras,
1328 2256 1366 2286 et
1380 2248 1498 2286 tribus
1513 2253 1721 2298 quatuorve

285 2311 593 2361 suffragantibus,
621 2312 858 2348 renuntiatus
895 2317 966 2349 est.
1024 2311 1233 2360 Postquam
1252 2316 1378 2347 autem
1398 2308 1559 2346 civitatis
1587 2314 1719 2346 aucto-

285 2371 395 2409 ritate
416 2371 580 2409 munitus
601 2372 649 2408 ad
674 2371 974 2423 Amphictyonas
993 2372 1175 2422 pervenit,
1197 2370 1278 2408 aliis
1304 2371 1416 2408 rebus
1437 2369 1613 2406 omnibns
1635 2369 1722 2406 reli-

284 2434 355 2470 ctis
389 2446 433 2470 ae
465 2434 667 2484 despectis,
698 2447 744 2471 ea
773 2434 963 2484 expedivit
992 2440 1144 2485 propter
1170 2446 1255 2483 quae
1281 2433 1496 2471 conductus
1528 2440 1601 2470 est.
1658 2433 1720 2470 Ac

284 2494 407 2532 verbis
445 2496 566 2545 specic
597 2495 766 2532 honestis
799 2496 1027 2546 fabulisque,
1056 2502 1100 2532 ut
1128 2495 1318 2533 Cirrhaeus
1350 2508 1439 2545 ager
1470 2499 1718 2532 consecratus

284 2562 403 2601 esset,
417 2557 643 2606 comparatis
673 2562 787 2605 atque
813 2557 1008 2606 expositis,
1041 2556 1213 2594 homines
1247 2556 1437 2607 imperitos
1464 2557 1662 2593 verborum
1682 2562 1721 2593 et

285 2617 377 2667 quid
391 2617 556 2655 futurum
573 2625 673 2655 esset
692 2618 845 2655 minime
867 2617 1124 2668 providentes,
1137 2618 1479 2663 hieromnemonas,
1498 2615 1660 2654 adduxit
1679 2623 1720 2653 ut

285 2678 478 2728 regionem
506 2678 610 2715 illam
647 2679 861 2716 obeundam
900 2679 1162 2725 decernerent,
1196 2692 1310 2729 quam
1348 2678 1642 2729 Amphissenses
1675 2684 1718 2714 ut

285 2751 393 2776 suam
412 2752 435 2777 a
453 2752 492 2777 se
507 2738 602 2777 arari
621 2739 811 2783 dicebant,
833 2746 873 2776 at
891 2739 959 2777 iste
988 2740 1035 2776 ad
1056 2746 1191 2777 terram
1213 2752 1359 2778 sacram
1378 2739 1564 2790 pertinere
1581 2749 1717 2787 argue-

285 2800 364 2845 bat,
384 2813 470 2837 cum
487 2800 595 2838 Locri
615 2799 759 2838 nullam
786 2800 895 2837 nobis
914 2800 1095 2839 mulctam
1115 2800 1354 2852 imponerent
1373 2811 1495 2849 neque
1513 2811 1560 2836 ea
1577 2798 1716 2847 cogita-

286 2867 363 2897 rent
393 2874 479 2911 quae
508 2862 578 2900 iste
608 2861 721 2900 modo
750 2869 930 2900 causatus
964 2870 1023 2900 est
1054 2875 1074 2899 a
1103 2862 1259 2900 veritate
1289 2861 1423 2900 aliena.
1480 2859 1594 2902 Quod
1628 2858 1714 2896 inde
