1923 3149
522 495 1166 551 WUNDERLICHII

681 634 1000 683 ANALYSIS

335 767 759 810 ORATIONIS
796 768 970 822 ‚PRO
1031 770 1364 813 CORONA.

165 886 225 921 Dr:
251 887 479 932 dispositione
494 887 572 932 ipsa
595 887 703 921 totius
723 887 890 920 orationis
908 886 936 919 si
954 887 1140 930 quaeritur,
1155 888 1450 933 Demosthenem,
1464 893 1561 937 quod

121 941 164 975 ab
182 942 382 976 oratoribus
398 943 433 976 in
451 940 580 981 causis,
597 953 679 986 quae
697 942 792 986 apud
802 939 947 983 judices
963 945 1129 985 aguntur,
1146 943 1298 986 publicis
1315 945 1389 978 sere
1406 949 1562 990 postula-

119 999 186 1035 tur.
203 996 240 1030 in
258 1000 327 1030 tres
344 1008 423 1031 eam
440 996 666 1030 distribuisse
682 999 809 1040 partes,
827 995 1045 1039 Exordium,
1063 996 1275 1040 Argumenti
1293 1001 1557 1043 tractationem,

118 1054 156 1085 et
172 1052 447 1093 Perorationem,
464 1051 610 1086 lecturis
626 1053 730 1086 facile
746 1050 941 1094 apparebit.
991 1051 1195 1086 Exordium
1209 1053 1239 1096 ξ.
1261 1056 1384 1088 1-16,
1400 1067 1470 1099 quo
1486 1057 1560 1091 lon-

114 1116 158 1149 ge
172 1106 457 1150 splendidissimo
473 1109 597 1140 ornata
615 1106 741 1150 prodiit
752 1105 829 1138 haec
843 1106 968 1146 oratio,
981 1106 1085 1139 solito
1101 1107 1240 1151 longius
1257 1108 1307 1141 ita
1321 1111 1559 1154 compositum

118 1162 185 1202 est,
203 1163 244 1194 ut
260 1160 447 1194 commode
463 1161 574 1204 possit
587 1161 622 1194 in
639 1160 725 1194 duas
737 1158 917 1202 dispertiri
936 1162 1068 1204 partes.
1114 1161 1239 1196 Altera
1250 1163 1279 1206 ξ.
1298 1167 1398 1199 1-4.
1411 1165 1495 1199 deos
1508 1167 1560 1200 in-

117 1217 235 1254 vocat,
253 1217 291 1247 ut
306 1215 601 1255 benevolentiam,
616 1224 687 1257 qua
703 1213 831 1256 dignus
852 1214 906 1254 sit,
924 1215 1114 1259 fidemque,
1128 1216 1267 1260 legibus
1284 1221 1321 1252 et
1337 1219 1563 1263 jurijurando

117 1268 285 1310 debitam,
302 1268 337 1302 in
353 1268 519 1312 judicum
537 1268 662 1302 animis
677 1268 851 1310 integram
870 1268 936 1301 sibi
953 1273 1105 1304 servent.
1156 1271 1310 1306 Duobus
1334 1273 1427 1307 enim
1447 1276 1563 1309 maxi-

117 1322 185 1356 mis
202 1333 277 1356 sese
293 1323 383 1356 affici
396 1323 431 1356 in
449 1321 514 1355 hac
532 1323 757 1355 contentione
775 1322 933 1355 ostendit
949 1323 1198 1366 incommodis,
1216 1327 1365 1369 primum
1385 1330 1561 1372 magnitu-

115 1377 198 1410 dine
215 1387 334 1419 noxae,
353 1387 474 1422 quam,
492 1386 598 1410 causa
615 1375 645 1409 si
663 1375 848 1409 cecidisset
863 1377 1072 1422 Ctesiphon,
1089 1378 1162 1423 ipse
1177 1384 1345 1423 capturus
1361 1383 1416 1424 sit,
1431 1384 1561 1418 deinde

114 1433 368 1476 praedicatione
392 1443 508 1467 rerum
525 1443 546 1466 a
563 1441 597 1464 se
613 1434 805 1475 gestarum,
821 1441 967 1474 prorsus
983 1435 1193 1476 necessaria,
1212 1445 1293 1478 quae
1310 1439 1433 1470 contra
1450 1449 1487 1471 se
1510 1440 1562 1472 fa-

113 1488 185 1521 ciat
211 1489 415 1533 plurimum.
463 1489 588 1523 Altera
602 1487 632 1531 ξ.
648 1489 774 1520 5—16.
794 1487 911 1529 docet,
926 1490 1119 1532 antequam
1137 1489 1174 1522 in
1190 1489 1304 1533 ipsam
1322 1492 1562 1527 Senatuscon-

115 1543 199 1576 sulti
213 1543 457 1578 defensionem
478 1543 708 1587 ingrediatur,
724 1542 945 1576 voluntatem
958 1542 1137 1585 judicum,
1154 1544 1362 1579 criminibus
1378 1547 1559 1583 AEschinis

116 1598 331 1640 gravissimis
357 1600 390 1633 si
416 1599 505 1632 forte
531 1597 576 1631 sit
599 1598 763 1637 alienata,
778 1597 820 1630 iis
845 1596 1040 1631 refutandis
1068 1598 1134 1631 sibi
1151 1609 1228 1632 esse
1246 1601 1558 1637 reconciliandam.

117 1651 246 1696 Itaque
264 1653 309 1686 ad
328 1653 487 1695 crimina,
503 1653 585 1686 vitae
610 1652 760 1695 privatae
778 1651 887 1691 dicta,
904 1661 1011 1695 quam
1030 1651 1235 1686 brevissime
1254 1654 1283 1697 ξ.
1299 1657 1333 1689 5,
1349 1656 1399 1689 ita
1416 1668 1560 1701 respon-

117 1706 190 1747 det,
209 1710 249 1740 ut
264 1707 483 1748 AEschinem,
494 1707 606 1741 vitam
624 1705 880 1739 Demosthenis
896 1706 923 1750 ξ.
944 1708 998 1740 19.
1017 1711 1234 1750 carpentem,
1249 1709 1352 1752 longe
1366 1715 1445 1754 post
1455 1723 1491 1746 se
1507 1724 1562 1747 re-

116 1760 266 1805 linquat.
315 1763 388 1796 Res
411 1762 539 1796 deinde
557 1760 700 1805 publice
717 1763 835 1803 gestas
861 1760 1082 1803 defensurus,
1099 1761 1128 1804 ξ.
1153 1764 1186 1795 6.
1205 1762 1392 1797 consilium
1417 1776 1562 1801 accusa-

115 1814 222 1849 tionis
238 1816 444 1858 insectatur,
461 1815 741 1858 AEschinemque
771 1814 932 1848 animum
949 1815 1326 1851 malevolentissimum
1352 1819 1490 1864 sibique
1506 1823 1560 1855 in-

114 1869 344 1904 festissimum
361 1871 528 1914 probasse
546 1869 671 1912 arguit,
693 1869 861 1912 primum,
880 1869 977 1913 quod
1002 1869 1191 1904 malefacta
1207 1873 1309 1905 tanta
1328 1883 1398 1907 non
1419 1875 1560 1919 singula

113 1924 209 1965 olim,
222 1935 288 1958 suo
305 1926 472 1970 quodque
486 1928 658 1968 tempore,
677 1924 791 1957 ultum
808 1923 921 1965 iverit,
941 1924 1100 1957 secundo
1113 1924 1204 1967 loco,
1223 1927 1319 1970 quod
1341 1939 1378 1961 se
1405 1930 1559 1975 ulturus,

114 1988 186 2012 non
201 1990 238 2012 se
254 1980 371 2024 ipsum
388 1990 575 2023 aggressus
592 1980 648 2020 sit,
661 1979 724 2012 sed
740 1979 776 2012 in
788 1978 1059 2023 Ctesiphontem
1071 1979 1188 2023 potius
1199 1980 1296 2015 litem
1311 1985 1347 2016 et
1361 1993 1490 2019 noxam
1506 1987 1562 2020 in-

114 2034 281 2067 tenderit.
335 2033 474 2075 Quibus
490 2034 527 2067 in
550 2033 756 2067 universum
779 2033 978 2077 disputatis,
997 2044 1081 2068 cum
1099 2034 1143 2068 de
1159 2035 1228 2069 fide
1245 2037 1404 2072 omnium
1435 2041 1561 2075 adver-

114 2086 193 2120 sarii
207 2088 487 2121 criminationem
503 2088 654 2121 multum
667 2087 890 2129 detraxisset,
907 2090 944 2121 et
959 2097 1095 2132 pacem,
1114 2099 1197 2122 cum
1212 2090 1376 2136 Philippo
1393 2104 1414 2126 a
1426 2096 1507 2128 347.
1526 2107 1559 2130 a.

116 2141 198 2174 Chr.
214 2143 286 2175 suis
308 2142 460 2176 decretis
475 2152 547 2175 non
565 2141 812 2185 compositam,
825 2145 966 2186 purgat,
982 2145 1019 2175 et
1034 2143 1215 2177 AEschinis
1236 2148 1436 2191 corruptela
1450 2152 1558 2194 atque

113 2196 311 2240 proditione
334 2207 415 2230 cum
431 2195 709 2230 Atheniensibus
727 2198 839 2230 terras
852 2196 1015 2230 Thraciae
1032 2197 1125 2231 inter
1140 2209 1265 2242 pacem
1282 2202 1560 2239 confirmandam

115 2261 136 2284 a
153 2251 317 2296 Philippo
334 2254 485 2296 ereptas,
498 2254 576 2285 tum
593 2250 837 2285 Phocensibus
854 2251 930 2294 ejus
946 2252 1139 2296 irruptione
1156 2263 1222 2287 nec
1239 2255 1385 2298 opinato
1402 2257 1438 2290 in
1455 2259 1559 2293 Grae-

114 2305 205 2339 ciam
224 2306 318 2340 facta
331 2307 512 2340 interitum
525 2317 602 2339 esse
616 2309 792 2349 paratum,
803 2306 916 2339 fusius
928 2309 964 2339 et
977 2306 1132 2340 dilucide
1145 2309 1315 2351 explicat.
1339 2310 1457 2353 Unde,
1475 2324 1557 2348 cum

115 2360 152 2394 in
170 2361 335 2395 omnibus
349 2363 421 2396 fere
434 2360 638 2395 civitatibus
649 2360 866 2404 proditorum
880 2371 1031 2404 magnus
1042 2366 1236 2404 proventus
1251 2364 1402 2398 eandem
1417 2366 1560 2402 AEschi-

115 2415 152 2448 ni
176 2416 367 2450 utilitatem
393 2415 544 2460 Philippi
562 2415 707 2455 foveret,
725 2415 859 2448 factum
888 2425 967 2448 esse
996 2415 1228 2459 demonstrat,
1246 2420 1288 2450 ut
1303 2418 1445 2454 Graecia
1462 2424 1557 2457 statu

117 2480 181 2504 suo
198 2471 344 2514 pristino
359 2471 497 2515 dejecta
510 2471 710 2505 libertatem
729 2470 896 2504 amiserit.

161 2524 185 2557 J
188 2535 245 2558 am
262 2525 440 2559 AEschinis
466 2524 665 2570 proditione
681 2524 907 2559 acerbissime
934 2527 1067 2568 notata,
1084 2526 1290 2562 innocentia
1311 2539 1376 2564 sua
1391 2535 1556 2577 purgata,

116 2578 160 2611 ad
178 2579 424 2614 tractationem
446 2579 647 2624 argumenti
670 2581 784 2623 ipsam
808 2580 1041 2624 progreditur,
1058 2591 1139 2624 quae
1167 2583 1314 2626 perinde
1332 2584 1420 2618 duas
1436 2590 1555 2630 partes

115 2633 376 2676 complectitur,
395 2634 634 2668 defensionem
658 2634 965 2668 Senatusconsulti
993 2634 1023 2678 ξ.
1042 2637 1189 2670 18-38,
1220 2640 1256 2669 et
1282 2638 1554 2684 descriptionem

116 2696 253 2720 morum
271 2687 514 2731 factorumque
537 2687 730 2722 adversarii
752 2688 781 2731 ξ.
798 2691 928 2722 39-91
940 2713 947 2721 .
996 2688 1048 2722 Ut
1064 2689 1171 2732 igitur
1187 2689 1425 2726 defensionem
1444 2694 1556 2728 Ctesi-

114 2741 258 2785 phontis
272 2752 309 2774 se
316 2741 513 2785 justissime
529 2742 707 2786 suscipere
725 2745 886 2784 testetur,
903 2754 1018 2776 rerum
1037 2743 1198 2777 ordinem
1214 2755 1284 2778 non
1300 2746 1343 2778 ad
1361 2747 1555 2783 orationem

116 2795 307 2835 AEscffinis,
324 2795 419 2838 quod
435 2795 492 2828 ille
509 2795 538 2838 ξ.
551 2798 607 2829 69.
626 2796 753 2829 iterum
770 2796 970 2840 iterumque
985 2798 1236 2840 postulaverat,
1251 2799 1311 2832 sed
1329 2799 1373 2832 ad
1395 2799 1553 2836 libellum

116 2849 206 2892 ejus,
227 2849 272 2882 ad
289 2849 509 2883 Archontem
535 2848 705 2890 delatum,
721 2849 824 2892 cujus
838 2850 957 2893 capita
970 2861 1074 2894 supra
1091 2852 1268 2895 proposui,
1286 2852 1315 2894 ᾗ.
1332 2854 1386 2886 18.
1409 2864 1555 2899 compo-

116 2904 179 2938 nit.
230 2905 449 2938 Ostcnsurus
474 2903 593 2947 itaque
622 2904 773 2946 primum
791 2904 820 2947 ξ.
840 2906 884 2938 18
904 2905 1069 2938 {im—31.
1095 2905 1363 2948 Ctesiphontem
1380 2918 1450 2942 non
1466 2909 1555 2944 falsa

119 2957 163 2990 de
180 2957 311 2992 virtute
328 2969 391 2992 sua
405 2962 441 2992 et
454 2957 700 2992 benevolentia
714 2959 935 3002 praedicasse,
950 2969 1004 2992 res
1020 2970 1083 3002 pro
1098 2959 1342 2994 incolumitate
1358 2961 1553 2999 Athenien-
