1923 3149
525 151 751 189 CONTRA
787 149 1234 188 ARISTOCRATEM.
1506 155 1582 192 373

133 251 287 290 difficile
307 253 588 292 existimaverit.
646 253 761 291 Nunc
778 244 889 291 istius
916 252 968 290 rei
988 259 1089 290 metu
1111 253 1254 298 multis,
1276 253 1401 292 minus
1420 255 1582 295 fortasse

133 311 296 360 disertis,
317 314 385 352 sed
410 314 629 352 melioribus
655 321 758 352 certe
785 315 885 359 viris,
919 326 1034 364 quam
1061 313 1286 362 eloquentes
1312 316 1373 352 isti
1403 325 1506 361 sunt,
1532 332 1581 356 ne

134 372 305 422 cogitare
336 374 489 423 quidem
519 375 725 425 quiequam
755 374 804 411 de
831 373 1029 424 republica
1062 373 1098 409 in
1131 381 1298 410 mentem
1326 376 1441 414 venit.
1499 379 1583 429 Ego

135 444 417 472 sane—omnes
437 435 570 485 adjuro
584 434 846 484 deos—idque
860 434 964 471 vobis
978 433 1136 469 dubium
1157 446 1241 471 esse
1259 446 1334 470 non
1355 435 1480 482 debet,
1502 439 1584 488 ipse

134 507 287 544 quoque
308 497 355 533 ab
375 496 619 534 accusatione
638 496 712 533 hac
734 494 1031 538 abhorruissem,
1044 493 1116 530 nisi
1136 493 1395 544 turpissimum
1412 496 1585 546 judicas-

135 567 230 600 sem,
250 568 352 593 nunc
369 556 564 606 quiescere
585 562 624 593 et
655 555 781 601 silere,
801 554 892 591 dum
912 553 1100 604 quosdam
1133 553 1308 591 homines
1334 567 1413 592 rem
1443 558 1585 596 civitati

135 625 213 651 non
232 615 511 653 conducibilem
529 622 673 653 struere
697 614 820 661 video,
841 627 928 652 cum
948 615 1067 664 prius,
1082 628 1157 665 quo
1170 621 1340 665 tempore
1356 617 1586 658 trierarchus

135 675 174 711 in
206 675 502 726 Hellespontum
534 677 665 722 ieram,
687 676 803 713 verba
830 675 998 723 fecerim,
1017 683 1056 714 et
1089 676 1299 714 accusarim
1328 679 1532 719 nonnullos
1565 695 1588 719 a

137 736 276 785 quibus
291 737 379 774 laedi
401 750 468 775 vos
483 737 720 788 judicabam.

191 798 228 834 3.
260 797 341 835 Etsi
361 804 490 836 autem
519 811 594 836 non
614 799 750 849 ignoro
777 812 862 837 esse
882 800 1021 848 quibus
1044 799 1298 839 Charidemus
1319 801 1365 839 de
1391 803 1590 854 republica

135 857 232 895 bene
251 858 409 896 meritus
431 871 518 896 esse
543 859 734 904 videatur,
754 873 826 910 ego
850 866 992 907 tamen,
1023 861 1055 899 si
1083 875 1130 899 ea
1152 875 1238 912 quae
1263 862 1349 900 volo
1379 871 1417 901 et
1447 867 1493 902 ab
1524 867 1589 905 illo

137 926 357 970 perpetrata
375 933 460 959 esse
489 921 582 968 scio,
601 921 705 972 apud
725 935 792 959 vos
815 934 1006 972 exponere
1025 931 1174 974 potero,
1194 923 1349 961 confido
1378 937 1438 963 me
1461 933 1589 965 osten-

138 995 284 1028 surum,
312 983 419 1021 illum
442 983 538 1021 adeo
558 997 635 1021 non
656 996 740 1021 esse
759 984 859 1021 bene
878 984 1134 1031 nieritum„ut
1153 997 1265 1022 nemo
1281 986 1448 1023 omniurn
1467 987 1590 1026 homi-

138 1055 231 1080 num
261 1043 480 1095 reipublicae
499 1044 609 1094 pejus
628 1044 732 1090 velit,
754 1050 792 1081 et
810 1043 924 1094 longe
945 1044 1058 1082 aliam
1082 1045 1131 1083 de
1160 1058 1206 1082 eo
1231 1054 1454 1097 conceptam
1476 1062 1591 1098 quam

138 1106 343 1144 conveniat
371 1107 601 1157 opinionem.
656 1106 772 1148 Quod
804 1107 849 1151 si,
881 1107 1157 1154 Athenienses,
1187 1121 1338 1146 summa
1372 1109 1457 1147 haec
1490 1119 1595 1150 esset

140 1167 386 1205 Aristocratis
406 1166 556 1217 injuria,
577 1166 681 1216 quod
705 1166 938 1212 Charidemi,
960 1168 1023 1218 qui
1043 1168 1127 1205 talis
1147 1175 1220 1214 est,
1242 1168 1394 1219 qualem
1413 1183 1499 1208 eum
1521 1185 1593 1222 ego

138 1239 224 1264 esse
242 1227 348 1265 vobis
368 1240 427 1264 me
448 1234 692 1265 ostensurum
712 1228 815 1272 dico,
837 1234 985 1266 tantam
1005 1228 1043 1265 in
1070 1228 1224 1266 decreto
1250 1229 1436 1267 rationem
1464 1231 1592 1278 habet,

139 1295 196 1334 ut,
218 1288 344 1339 siquid
363 1288 397 1325 ei
419 1287 635 1334 accidisset,
655 1288 903 1338 peculiarem,
923 1301 1084 1338 eamque
1103 1289 1254 1338 legibus
1277 1292 1508 1329 contrariam
1536 1294 1595 1330 ul-

138 1349 284 1387 tionem
305 1349 541 1399 sitlargitus,
559 1349 689 1399 idjam
709 1348 817 1386 vobis
833 1361 1023 1398 exponere
1043 1349 1317 1387 instituissem:
1347 1358 1390 1389 ut
1406 1352 1596 1403 intellige-

139 1411 231 1448 retis
250 1410 366 1460 longe
394 1411 530 1448 abesse
558 1418 601 1447 ut
629 1410 696 1447 tali
725 1408 1064 1447 senatusconsulto
1092 1410 1217 1446 ornari
1245 1418 1462 1449 mereatur:
1492 1427 1597 1452 nunc

140 1484 209 1522 per
236 1471 364 1522 ipsum
395 1470 775 1508 senatusconsultum
805 1470 907 1506 aliud
935 1469 1087 1518 gravius
1123 1469 1307 1507 delictum
1336 1473 1599 1522 committitur,

141 1532 247 1582 quod
272 1532 378 1569 vobis
403 1531 507 1582 prius
529 1538 567 1569 et
587 1531 904 1581 cognoscendum
925 1537 984 1567 est
1004 1536 1041 1567 et
1058 1531 1368 1581 praecavendum.
1407 1533 1597 1584 Imprimis

141 1601 269 1631 autem
290 1593 480 1643 explicare
493 1606 654 1630 necesse
675 1599 736 1630 est
750 1599 865 1642 atque
882 1592 1103 1638 ostendere,
1120 1592 1303 1642 quidnam
1323 1593 1477 1632 sitillud
1495 1598 1598 1646 qnod

141 1655 268 1693 effecit
285 1661 329 1691 ut
356 1653 600 1691 Chersoneso
633 1660 767 1691 seeure
795 1652 1035 1704 potiremini;
1066 1666 1143 1703 quo
1166 1653 1334 1703 cognito,
1365 1668 1446 1692 eam
1480 1658 1596 1695 etiam

142 1729 259 1766 quam
274 1716 362 1753 dico
381 1714 555 1766 injuriam
576 1716 776 1766 perspicue
796 1715 973 1752 cernetis.

196 1779 235 1815 4.
267 1777 354 1814 Hoc
382 1783 524 1822 autern,
552 1775 823 1822 Athenienses,
854 1777 908 1813 sic
933 1775 1075 1813 habet:
1108 1777 1231 1827 Cotye
1263 1777 1463 1826 defuneto,
1491 1781 1598 1820 Beri-

143 1838 270 1884 sades,
291 1837 513 1875 Amadocus
534 1844 572 1874 et
593 1837 878 1888 Cersobleptes‚
900 1845 977 1875 tres
998 1850 1067 1888 pro
1086 1851 1162 1875 uno
1183 1838 1356 1878 Thraciae
1377 1853 1487 1891 reges
1508 1843 1599 1881 facti

145 1906 249 1937 sunt.
289 1899 376 1942 Qua
394 1912 442 1936 ex
459 1911 500 1935 re
518 1898 558 1935 id
578 1898 753 1948 contigit,
774 1905 819 1936 ut
836 1899 908 1949 ipsi
934 1898 1034 1936 inter
1055 1912 1140 1936 sese
1169 1899 1440 1939 dissententies
1462 1904 1512 1940 ad
1530 1918 1598 1942 vos

145 1974 187 1998 se
215 1960 434 1998 conferrent
461 1972 607 2010 vosque
632 1959 819 1997 colerent.
860 1959 948 1998 Hoc
978 1960 1106 2010 igitur,
1138 1959 1412 2008 Athenienses,
1443 1965 1599 2014 quidam

144 2022 237 2059 dum
255 2021 441 2071 repellere
459 2021 608 2066 volunt,
636 2027 675 2058 et
693 2021 848 2071 reliquis
876 2020 1031 2072 regibus
1052 2022 1247 2071 abrogatis
1269 2035 1456 2061 summam
1482 2027 1599 2064 totius

145 2081 292 2133 imperii
316 2081 366 2119 ad
397 2081 676 2132 Cersoblepten
703 2082 919 2127 devolvere,
949 2082 1087 2119 callide
1116 2082 1190 2127 hoc
1220 2087 1599 2125 senatusconsultum

145 2149 403 2187 extorserunt,
426 2143 456 2180 si
476 2144 592 2180 verba
607 2149 842 2193 spectentur,
859 2142 1076 2193 sejunctum
1093 2156 1116 2180 a
1128 2143 1216 2181 talis
1231 2151 1391 2182 conatus
1408 2146 1599 2196 opinione,

144 2203 273 2254 reipsa
291 2203 456 2241 maxime
476 2203 525 2241 ad
545 2203 620 2241 hoc
639 2204 989 2248 accommodatum,
1011 2210 1054 2240 ut
1074 2216 1147 2253 ego
1169 2203 1331 2242 docebo.
1383 2206 1482 2243 Nam
1511 2221 1600 2246 cum

145 2265 329 2303 defuncto
343 2277 478 2314 regum
496 2277 576 2301 uno
597 2265 796 2310 Berisade,
816 2265 1258 2315 neglectojurejurando
1278 2272 1317 2303 et
1336 2266 1480 2305 foedere
1496 2270 1601 2318 quod

146 2326 347 2364 vobiscum
367 2325 524 2371 fecerat,
544 2325 820 2376 Cersobleptes
838 2325 984 2362 bellum
1009 2332 1048 2362 et
1068 2325 1264 2363 Berisadae
1284 2326 1412 2364 liberis
1428 2335 1467 2365 et
1484 2329 1601 2368 Ama-

148 2387 248 2424 doco
267 2386 471 2430 intulisset,
501 2388 718 2434 constabat,
743 2387 940 2425 Berisadae
967 2386 1093 2424 liberis
1122 2387 1412 2425 Athenodorum
1436 2391 1602 2440 opitula-

148 2458 290 2494 turum,
311 2449 505 2487 Amadoco
525 2449 720 2487 Simonem
740 2456 779 2487 et
799 2449 1028 2493 Bianorem3
1058 2461 1148 2486 nam
1168 2449 1232 2487 ille
1250 2450 1446 2488 Berisadae
1462 2453 1599 2496 affinis,

146 2510 185 2547 hi
205 2510 394 2547 Amadoci
413 2510 581 2548 fuerunt.
621 2511 851 2561 Cogitantes
870 2511 999 2561 igitur,
1020 2523 1186 2560 quonam
1208 2511 1322 2549 modo
1341 2512 1378 2550 hi
1395 2515 1601 2564 compesci,

149 2577 266 2621 atque
284 2570 358 2607 illis
386 2569 547 2608 desertis
568 2571 837 2618 Charidemus,
859 2571 923 2622 qui
947 2584 1108 2622 regnum
1142 2572 1405 2623 Cersobleptae
1433 2574 1602 2612 stabilire

148 2638 323 2677 conatur,
345 2631 440 2668 citra
458 2631 669 2681 periculum
690 2633 911 2670 subvertere
938 2639 1071 2682 posset
1090 2633 1229 2679 omnia,
1250 2634 1288 2670 id
1309 2635 1387 2671 fieri
1408 2647 1521 2684 posse
1542 2649 1599 2672 re-

148 2698 334 2744 pererunt
355 2693 519 2742 primum
539 2692 694 2730 decreto
710 2706 733 2730 a
752 2694 858 2731 vobis
879 2694 1095 2744 impetrato,
1119 2694 1237 2743 siquis
1263 2707 1349 2731 eum
1381 2695 1604 2742 occidisset,

150 2761 195 2791 ut
212 2754 343 2792 liceret
361 2752 415 2790 illi
433 2752 587 2803 injicere
607 2766 742 2791 manus
760 2766 768 2790 :
805 2754 958 2799 deinde,
979 2755 1010 2793 si
1031 2755 1286 2791 Charidemus
1307 2767 1330 2790 a
1354 2755 1461 2791 vobis
1482 2755 1599 2805 impe-

150 2821 251 2852 rator
269 2814 548 2864 designaretur.
577 2813 714 2864 Neque
739 2814 840 2851 enim
868 2822 1002 2852 contra
1020 2815 1287 2865 imperatorem
1307 2822 1474 2852 vestrum
1496 2828 1602 2854 arma

151 2881 293 2913 temere
312 2875 456 2914 laturos
474 2887 563 2912 esse
585 2874 780 2914 Simonem
799 2883 837 2913 et
857 2875 1059 2914 Bianorem
1079 2888 1102 2913 a
1122 2875 1227 2914 vobis
1248 2875 1400 2914 civitate
1422 2876 1600 2924 donatos,
