1923 3149
177 370 385 410 LIBANII
417 371 809 410 ARGUMENTUM
841 369 1139 408 ORATIONIS
1167 370 1239 406 DE
1267 371 1413 408 MALE
1445 371 1624 410 GESTA

737 431 1065 470 LEGATIONE.

210 526 394 556 AEscrzircrs
407 527 494 556 homo
512 525 722 561 Atheniensis,
738 526 890 555 Atrometi
907 526 986 556 nlius
1000 530 1030 555 et
1046 526 1257 560 Glaucotheae,
1270 526 1428 565 utriusque
1442 527 1575 562 obscuri,
1593 531 1626 556 ut

174 576 216 605 nit
231 577 462 607 Demosthenes.
487 577 575 606 lllum
587 577 666 605 enim
680 576 776 606 literis
786 576 941 612 docendis,
954 577 1030 606 hanc
1040 577 1212 612 lustrando,
1225 581 1255 605 et
1269 575 1502 614 sacraquaedam
1515 576 1625 605 frivola

174 629 361 669 peragendo,
380 628 491 657 victum
515 627 694 666 quaeritasse
708 628 793 656 (licit.
816 627 897 663 Quin
918 627 1019 666 ipsum
1036 629 1126 657 etiam
1149 627 1326 656 AEschinem
1345 627 1489 656 traditum
1515 631 1572 661 est,
1596 631 1627 657 et

174 679 322 717 tragicum
336 679 431 708 fnisse
444 678 629 714 histrionem,
645 686 675 708 et
685 679 815 708 scribam
827 678 973 714 civitatis,
991 679 1070 717 quod
1089 678 1150 708 vile
1162 677 1361 708 ministerium
1378 678 1554 707 habebatur.
1564 677 1625 706 Sed

174 729 203 757 in
217 733 368 758 oratorum
387 729 506 758 tandem
522 739 678 758 numerum
691 729 787 764 venit,
804 738 835 759 et
851 729 1045 768 legationem,
1058 740 1118 768 qua
1133 730 1171 759 de
1190 740 1261 769 pace
1278 739 1346 758 cum
1364 729 1510 767 Philippo
1521 738 1626 766 agere-

173 783 233 815 tur,
245 779 331 808 obiit.
349 781 425 809 Nam
440 790 507 809 cum
520 780 720 810 Athenienses
733 781 845 810 bellum
859 791 928 811 cum
939 780 1137 820 Philippode
1151 780 1331 819 Amphipoli
1344 785 1496 819 gererent,
1509 784 1539 809 et
1549 780 1626 809 mul-

173 830 213 858 tis
230 830 369 860 cladibus
384 831 518 869 acceptis
536 831 611 861 nihil
626 832 821 862 memorabile
840 833 1004 869 efficerent,
1021 832 1139 871 legatos
1162 833 1199 862 ad
1217 832 1395 872 Philippum
1411 832 1449 861 de
1467 842 1541 870 pace
1557 831 1627 861 mit-

172 882 281 912 tendos
295 888 432 918 censent,
448 884 550 922 legant
563 884 657 921 igitur
674 885 792 919 decem,
809 885 886 914 inter
900 895 977 923 quos
995 889 1025 914 et
1038 884 1198 914 AEschines
1209 888 1240 913 et
1253 884 1480 913 Demosthenes
1495 883 1627 912 fuerunt.

174 933 252 962 Cum
273 938 371 963 autem
389 933 474 972 pacis
493 935 685 964 conditiones
711 935 871 974 Philippus
896 935 1080 974 accepisset,
1104 945 1208 965 rursus
1231 934 1325 964 iidem
1347 934 1514 963 secundum
1532 934 1626 972 legati

173 991 257 1019 eunt,
274 986 527 1023 utjusjurandum
544 986 582 1014 de
595 997 672 1025 pace
688 987 786 1016 detur.
801 988 834 1016 ln
851 988 898 1016 his
914 987 1045 1026 negotiis
1062 987 1120 1016 tria
1139 987 1363 1016 Demosthenes
1381 985 1489 1024 objicit
1504 984 1626 1014 AEschi-

173 1036 221 1065 ni:
239 1047 306 1065 eum
321 1036 502 1071 Philocrati,
513 1036 619 1066 soedam
635 1047 669 1065 ac
681 1037 802 1066 noxiam
817 1038 956 1067 suadenti
968 1048 1002 1066 ac
1012 1037 1188 1067 decernenti
1202 1037 1529 1075 pacem,suss'ragatum
1540 1046 1625 1065 esse:

173 1092 292 1125 tempus
309 1087 446 1122 trivisse,
463 1087 541 1116 unde
566 1087 741 1125 contigerit,
759 1091 792 1116 ut
809 1099 855 1117 res
876 1087 1015 1117 Thraciae
1039 1087 1195 1127 perirent:
1217 1086 1458 1116 Atheniensibus
1481 1086 1560 1115 falsa
1580 1096 1626 1115 re-

171 1138 343 1173 nunciasse,
361 1139 441 1167 unde
461 1138 571 1167 factum
594 1138 644 1173 sit,
662 1144 694 1167 ut
711 1139 887 1168 Phocenses
904 1140 1089 1169 delerentur.
1107 1139 1199 1168 Dixit
1214 1139 1308 1174 enim,
1323 1138 1431 1177 inquit,
1449 1137 1628 1177 Philippum

171 1199 230 1218 non
243 1199 420 1218 eversurum
435 1189 613 1218 Phocenses
625 1199 634 1225 3
651 1194 682 1218 et
696 1200 750 1218 vos
763 1190 791 1218 ei
805 1190 863 1218 fide
876 1190 991 1226 habita,
1005 1190 1179 1219 hominibus
1191 1200 1278 1228 opem
1293 1200 1352 1218 non
1362 1189 1488 1219 tulistis.
1506 1188 1628 1218 Asserit

169 1243 270 1268 autem
284 1239 347 1268 haec
358 1239 458 1268 omnia
472 1239 614 1268 mercede
631 1244 662 1267 et
677 1238 889 1277 largitionibus
902 1240 1243 1274 adductum,malitiose
1259 1239 1385 1268 secisse.
1408 1240 1512 1269 Status
1527 1243 1575 1268 est
1588 1239 1626 1269 de

169 1290 264 1325 facto,
280 1294 310 1319 et
326 1288 559 1328 conjecturalis.
585 1289 645 1318 Sed
662 1288 831 1318 inimicitiae
853 1289 1015 1318 exstitisse
1040 1290 1182 1318 dicuntur
1197 1293 1324 1327 propter
1340 1289 1545 1325 Timarchum,
1564 1291 1626 1319 De-

170 1341 337 1370 mosthenis
354 1340 496 1375 amicum,
514 1350 604 1378 quem
623 1340 653 1369 in
671 1340 810 1369 ordinem
833 1344 977 1377 coegerat
993 1339 1166 1375 AEschines,
1183 1340 1330 1379 improbae
1353 1340 1424 1370 vitae
1440 1345 1627 1375 accusatum,

169 1396 332 1431 propterea
348 1392 429 1431 quod
445 1392 483 1421 ad
497 1390 680 1421 Pittalacnm
700 1390 859 1426 aviarium,
873 1395 908 1420 ut
925 1390 979 1426 ait,
997 1391 1208 1429 ingrederetur
1224 1392 1314 1421 homo
1330 1391 1483 1422 formosus
1499 1392 1538 1422 ad
1555 1401 1627 1430 spe-

170 1443 294 1474 ctandas
315 1443 416 1473 avium
434 1453 561 1484 pugnas,
578 1442 628 1481 qui
647 1441 797 1481 flagitiosa
814 1446 876 1471 tum
895 1442 1021 1479 faceret,
1037 1448 1099 1472 tum
1116 1445 1282 1481 pateretur.

782 1554 1000 1591 ALITER.

216 1640 427 1671 Belluminter
442 1640 620 1679 Philippum
638 1644 669 1670 et
682 1640 886 1670 Athenienses
902 1641 1029 1678 longum
1045 1640 1276 1676 intercesserat,
1294 1651 1330 1670 ex
1342 1651 1402 1679 quo
1416 1640 1467 1670 ille
1481 1640 1579 1678 pactis
1596 1644 1627 1669 et

171 1692 331 1722 conventis
349 1692 482 1727 violatis,
503 1691 714 1730 Amphipolim
737 1692 774 1721 ab
801 1691 958 1731 Olynthiis
975 1695 1148 1730 acceperat,
1170 1702 1237 1730 quae
1253 1702 1320 1720 cum
1338 1691 1410 1721 urbs
1433 1691 1631 1721 Atheniensis

169 1747 264 1777 esset,
281 1742 438 1782 Olynthiis
461 1753 497 1772 eo
519 1748 656 1782 tempore
672 1743 808 1780 parebat,
825 1753 886 1780 qno
902 1742 992 1771 etiam
1011 1742 1088 1771 socii
1104 1742 1290 1772 defecerant.
1315 1742 1478 1782 Flagrabat
1493 1746 1524 1771 et
1545 1742 1628 1772 aliud

170 1794 282 1823 bellum
293 1793 499 1823 Phoceusium
511 1803 579 1822 cum
593 1793 749 1822 Thessalis
763 1798 794 1822 et
803 1793 967 1829 Thebanis,
983 1803 1051 1822 cum
1067 1792 1236 1828 Thessalis,
1248 1797 1376 1831 propter
1393 1793 1539 1832 templum
1555 1793 1629 1823 Del-

167 1843 302 1882 phicum,
315 1854 384 1873 cum
397 1843 696 1882 Thebanis,propter
713 1843 939 1872 Orchomenum
952 1847 982 1872 et
999 1843 1181 1873 Coroneam.
1199 1843 1332 1872 Constat
1345 1844 1424 1873 enim
1437 1854 1475 1873 ex
1492 1844 1630 1879 historia,

167 1906 220 1924 eos
230 1899 261 1924 et
277 1895 323 1924 his
337 1895 491 1934 eripuisse
501 1895 577 1923 duas
589 1893 658 1922 illas
671 1894 761 1922 urbes
777 1892 855 1931 ipsis
872 1893 1037 1930 finitimas3
1061 1899 1090 1922 et
1107 1894 1266 1924 Thessalis
1283 1894 1432 1932 depulsis,
1447 1894 1627 1934 Amphicty-

166 1946 263 1977 oniam
275 1956 454 1986 occupasse,
465 1945 544 1984 quod
561 1944 746 1983 Delphicum
762 1943 909 1982 templum
921 1944 955 1973 in
969 1944 1069 1973 media
1082 1944 1215 1973 Phocide
1227 1949 1308 1974 esset
1319 1945 1424 1974 situm.
1439 1945 1515 1974 Cum
1528 1950 1627 1976 autem

166 1998 341 2027 diuturnum
352 1997 463 2026 bellum
477 1996 556 2025 inter
567 2005 599 2024 se
609 1995 779 2033 gessissent
791 1994 1001 2024 Athenienses
1012 1999 1041 2023 et
1056 1994 1230 2033 Philippus,
1239 2005 1274 2024 ac
1288 1995 1409 2024 tandem
1423 1995 1544 2034 utrique
1552 2006 1627 2034 pace

169 2048 213 2077 uti
228 2048 352 2083 vellent,
369 2047 422 2076 sed
447 2048 514 2085 ejus
537 2047 678 2085 peteuda:
701 2046 801 2075 facere
822 2045 942 2074 initium
970 2045 1089 2083 utrique
1120 2049 1210 2083 turpe
1233 2045 1394 2080 ducerent,
1411 2045 1626 2075 Aristodemus

168 2104 199 2128 et
215 2098 436 2136 Neoptolemus
454 2101 573 2125 actores
590 2096 809 2134 tragoediarum
829 2095 958 2136 (quibus
974 2100 1099 2134 propter
1115 2099 1211 2124 artem
1228 2106 1420 2136 quocumque
1441 2096 1565 2136 impune
1580 2097 1625 2126 ire

165 2151 288 2185 licebat,
301 2155 391 2188 atque
402 2149 493 2179 etiam
505 2148 542 2177 ad
554 2148 675 2187 hostes)
686 2147 815 2186 profecti
828 2148 859 2177 in
873 2148 1097 2183 Macedoniam,
1108 2153 1203 2177 artem
1217 2159 1302 2178 suam
1316 2154 1523 2186 ostentarunt3
1534 2151 1626 2179 adeo-

166 2213 225 2242 que
243 2201 416 2231 humaniter
432 2210 449 2229 a
466 2200 609 2238 Philippo
626 2204 696 2228 sunt
718 2198 852 2237 accepti,
870 2204 904 2228 ut
927 2204 1039 2237 praeter
1055 2203 1173 2228 ceteras
1190 2200 1353 2238 pecunias,
1371 2200 1429 2229 alia
1446 2211 1568 2240 quoque
1585 2201 1624 2231 de

167 2264 223 2283 suo
238 2253 281 2283 eis
297 2252 470 2292 largiretur.
489 2251 563 2280 Cum
580 2255 680 2279 autem
698 2250 762 2279 sore
777 2249 913 2286 sentiret,
932 2255 963 2279 ut
979 2250 1017 2279 ad
1034 2260 1066 2279 se
1082 2249 1201 2288 legatos
1218 2250 1375 2279 mitterent
1393 2251 1577 2288 Phocenses,
1594 2257 1625 2282 et

163 2304 317 2340 Thessali,
329 2308 357 2333 et
371 2302 520 2337 Thebani,
537 2301 740 2331 Athenienses
756 2301 901 2339 decipere
920 2300 1036 2337 voluit3
1052 2310 1179 2339 eamque
1196 2311 1316 2330 causam
1331 2306 1450 2337 nactus,
1463 2303 1623 2334 Aristode-

165 2366 214 2384 mo
231 2360 261 2384 et
272 2354 487 2394 Neoptolemo,
508 2363 575 2382 cum
593 2362 646 2382 eos
662 2352 842 2386 dimitteret,
860 2361 892 2380 se
910 2351 1041 2381 amioum
1058 2361 1127 2381 esse
1146 2351 1382 2382 Atheniensibus
1399 2353 1485 2383 dicit.
1503 2354 1622 2385 Rursus

164 2406 303 2445 contigit,
319 2412 354 2435 ut
367 2405 428 2435 tale
444 2404 588 2443 quiddam
612 2403 776 2433 accideret.
820 2401 945 2440 Phryno
961 2401 1084 2440 quidam
1106 2401 1316 2438 Atheniensis,
1335 2413 1494 2442 regressus
1515 2404 1623 2444 Olym-

164 2459 227 2498 pia,
243 2459 309 2489 sive
321 2470 338 2489 a
349 2458 526 2493 certamine,
542 2458 608 2488 sive
625 2468 642 2487 a
657 2457 847 2496 spectaculo,
864 2460 972 2495 captus
984 2460 1032 2485 est.
1047 2465 1064 2485 a
1079 2454 1260 2494 quibusdam
1276 2455 1411 2495 Philippi
1427 2457 1575 2487 militibus
1591 2458 1620 2487 in

164 2511 254 2545 festo,
264 2515 295 2539 et
308 2509 457 2549 spoliatus
472 2510 553 2539 omni
569 2508 710 2548 pecunia.
734 2509 767 2538 Is
782 2517 925 2538 reversus
945 2507 1078 2537 Athenas
1091 2512 1235 2546 precatur
1249 2507 1467 2545 Athenienses,
1483 2514 1517 2539 ut
1533 2510 1621 2539 sele-

165 2565 266 2601 gatum
283 2561 461 2596 decernant,
477 2570 536 2598 quo
558 2561 714 2599 profectus
731 2560 769 2589 ad
785 2558 979 2598 Philippum,
994 2557 1148 2597 reciperet
1163 2568 1199 2588 ea
1222 2558 1334 2597 quibus
1354 2564 1437 2589 esset
1458 2561 1618 2598 spoliatus.

163 2611 289 2642 Assensi
300 2610 512 2646 Athenienses,
522 2621 589 2640 eum
597 2616 628 2641 et
635 2611 865 2650 Ctesiphontem
877 2610 1089 2645 decreverunt,
1099 2619 1177 2649 quos
1188 2609 1219 2639 in
1229 2610 1442 2641 Macedoniam
1453 2612 1620 2651 profectos,

162 2663 323 2702 Philippus
335 2661 505 2691 humaniter
515 2662 635 2700 accepit
649 2673 655 2690 :
679 2672 779 2701 neque
796 2661 893 2691 solum
905 2670 962 2700 per
974 2659 1088 2690 milites
1103 2665 1210 2700 erepta
1225 2661 1373 2697 reddidit,
1392 2662 1447 2692 sed
1464 2668 1494 2691 et
1505 2661 1563 2691 alia
1578 2663 1617 2692 de

163 2723 218 2743 suo
233 2718 282 2742 est
293 2711 431 2751 largitus,
441 2715 471 2740 et
483 2711 593 2740 sactum
607 2712 781 2747 excusavit,
791 2712 947 2752 ignorasse
960 2710 1087 2747 milites,
1099 2721 1136 2741 eo
1148 2716 1285 2750 tempore
1301 2711 1394 2741 fuisse
1407 2712 1615 2743 festivitatem.

162 2766 204 2794 Et
216 2773 319 2794 rursus
332 2762 378 2792 his
388 2762 462 2791 item
474 2761 566 2796 dixit,
579 2772 613 2791 se
626 2773 692 2792 esse
705 2763 834 2792 amicum
845 2761 1093 2792 Atheniensibus.
1109 2762 1172 2798 Qui
1185 2762 1216 2791 in
1230 2762 1361 2791 Atticam
1374 2762 1616 2798 reversieadem

161 2825 228 2853 quae
242 2814 328 2844 alteri
339 2813 528 2843 nunciarunt.
552 2811 613 2841 His
627 2812 740 2842 auditis
756 2813 959 2843 Athenienses
982 2817 1067 2843 certo
1083 2813 1253 2852 comperire
1270 2812 1444 2847 voluerunt,
1459 2823 1495 2842 an
1508 2823 1617 2845 revera

161 2876 266 2906 pacem
280 2875 403 2896 servare
414 2864 509 2894 vellet
520 2863 692 2902 Philippus.
713 2864 820 2902 Itaque
832 2864 939 2895 decem
949 2864 1069 2903 legatos
1085 2864 1262 2894 decernunt.
1284 2862 1361 2892 Sunt
1376 2867 1477 2893 autem
1488 2864 1531 2900 hi,
1542 2865 1617 2895 Cte-

161 2916 260 2955 sipho,
272 2916 496 2951 Aristodemus,
514 2914 673 2951 Iatrocles,
690 2913 789 2951 Cimo,
806 2915 981 2951 Nausicles,
998 2915 1177 2954 Dercyllus,
1195 2914 1331 2953 Phr5n0,
1343 2914 1546 2953 Philocrates,
1558 2915 1614 2946 AE-
