1923 3149
221 155 298 190 484
744 151 796 188 {N
829 149 1104 188 APHOBUM
1138 150 1167 187 Ι,

221 257 330 295 culus
350 257 519 305 relictus,
552 260 622 297 sub
657 257 814 295 istorum
844 257 965 294 tutela
997 257 1224 294 sexennium
1254 255 1382 293 adhuc
1413 255 1583 303 fuissem,
1605 268 1677 294 nec

222 320 293 356 ista
314 319 455 369 exigua
474 321 522 358 ab
540 320 594 358 eis
614 319 736 357 fuisse
755 325 1012 369 recepturum.
1074 317 1171 354 Nam
1194 316 1225 354 si
1247 315 1441 366 superiora
1461 322 1566 353 recte
1585 329 1678 354 con-

224 387 378 431 sumpta
398 389 501 428 sunt,
519 381 614 419 nihil
632 393 677 418 ex
700 379 757 416 his
786 391 871 429 quae
902 378 1027 429 recepi
1057 385 1207 415 sextum
1229 377 1267 414 in
1288 390 1430 414 annum
1449 376 1681 423 suffecisset,

225 437 295 479 sed
318 454 380 479 me
395 442 457 480 vel
477 443 665 480 aluissent
685 440 732 478 de
748 453 834 486 suo,
854 439 912 477 vel
933 439 1034 477 same
1055 439 1179 489 perire
1201 438 1307 489 passi
1326 444 1470 476 essent.
1501 439 1566 475 An
1589 449 1682 475 vero

226 502 391 551 graviter
409 502 611 541 ferendum
631 515 709 539 non
741 508 814 546 est,
837 501 996 538 aliorum
1026 500 1190 538 familias
1211 499 1281 541 *vel
1315 499 1428 536 unius
1458 499 1520 537 vel
1546 499 1681 537 binum

225 563 412 601 talentum
432 565 598 610 relictas,
629 562 856 607 elocatione,
877 561 1096 612 duplicatas
1117 574 1203 599 esse
1232 567 1272 598 et
1298 559 1524 611 triplicatas,
1545 565 1589 596 ut
1600 559 1682 610 jam

227 637 387 662 munera
417 624 573 676 publiea
607 623 684 660 sint
708 622 910 660 obeunda:
942 635 1066 660 meam
1088 634 1192 668 vero,
1224 621 1397 659 triremes
1428 621 1618 659 instruere
1645 627 1684 658 et

229 698 373 736 magna
403 687 545 724 tributa
575 683 743 735 pendere
763 683 928 727 solitam,
943 684 1026 734 jam
1045 690 1202 735 propter
1222 682 1382 720 istorum
1409 681 1685 733 impudentiam

230 759 303 784 nec
323 746 478 783 minima
498 759 614 798 posse
637 745 858 784 sustinere?

290 809 352 844 17.
382 806 500 851 Quod
527 807 682 846 tandem
712 806 840 844 scelus
871 806 947 844 dici
968 812 1107 857 potest,
1128 806 1233 857 quod
1252 807 1484 844 intentatum
1509 805 1572 843 isti
1603 806 1688 844 reli-

233 868 430 918 querunt?
459 870 538 913 Qui
570 882 610 907 se
642 875 917 906 testamentum
945 868 1047 905 clam
1070 867 1279 906 abolituros
1300 866 1503 918 sperarim,
1523 874 1561 904 et
1581 879 1689 904 suam

234 942 314 968 rem
336 930 558 968 familiarem
586 931 788 969 usufructu
814 937 957 967 nostrae
978 928 1218 975 stabilierint,
1239 936 1279 967 et
1297 942 1368 966 sua
1387 927 1436 965 de
1463 940 1548 965 meo
1574 927 1691 978 patri-

233 990 361 1028 monia
387 990 749 1042 collocupletarint:
779 1003 875 1028 meae
907 996 1038 1028 autern
1068 990 1238 1036 familiae,
1267 996 1450 1040 tanquam
1483 989 1642 1026 summis
1670 1002 1693 1026 a

236 1051 346 1090 nobis
382 1052 510 1090 affecti
542 1053 703 1104 injuriis,
736 1059 877 1089 sortem
913 1058 1035 1089 totam
1067 1051 1318 1089 sustulerint?
1347 1050 1428 1088 Vos
1460 1048 1627 1099 quidem,
1660 1049 1692 1087 si

232 1127 348 1164 quern
369 1115 408 1152 in
429 1127 497 1153 vos
527 1115 818 1165 delinquentem
837 1114 1118 1161 condemnatis,
1138 1128 1186 1152 ne
1216 1115 1252 1151 ei
1271 1114 1426 1165 quidem
1447 1126 1580 1151 omnes
1600 1125 1693 1163 opes

234 1174 400 1213 adimitis
418 1188 426 1213 ε
458 1175 540 1220 sed,
560 1176 623 1216 vel
645 1176 774 1213 uxoris
802 1175 860 1212 vel
891 1175 1050 1213 liberum
1074 1176 1231 1221 miserti,
1251 1182 1400 1226 partem
1421 1174 1586 1225 aliquam
1618 1174 1694 1212 illis

236 1236 463 1287 relinquitis.
522 1237 592 1274 Isti
610 1249 700 1276 vero
726 1243 835 1275 tanto
866 1243 958 1275 sunt
976 1236 1084 1274 vobis
1106 1236 1356 1284 crudeliores,
1375 1244 1419 1275 ut
1449 1236 1563 1274 etiarn
1584 1235 1695 1273 donis

237 1310 260 1335 a
279 1298 390 1337 nobis
411 1298 595 1349 acceptis,
615 1311 693 1348 quo
719 1298 881 1335 tutelam
905 1299 1010 1335 bona
1036 1297 1114 1334 fide
1142 1304 1336 1347 gererent.
1356 1297 1473 1335 tantis
1503 1310 1574 1335 nos
1602 1309 1693 1335 con-

240 1359 406 1397 tumeliis
435 1350 646 1404 affecerint,
678 1371 750 1397 nec
783 1358 1005 1396 erubuerint
1034 1369 1107 1395 nec
1141 1357 1336 1395 timuerint
1369 1358 1591 1408 quicquam,
1625 1370 1696 1395 nec

237 1418 385 1458 miserti
405 1420 484 1457 sint
502 1418 644 1458 sororis
665 1432 777 1464 meae,
801 1419 845 1464 si,
867 1418 1019 1456 duobus
1039 1418 1074 1455 ei
1093 1417 1248 1456 talentis
1270 1431 1292 1455 a
1313 1430 1399 1455 meo
1415 1425 1524 1468 patre
1543 1417 1694 1468 legatis,

239 1479 385 1518 nullam
401 1494 441 1518 se
463 1480 621 1531 dignam
651 1480 914 1519 conditionem
934 1485 1246 1530 consequeretur,
1265 1479 1333 1517 sed
1366 1485 1548 1529 tanquam
1575 1478 1699 1515 inimi-

240 1542 387 1580 cissimi
417 1541 547 1592 aliqui,
567 1555 647 1580 non
668 1541 782 1579 amici
801 1549 839 1579 et
858 1541 1014 1592 cognati
1043 1540 1165 1579 relicti
1194 1547 1340 1587 essent,
1360 1539 1503 1577 nullius
1531 1540 1698 1578 necessi-

237 1603 378 1641 tudinis
398 1603 606 1641 habuerint
625 1603 826 1641 rationem.
863 1601 939 1640 Sed
955 1614 1030 1653 ego
1051 1601 1285 1640 miserrimus
1306 1601 1474 1638 omnium
1496 1608 1701 1652 utrumque

240 1664 392 1711 dubito,
412 1672 494 1702 tum
520 1664 847 1716 quemadmodum
868 1663 967 1702 hanc
989 1663 1150 1709 elocem,
1172 1670 1253 1700 tum
1279 1669 1420 1700 caetera
1447 1662 1548 1700 unde
1579 1662 1701 1700 admi-

239 1726 422 1764 nistrem:
443 1733 483 1764 et
503 1738 617 1777 porro
636 1726 790 1777 publice
812 1738 952 1776 urgeor
971 1732 1015 1763 ut
1032 1724 1217 1762 tributum
1234 1725 1452 1767 conferam;
1473 1723 1588 1774 idque
1601 1726 1700 1772 jure.

242 1786 359 1825 Pater
379 1787 481 1826 enim
500 1800 593 1838 opes
614 1799 697 1825 eam
719 1787 768 1824 ad
788 1800 866 1825 rem
887 1786 977 1823 satis
993 1785 1085 1823 mihi
1107 1798 1267 1835 magnas
1287 1785 1441 1835 reliquit
1458 1798 1467 1822 :
1497 1785 1699 1836 pecuniam

245 1854 375 1886 autem
397 1848 568 1886 relictam
588 1848 650 1886 isti
679 1861 832 1886 ornnem
860 1855 1106 1898 acceperunt.
1164 1847 1213 1884 Et
1240 1860 1356 1891 nunc,
1375 1846 1467 1883 dum
1487 1858 1573 1883 mea
1591 1858 1701 1883 recu-

245 1922 378 1959 perare
394 1909 547 1955 studeo,
568 1910 606 1946 in
626 1922 820 1946 summum
848 1908 1052 1946 discrimen
1074 1906 1259 1945 adducor.
1317 1907 1415 1944 Nam
1437 1907 1469 1944 si
1497 1908 1566 1944 iste
1586 1907 1700 1944 abso-

244 1969 351 2007 lutus
370 1969 497 2016 fuerit,
519 1970 624 2019 quod
643 1970 755 2016 absit,
776 1975 931 2007 centum
953 1969 1074 2006 minas
1095 1968 1250 2006 mulctae
1269 1968 1424 2006 nomine
1444 1968 1606 2005 debebo.
1634 1967 1701 2005 Sin

246 2030 365 2069 istum
385 2031 672 2076 damnaveritis,
690 2030 756 2068 lite
775 2031 979 2076 aestimata,
993 2043 1070 2067 non
1095 2029 1143 2067 de
1161 2041 1243 2075 sua,
1271 2029 1340 2067 sed
1367 2028 1415 2067 de
1434 2041 1524 2066 mea
1538 2028 1703 2079 pecunia

246 2092 324 2130 litis
345 2092 641 2130 {estimationem
658 2092 806 2130 solvet:
834 2105 920 2130 mea
939 2104 1029 2129 vero
1050 2090 1218 2141 dignitas
1245 2091 1372 2140 agitur
1390 2090 1428 2127 in
1447 2088 1521 2127 hoc
1541 2088 1702 2140 judicio.

254 2153 423 2192 Proinde
466 2166 543 2191 non
575 2159 725 2190 tantum
756 2153 987 2204 patrimonio
1021 2152 1226 2203 spoliabor,
1247 2151 1317 2190 sed
1336 2151 1448 2189 etiam
1477 2150 1703 2198 honoribus,

255 2215 325 2253 nisi
350 2230 418 2254 vos
439 2215 513 2253 mei
534 2229 640 2253 nunc
668 2216 866 2253 misertum
886 2215 1012 2252 fuerit.

311 2279 371 2315 18.
393 2279 523 2319 Quare
543 2290 609 2314 oro
630 2290 712 2323 vos,
727 2276 902 2320 Juffices,
919 2283 960 2313 et
986 2276 1163 2326 supplico
1184 2282 1224 2313 et
1242 2276 1427 2318 obtestor,
1448 2280 1490 2310 ut
1508 2273 1637 2322 legum
1667 2280 1706 2310 et

242 2339 494 2390 jurisjurandi
514 2350 716 2383 memores,
737 2349 814 2388 quo
838 2336 967 2374 adacti
991 2340 1056 2384 Jus
1084 2335 1225 2381 dicitis,
1247 2336 1296 2373 ad
1322 2342 1492 2372 nostrum
1518 2335 1582 2384 jus
1612 2346 1704 2371 con-

253 2399 496 2450 sequendum
522 2412 592 2436 nos
613 2398 817 2447 adjuvetis,
840 2410 934 2434 neve
955 2397 1043 2447 plus
1071 2397 1178 2434 istius
1199 2409 1314 2446 quam
1336 2401 1488 2432 nostras
1514 2394 1618 2444 apud
1637 2407 1706 2432 vos

257 2474 395 2513 preces
415 2460 539 2497 valere
561 2459 773 2510 patiamini.
831 2459 1001 2509 AEquum
1030 2466 1156 2495 autem
1180 2465 1241 2494 est
1261 2469 1337 2494 non
1355 2455 1623 2493 sceleratorum
1637 2456 1707 2494 ho-

254 2525 411 2567 minum,
422 2522 491 2560 scd
505 2529 639 2559 contra
654 2521 842 2570 omnejns
859 2520 1107 2558 humanitatis
1119 2518 1340 2557 afflictorum
1355 2531 1423 2555 vos
1439 2517 1622 2562 misereri,
1636 2530 1708 2554 nec

253 2597 385 2622 eorum
402 2583 466 2633 qui
486 2591 563 2620 tam
585 2581 790 2620 crudeliter
810 2582 937 2618 aliena
953 2594 1019 2631 per
1033 2580 1204 2618 fraudem
1222 2579 1410 2623 detinent,
1429 2578 1496 2615 sed
1512 2578 1631 2615 nostri
1644 2577 1710 2627 qui

257 2645 374 2695 longo
386 2648 465 2693 jam
480 2652 651 2694 tempore
671 2651 802 2679 nostro
824 2641 1054 2692 patrimonio
1076 2654 1263 2684 caremus,
1279 2646 1541 2690 praetereaque
1557 2639 1604 2675 ab
1627 2638 1708 2674 istis

257 2706 383 2743 affecti
417 2704 661 2743 contumeliis
695 2716 796 2740 nunc
830 2703 877 2739 dc
906 2703 1092 2751 dignitate
1120 2714 1163 2738 ac
1196 2702 1297 2738 fama
1324 2700 1562 2737 dimicamus.
1618 2698 1711 2735 Alta

259 2767 390 2817 utique
410 2779 549 2817 parcns
570 2772 700 2803 noster
721 2763 883 2814 suspiria
903 2763 1074 2807 ducere-1,
1088 2763 1118 2799 si
1139 2762 1446 2812 intelligeretme
1459 2772 1569 2798 suum
1589 2758 1707 2796 filium

260 2828 295 2864 in
324 2828 526 2866 discrimen
563 2826 774 2865 adductum
795 2825 878 2875 ejus
899 2824 1052 2861 mulctue
1074 2824 1282 2869 solvendae,
1308 2836 1393 2873 quae
1426 2829 1580 2872 propter
1600 2820 1710 2858 dotes

259 2897 297 2927 ot
318 2890 550 2928 donationes
568 2902 589 2926 a
611 2902 650 2926 se
672 2886 754 2925 istis
775 2886 886 2924 datas
902 2886 1134 2936 exigeretur,
1155 2893 1192 2923 ct
1214 2897 1300 2922 cum
1325 2884 1403 2934 [iam
1427 2882 1487 2920 alii
1507 2882 1609 2920 cives
1636 2893 1711 2920 uon
