1923 3149
750 136 822 172 DE
853 135 1091 173 CORONA.
1564 139 1634 178 175

190 236 289 274 viros
318 242 356 273 et
375 236 557 287 majorem
583 238 826 287 pecuniarum
853 239 928 274 va
955 237 1240 287 consumpsisse
1269 250 1335 287 pro
1367 238 1493 277 studio
1513 239 1637 277 laudis

191 298 436 349 omniumque
456 298 680 336 Graecorum
703 299 937 343 utilitatibus,
956 311 1071 348 quam
1091 298 1218 335 caeteri
1238 297 1398 336 Graeciae
1418 301 1548 351 populi
1570 314 1638 352 pro

191 359 399 409 sequique
419 359 708 410 impenderunt:
739 359 910 396 videbam
940 365 1067 396 autem
1094 358 1312 409 Philippum
1332 359 1452 405 illum,
1472 375 1638 411 quocum

192 420 299 457 nobis
320 427 400 457 erat
419 427 623 466 certamen,
644 433 712 471 pro
731 420 887 471 imperio
913 432 955 456 ac
980 419 1238 457 dominatione
1258 419 1367 457 oculo
1395 421 1465 458 sibi
1485 423 1639 469 effosso,

184 481 322 531 jugulo
355 482 562 526 confracto,
598 494 726 526 manu,
764 494 870 519 crure
908 482 1156 527 comminuto,
1186 494 1336 519 omnem
1371 495 1638 534 quamcunque

192 543 263 580 sibi
284 543 438 580 fortuna
457 543 570 580 vellet
586 543 751 593 corporis
768 542 913 579 auferre
930 549 1089 592 partem,
1109 543 1219 580 facile
1235 550 1273 580 et
1288 543 1448 580 libenter
1465 544 1641 594 abjicere,

192 612 233 641 ut
252 617 337 641 eum
359 618 404 641 eo
424 604 527 655 quod
549 610 708 640 restaret
725 603 910 640 honorate
932 609 971 640 et
991 603 1153 653 gloriose
1173 603 1287 641 vitam
1308 603 1538 642 traduceret.
1574 606 1642 642 At-

190 666 255 714 qui
275 678 322 702 ne
342 665 417 702 hoc
438 664 591 714 quidem
614 664 815 715 quisquam
836 665 962 702 dicere
984 665 1138 710 audeat,
1158 665 1300 702 homini
1326 664 1442 703 Pellae
1463 666 1641 712 educato,

189 727 226 762 in
246 726 387 776 oppido
408 726 572 763 obscuro
588 734 678 763 tunc
700 726 878 778 temporis
893 739 938 764 ac
959 727 1114 777 pusillo,
1135 734 1284 764 tantam
1304 728 1419 765 animi
1448 729 1641 778 magnitu-

190 787 315 845 dinem
343 787 412 825 rite
440 787 587 825 innasci
618 787 803 838 potuisse,
822 796 865 825 ut
885 788 1084 838 imperium
1107 788 1332 826 Graecorum
1353 790 1644 840 concupisceret

189 855 302 898 atque
318 848 390 886 hoc
411 849 447 885 in
464 849 632 886 animum
648 849 847 886 induceret
863 862 871 886 :
904 850 1009 887 vobis
1023 849 1088 899 qui
1104 849 1358 887 Athenienses
1375 850 1481 894 estis,
1500 851 1642 900 quique

189 909 358 960 quotidie
373 909 411 946 in
427 910 602 947 omnibus
619 910 920 948 etconcionibus
934 917 973 948 et
986 911 1217 961 spectaculis
1233 911 1421 962 majorum
1433 918 1644 949 vestrorum

190 977 439 1008 monumenta
457 971 703 1017 contuemini,
723 977 869 1010 tantam
888 972 1081 1022 ignaviam
1102 972 1226 1010 inesse
1247 973 1456 1021 oportuisse,
1476 980 1517 1010 ut
1533 973 1642 1010 Grae-

190 1046 320 1070 corum
352 1033 564 1071 libertatem
594 1033 695 1071 ultro
728 1040 864 1084 sponte
898 1033 1077 1071 dederitis
1114 1034 1304 1084 Philippo.
1353 1033 1477 1072 Nemo
1508 1035 1646 1085 inquam

191 1096 274 1133 haec
295 1096 442 1134 dixerit.
502 1097 706 1146 Reliquum
727 1097 841 1146 igitur
860 1103 942 1132 erat
968 1104 1083 1145 atque
1109 1096 1211 1133 idem
1240 1097 1509 1143 necessarium,
1539 1104 1581 1134 ut
1599 1098 1645 1136 iis

190 1157 366 1195 omnibus
383 1171 467 1207 quae
488 1158 549 1195 ille
569 1164 703 1194 contra
721 1170 790 1194 vos
805 1157 1031 1194 moliebatur
1045 1157 1182 1207 injuria
1200 1159 1379 1208 vosjuste
1397 1159 1646 1198 obsisteretis.

191 1218 294 1268 Ergo
312 1219 385 1256 hoc
405 1218 562 1268 quidem
581 1217 779 1255 faciebatis
802 1218 849 1254 ab
867 1217 973 1255 initio
987 1230 1068 1263 VOS,
1088 1224 1131 1254 ut
1148 1230 1301 1268 aequum
1319 1226 1400 1256 erat
1415 1226 1455 1256 et
1469 1220 1645 1266 decebat,

189 1279 441 1317 decernebam
474 1285 602 1317 autem
634 1285 672 1316 et
693 1279 903 1316 suadebam
924 1291 996 1328 ego
1030 1279 1169 1328 quibus
1203 1280 1438 1330 temporibus
1465 1281 1504 1318 in
1530 1294 1642 1332 repu-

189 1341 292 1379 blica
309 1342 499 1379 versabar.
531 1340 684 1379 Fateor.

241 1405 304 1440 22.
335 1404 387 1440 At
399 1403 489 1454 quid
510 1415 570 1440 me
589 1403 716 1440 facere
736 1403 969 1454 oportebat?
999 1404 1052 1441 Te
1074 1404 1175 1441 enim
1195 1404 1320 1454 ipsum
1332 1404 1415 1455 jam
1435 1405 1641 1456 interrogo,

190 1465 337 1515 reliqua
365 1465 493 1502 omnia
523 1465 837 1515 praetermittens,
875 1465 1148 1516 Amphipolim,
1187 1466 1377 1517 Pydnam,
1416 1467 1645 1514 Potidaeam,

192 1527 451 1568 Halonesum;
482 1525 574 1562 nihil
594 1525 730 1564 horum
751 1525 904 1563 memini
922 1539 930 1563 ε
962 1526 1131 1564 Serrium
1149 1540 1238 1565 vero
1259 1534 1297 1564 et
1312 1528 1496 1566 Doriscus
1510 1536 1548 1566 et
1569 1530 1643 1567 Pe-

190 1588 337 1640 parethi
361 1588 607 1639 depopulatio
628 1594 666 1625 et
684 1601 923 1638 quaecunque
943 1587 1016 1625 alia
1035 1588 1073 1625 id
1095 1602 1218 1639 genus
1239 1588 1380 1627 civitati
1410 1590 1448 1626 in
1467 1590 1642 1641 injuriam

187 1650 385 1692 cesserint,
419 1663 466 1688 ne
494 1649 525 1686 si
546 1650 761 1687 exstiterint
792 1650 948 1699 quidem
970 1650 1070 1687 novi.
1115 1650 1164 1688 Et
1191 1656 1319 1688 tamen
1351 1659 1391 1688 tu
1417 1665 1477 1690 me
1507 1653 1643 1690 horum

188 1711 550 1750 commemoratione
570 1711 783 1748 inimicitias
802 1711 893 1749 huic
919 1711 1064 1762 populo
1085 1713 1301 1750 concitasse
1323 1712 1464 1758 dixisti,
1485 1727 1571 1751 cum
1599 1728 1646 1752 ea

190 1787 277 1824 quae
298 1773 348 1811 ad
380 1773 450 1810 has
478 1786 537 1810 res
557 1772 751 1823 pertinent
781 1772 938 1810 decreta
965 1773 1040 1810 sint
1060 1772 1204 1810 Eubuli
1228 1780 1266 1811 et
1292 1774 1576 1824 Aristophontis
1608 1782 1647 1813 et

191 1835 397 1886 Diopithis,
417 1847 491 1871 non
512 1847 610 1877 mea,
628 1847 650 1871 o
671 1833 720 1871 ad
740 1833 949 1871 dicendum
968 1833 1152 1884 quicquid
1172 1835 1238 1871 tibi
1258 1835 1377 1873 libeat
1392 1836 1560 1873 omnium
1576 1836 1646 1874 ho-

188 1898 332 1935 minum
361 1895 665 1947 promptissime!
697 1895 803 1932 Nihil
833 1896 948 1946 igitur
976 1896 1024 1933 de
1052 1895 1110 1933 his
1139 1909 1241 1933 nunc
1270 1896 1476 1946 quicquam
1506 1898 1668 1936 dicam.-

189 1958 332 1995 Verum
352 1957 415 1994 ille
446 1957 510 2008 qui
532 1957 717 1994 Euboeam
738 1957 808 1994 sibi
828 1956 1059 1994 vendicabat
1090 1970 1345 2007 aggeremque
1364 1957 1504 1995 Atticae
1526 1971 1647 2010 oppu-

192 2019 357 2070 gnandae
371 2019 604 2064 exstruebat,
615 2019 757 2069 quique
772 2018 953 2069 Megaras
968 2019 1126 2056 adortus
1139 2025 1208 2063 est,
1223 2026 1263 2056 et
1277 2019 1419 2056 Oreum
1430 2022 1646 2071 occupavit,

192 2081 491 2129 Porthmumque
508 2079 653 2125 effodit,
670 2080 810 2130 quique
826 2079 1066 2117 Philistidem
1081 2080 1199 2125 Oreo,
1219 2080 1457 2118 Clitarchum
1474 2082 1644 2128 Eretriae,

192 2149 374 2193 tyrannos
396 2141 587 2191 imposuit,
610 2140 751 2191 quique
783 2141 1080 2192 Hellespontum
1109 2142 1181 2179 sub
1210 2141 1391 2180 ditionem
1420 2155 1526 2180 suam
1556 2145 1646 2181 sub-

183 2204 322 2256 junxit,
345 2210 383 2241 et
412 2203 640 2254 Byzantium
660 2202 824 2247 obsedit,
855 2202 992 2253 quique
1015 2203 1126 2241 urbes
1156 2202 1318 2240 Graeciae
1348 2203 1440 2241 alias
1471 2204 1645 2244 funditus

190 2265 338 2311 evertit,
357 2264 395 2301 in
427 2265 521 2302 alias
551 2264 703 2302 exsules
724 2264 891 2310 reduxit,
920 2270 1046 2301 utrum
1074 2264 1106 2301 is
1128 2265 1193 2314 qui
1211 2264 1295 2302 haec
1322 2266 1451 2302 omnia
1481 2268 1648 2316 patravit

191 2327 366 2378 injuriam
387 2326 477 2363 fecit
494 2332 533 2363 et
557 2325 704 2362 foedera
733 2325 876 2376 dirupit
904 2332 943 2362 et
972 2338 1104 2375 pacem
1124 2325 1294 2372 violavit,
1323 2326 1470 2364 necne?
1504 2327 1645 2366 Utrum

190 2401 302 2439 porro
324 2387 549 2425 Graecorum
568 2387 730 2437 aliquem
750 2387 885 2424 exoriri
905 2388 1108 2437 oportebat
1127 2387 1192 2438 qui
1211 2387 1295 2425 haec
1312 2401 1397 2425 eum
1416 2389 1540 2427 faeere
1557 2404 1644 2441 pro-

190 2449 349 2494 hiberet,
370 2461 418 2485 an
448 2447 554 2486 non?
586 2448 687 2486 Nam
705 2449 736 2486 si
756 2461 832 2485 non
854 2449 1069 2498 oportebat,
1098 2449 1190 2498 quin
1217 2448 1409 2487 Graeciam
1440 2450 1644 2502 Mysorum

191 2523 306 2562 quam
325 2516 465 2546 vocant
484 2509 668 2559 praedam,
688 2509 904 2547 viventibus
925 2516 964 2547 et
982 2509 1173 2547 stantibus
1193 2509 1506 2558 Atheniensibus,
1526 2513 1646 2550 videri

191 2573 321 2617 decuit,
341 2583 665 2621 supervacaneam
684 2585 757 2622 ego
785 2584 941 2622 operam
970 2570 1122 2621 suscepi
1151 2584 1238 2608 cum
1257 2571 1317 2609 his
1339 2571 1386 2610 de
1414 2574 1527 2610 rebus
1549 2573 1642 2619 dixi,

191 2644 514 2684 supervacaneam
551 2645 706 2682 quoque
743 2633 874 2670 civitas
908 2645 995 2682 quae
1026 2631 1187 2669 consilio
1213 2645 1300 2670 meo
1328 2633 1466 2684 paruit,
1502 2634 1645 2671 fuerint

191 2694 355 2746 denique
375 2692 520 2731 scelera
548 2694 674 2731 omnia
693 2700 732 2732 et
760 2701 885 2732 errata
916 2707 1157 2744 quaecunque
1187 2701 1299 2744 gesta
1328 2700 1418 2731 sunt
1446 2707 1549 2731 mea:
1582 2694 1641 2732 sin

191 2763 319 2795 autem
339 2755 502 2805 aliquem
523 2767 608 2792 esse
627 2767 723 2805 opus
742 2761 825 2793 erat
839 2755 902 2806 qui
917 2755 1000 2792 haec
1015 2755 1246 2806 prohiberet,
1261 2768 1374 2805 quem
1394 2755 1508 2791 alium
1526 2768 1640 2805 quam

191 2817 376 2869 populum
398 2815 678 2854 Atheniensem
697 2816 814 2854 fuisse
841 2817 1123 2855 conveniebat?

245 2881 308 2916 23.
341 2878 436 2915 Haec
456 2877 573 2928 igitur
591 2890 664 2927 ego
691 2883 769 2914 tum
789 2878 943 2927 publice
972 2879 1164 2927 gerebam,
1186 2884 1225 2915 et
1241 2889 1328 2913 cum
1347 2875 1452 2914 illum
1471 2878 1640 2915 omniurn
