1923 3149
572 196 645 234 DE
678 194 845 234 FALSO
876 194 1234 233 TESTIMONIO.
1555 195 1627 231 491

176 313 278 338 nunc
299 305 435 338 contra
452 301 505 337 fit.
564 300 665 338 Nam
691 300 764 337 iste
784 311 872 336 cum
895 297 1165 335 contutoribus
1186 296 1290 334 omni
1312 295 1544 346 patrimonio
1573 307 1633 332 me

174 361 367 399 fraudavit
388 368 426 399 et
441 362 617 412 quamvis
637 360 741 411 apud
764 373 832 398 vos
853 358 981 409 palam
1000 358 1198 395 convictus
1218 365 1347 395 tamen
1368 356 1461 393 nihil
1483 355 1583 405 aequi
1613 368 1636 392 a

175 435 218 460 se
251 423 443 473 impetrari
470 422 573 468 sinit,
594 422 677 466 sed,
700 421 887 459 distracta
911 433 950 457 re
973 418 1165 464 familiari,
1193 418 1342 456 aedibus
1372 417 1491 463 AEsio,
1513 416 1635 454 fundo

177 484 352 530 Onetori,
371 483 535 530 traditis,
555 482 682 521 effecit
701 489 744 520 ut
762 495 851 520 curn
871 481 943 519 illis
962 480 1095 518 litibus
1110 486 1151 517 et
1165 479 1351 517 molestiis
1370 478 1635 517 conflictarer:

175 545 259 596 ipse
284 557 375 582 vero
408 545 665 582 instrumento
696 550 735 581 et
761 541 1003 594 supellectile
1023 554 1070 579 ex
1089 541 1238 579 aedibus
1263 540 1407 589 ablata,
1435 539 1637 590 mancipiis

176 606 369 651 abductis,
385 604 569 643 torculari
583 605 835 648 comminuto,
855 603 1003 641 foribus
1024 602 1201 648 revulsis,
1223 615 1270 640 ac
1288 608 1442 640 tantum
1462 613 1539 638 non
1554 601 1641 650 ipsa

177 666 294 705 domo
313 667 487 712 incensa,
510 668 675 716 Megara
689 665 904 717 profectus,
926 663 1152 715 inquilinum
1169 663 1221 701 ibi
1241 662 1334 714 agit.
1376 662 1638 706 Quamobrem

176 727 297 766 multo
316 727 463 777 aequius
489 733 550 764 est
571 733 612 764 ut
626 739 715 764 eum
735 732 892 777 propter
911 725 996 763 hoec
1018 726 1192 764 facinora
1219 724 1310 763 odio
1337 722 1638 775 prosequamini,

176 801 294 838 quam
314 795 357 826 ut
374 800 435 825 me
453 787 570 825 ullius
591 787 884 825 inhumanitatis
905 786 1185 825 condemnetis.

231 851 269 886 2.
299 850 359 887 Ac
388 849 436 887 de
466 849 578 887 istius
603 848 780 887 sordibus
808 854 924 899 atque
951 848 1194 899 improbitate
1217 854 1305 899 post
1331 847 1437 899 apud
1456 859 1525 885 vos
1548 844 1641 883 mihi

178 910 363 961 prolixius
378 909 586 949 dicendum
600 911 770 957 videtur,
783 923 1004 962 quanquam
1022 924 1125 949 nunc
1140 923 1294 961 quoque
1310 923 1500 948 summam
1519 921 1640 960 quan-

179 973 268 1011 dam
300 973 523 1011 audivistis:
558 973 778 1011 testimonia
807 985 897 1011 vero
923 972 973 1011 de
1006 973 1147 1024 quibus
1178 971 1364 1022 suffragia
1391 971 1520 1009 feretis
1551 982 1643 1007 vera

179 1047 280 1079 esse,
302 1034 384 1086 jam
403 1047 472 1073 vos
493 1034 634 1073 docere
654 1034 837 1072 conabor.
896 1033 992 1071 Peto
1012 1041 1156 1079 autem,
1185 1033 1362 1079 Judices,
1385 1045 1463 1070 rem
1488 1043 1642 1081 aequam

178 1102 218 1133 et
240 1097 400 1146 justam,
419 1103 464 1134 ut
482 1097 563 1147 pari
582 1097 854 1134 benevolentia
878 1103 1084 1147 utrumque
1100 1101 1276 1134 nostrum
1297 1093 1478 1132 audiatis.
1520 1093 1642 1143 quue

178 1170 258 1194 non
275 1158 402 1195 minus
423 1157 531 1195 vobis
552 1158 667 1195 etiarn
687 1157 881 1208 proderit:
904 1170 995 1195 nam
1014 1170 1091 1208 quo
1111 1157 1254 1196 certius
1275 1169 1354 1194 rem
1370 1153 1643 1209 cognoveritis,

179 1232 226 1256 eo
239 1219 381 1267 justius
401 1225 440 1257 et
459 1219 632 1257 sanctius
651 1219 970 1271 pronunciabitis.
1028 1219 1245 1257 Ostendam
1266 1225 1397 1257 autem
1417 1216 1534 1254 istum
1565 1228 1643 1253 non

179 1280 297 1318 modo
310 1280 536 1319 confessum
548 1294 632 1319 esse
648 1280 697 1318 de
717 1281 851 1332 Milyae
867 1281 1060 1327 libertate,
1080 1280 1149 1318 sed
1169 1280 1271 1318 idem
1286 1280 1372 1331 ipso
1392 1279 1497 1317 facto
1512 1275 1645 1315 decla-

179 1353 308 1380 rasse:
341 1348 603 1393 praetereaque
633 1341 866 1379 certissimas
886 1342 1146 1392 quaestionum
1172 1341 1420 1392 probationes
1441 1350 1645 1377 recusasse

178 1415 304 1453 neque
320 1402 488 1441 voluisse
505 1410 549 1440 ut
567 1402 707 1440 veritas
724 1415 793 1453 per
813 1415 880 1441 eas
900 1403 1184 1449 ostenderetur,
1204 1402 1273 1441 sed
1294 1403 1592 1453 tergiversatum
1607 1406 1647 1438 et

179 1464 288 1502 falsis
315 1464 479 1502 testibus
498 1463 703 1515 productis
731 1463 955 1514 eloquentia
987 1477 1059 1502 sua
1088 1463 1141 1501 rei
1169 1464 1370 1502 veritatem
1400 1462 1645 1505 suffuratum,

179 1526 298 1563 tantis
313 1532 354 1563 et
371 1532 450 1564 tarn
470 1525 713 1563 evidentibus
734 1525 986 1576 argumentis,
1006 1531 1051 1563 ut
1068 1526 1177 1563 vobis
1197 1525 1377 1563 omnibus
1398 1523 1646 1574 perspicuum

178 1586 351 1625 futurum
372 1587 434 1634 sit,
454 1594 623 1626 nostram
638 1587 850 1625 orationem
871 1599 958 1624 esse
978 1599 1123 1632 veram,
1143 1586 1260 1624 istum
1276 1585 1369 1623 nihil
1386 1585 1470 1623 sani
1487 1584 1645 1622 dixisse.

235 1650 273 1686 3.
296 1648 392 1686 Inde
413 1656 541 1687 autern
559 1648 803 1699 auspicabor,
820 1648 926 1685 unde
942 1654 981 1686 et
999 1648 1108 1686 vobis
1123 1647 1280 1698 assequi
1296 1645 1477 1684 facillime
1497 1651 1536 1683 et
1554 1644 1646 1682 mihi

179 1722 337 1749 causam
357 1723 512 1748 ornnem
528 1722 724 1761 exponere
743 1709 940 1747 celerrime
960 1708 1104 1747 licebit.
1151 1708 1254 1759 Ego,
1270 1708 1445 1753 Judices,
1465 1706 1646 1752 Demmxi,

182 1771 460 1822 Demophonti‚
475 1771 735 1822 Therippidae,
750 1777 789 1809 et
802 1771 864 1809 isti
885 1770 985 1809 male
1005 1769 1284 1808 administratae
1303 1769 1436 1808 tutelae
1453 1767 1646 1818 judicium

180 1833 336 1880 dictavi,
348 1834 452 1872 omni
466 1833 693 1885 patrimonio
705 1833 906 1884 spoliatus.
933 1832 1099 1870 Actione
1108 1838 1239 1870 autem
1250 1831 1372 1883 prima
1381 1836 1517 1868 contra
1528 1828 1646 1866 istum

181 1895 371 1942 instituta,
384 1895 580 1946 judicibus
597 1895 726 1946 palam
741 1893 908 1940 ostendi,
922 1893 1252 1945 quemadmodum
1264 1893 1371 1932 vobis
1387 1892 1500 1930 etiam
1515 1897 1647 1928 osten-

180 1956 284 2003 dam,
305 1970 461 1995 omnem
482 1954 563 1994 rein
583 1956 693 1994 nobis
712 1955 889 1994 relictam
913 1956 1030 1994 istum
1051 1968 1140 1994 cum
1169 1954 1242 1992 illis
1265 1953 1498 2004 surripuisse
1518 1951 1647 1997 nobis,

182 2031 260 2056 non
286 2018 485 2068 productis
511 2016 598 2055 ullis
630 2017 738 2055 falsis
769 2018 947 2056 testibus.
1013 2017 1136 2068 Cujus
1169 2016 1223 2054 rei
1253 2016 1328 2054 hoc
1347 2014 1555 2053 maximum
1585 2026 1646 2051 ar-

183 2086 410 2132 gumentum
431 2086 509 2118 est:
539 2079 647 2131 quod
663 2079 768 2118 dicta
787 2080 942 2118 testium
963 2091 1080 2130 quam
1099 2078 1268 2129 plurima
1286 2090 1407 2128 quum
1428 2076 1479 2114 de
1503 2075 1647 2125 scripto

181 2142 343 2180 recitata
358 2142 488 2180 omnia
503 2142 764 2193 sint‚quorurn
781 2141 844 2179 alii
859 2154 987 2178 meum
1002 2140 1148 2190 aliquid
1167 2140 1228 2178 isti
1247 2139 1397 2185 datum,
1409 2137 1473 2176 alii
1491 2150 1532 2175 se
1547 2149 1647 2188 prae-

183 2203 355 2242 sentibus
375 2216 465 2241 eum
493 2203 702 2254 accepisse,
723 2202 787 2241 alii
808 2216 852 2240 se
871 2203 920 2240 ab
941 2202 1016 2240 isto
1037 2202 1177 2240 emisse
1198 2201 1311 2252 eique
1329 2198 1537 2238 tradidisse
1557 2211 1646 2249 pre-

180 2265 276 2302 tium
298 2264 542 2311 affirmarent,
564 2264 713 2302 nullum
731 2264 909 2302 falsitatis
929 2264 1059 2315 arguit
1071 2270 1141 2301 aut
1154 2275 1340 2301 accusare
1353 2274 1468 2300 ausus
1484 2266 1558 2306 est,
1575 2259 1646 2297 sed

181 2326 255 2364 hoc
267 2327 392 2365 solum
408 2325 582 2377 arripuit,
597 2325 634 2363 in
652 2339 729 2377 quo
747 2339 819 2364 nec
835 2325 950 2364 unius
966 2325 1163 2364 drachmae
1178 2324 1259 2363 fieri
1271 2323 1509 2362 mentionem
1525 2321 1648 2373 possit

183 2388 399 2426 ostendere.
455 2387 574 2438 Atqui
595 2387 891 2426 aestimationem
911 2387 1103 2439 pecuniae,
1130 2399 1206 2438 qua
1224 2386 1428 2424 fraudatus
1449 2397 1546 2430 sum,
1567 2395 1646 2421 non

180 2463 228 2488 ex
241 2449 317 2487 hoe
332 2449 474 2500 collegi
485 2455 526 2488 et
535 2449 756 2501 computavi
769 2456 1046 2488 tantam—nec
1059 2448 1162 2486 enim
1182 2454 1386 2499 argentum
1404 2445 1645 2490 continet—‚

182 2511 253 2549 sed
272 2524 322 2549 ex
340 2510 415 2548 illis
435 2511 588 2562 singula
605 2511 855 2550 ratiocinatus
882 2524 981 2557 sum,
1001 2511 1138 2562 quibus
1158 2510 1228 2549 iste
1246 2509 1394 2548 nullum
1411 2508 1553 2546 crimen
1574 2506 1643 2542 im-

183 2572 313 2624 pegit:
340 2571 477 2622 quibus
497 2573 613 2610 rebus
634 2573 751 2611 etiam
771 2573 918 2611 factum
939 2578 1012 2618 est,
1031 2578 1076 2609 ut
1096 2571 1259 2622 quitum
1282 2583 1363 2609 rem
1379 2571 1646 2619 cognoverant

183 2647 262 2672 non
292 2632 417 2672 solum
449 2645 539 2671 eum
571 2634 881 2681 condemnarint,
912 2632 983 2672 sed
1014 2633 1121 2671 litem
1145 2632 1262 2670 etiam
1291 2630 1388 2669 tanti
1418 2626 1645 2666 aestimarint

183 2701 373 2747 quantum
386 2693 425 2731 in
441 2695 595 2732 actione
607 2696 864 2747 perscriptum
878 2696 1016 2734 fuerat.
1047 2694 1307 2738 Quamobrem
1322 2691 1438 2742 igitur
1451 2689 1518 2727 illa
1536 2687 1644 2726 testi-

184 2758 313 2797 monia
323 2757 515 2808 praeteriit,
528 2756 603 2795 hoc
619 2757 800 2808 arripuit?
822 2759 907 2809 Ego
929 2757 967 2795 id
986 2769 1139 2808 quoque
1154 2755 1316 2793 docebo.
1345 2751 1527 2799 Videbat,
1537 2761 1644 2800 quae-

184 2831 337 2869 cunque
357 2817 579 2856 testimonia
594 2818 799 2868 pecuniam
820 2831 908 2856 eum
924 2818 1066 2857 habere
1087 2816 1316 2867 arguebant,
1337 2826 1378 2851 se
1398 2824 1483 2850 eam
1501 2811 1644 2848 habere

185 2886 295 2918 tanto
314 2877 436 2929 magis
450 2877 671 2917 convictum
692 2878 749 2925 iri,
770 2887 914 2930 quanto
933 2878 1114 2931 prolixius
1138 2875 1292 2926 singula
1310 2872 1434 2911 verbis
1452 2871 1644 2923 agitaren-

168 2937 271 2979 ‘turz
300 2940 340 2979 id
371 2939 477 2990 quod
511 2938 662 2979 actione
681 2947 818 2980 contra
849 2947 966 2981 testes
989 2939 1167 2978 instituta
1184 2936 1353 2976 futurum
1373 2940 1467 2974 erat.
1525 2931 1642 2977 Quod
