1923 3149
746 144 1155 184 ARGUMENTUM.
1626 147 1673 184 21

230 249 303 277 tum
317 244 459 289 flclucioe
475 257 595 281 causas
610 246 730 280 solerti
753 247 934 282 admodum
956 253 1220 292 temperamento
1247 248 1435 282 intertexit.
1483 248 1680 294 Propterea

231 300 318 332 duas
343 300 514 346 Philippi,
531 313 650 346 easque
671 302 766 335 valde
783 302 943 342 diversas,
969 302 1136 347 imagines
1153 302 1192 335 ob
1218 303 1329 335 oculos
1345 304 1454 348 ponit.
1496 304 1574 336 Ilac
1602 315 1678 336 enm

230 353 452 395 ambitiosum,
478 363 712 401 arrogantem,
729 355 883 389 omnibus
899 356 1124 389 occasionibus
1150 357 1330 395 intentum,
1357 357 1442 389 bello
1458 357 1677 401 imlcsessum‚

227 407 436 451 intrepidum
450 410 602 454 (lepinyic
614 423 626 449 ;
642 410 753 444 omnia
764 422 833 443 non
846 409 957 443 miuus
973 422 1059 443 auro
1072 410 1299 452 subruentem,
1313 423 1413 455 quam
1430 419 1677 455 expuynantem

220 461 340 504 ferro.
354 463 521 508 nullisque
534 476 601 497 nou
618 463 796 498 obstaculis
812 465 1021 509 superiorem
1034 478 1046 504 ,·
1070 476 1186 509 regem
1204 456 1344 510 deniqne
1350 465 1603 509 felicissimum,
1623 467 1679 500 cui

220 515 373 560 fortuna
391 523 459 551 tam
469 518 612 563 profuse
629 518 784 563 beneficia
797 518 999 558 accumulat,
1017 526 1052 552 ut
1067 519 1297 553 inconstantia
1315 531 1384 552 surr
1396 531 1483 564 pene
1496 519 1595 553 oblita
1609 532 1679 552 esse

230 570 397 605 videatur.
432 571 556 606 Altera
580 584 656 606 eum
679 573 937 617 imprudentem,
951 574 1170 607 temerarium
1191 573 1362 612 describit,
1380 574 1505 619 quippe
1527 575 1585 618 qui
1610 586 1679 607 non

229 624 359 659 viribus
377 626 458 666 suis,
481 638 599 659 verum
621 626 802 660 ambitione
817 626 888 660 sola
904 626 1045 661 consilia
1061 640 1121 661 sua
1137 628 1307 669 metiatur,
1328 628 1452 673 quique
1475 629 1557 662 adeo
1581 640 1679 662 suam

227 679 300 723 ipso
313 680 500 724 potentiam
524 680 705 725 aliquando
721 682 958 716 destructurus
976 682 1045 720 sit,·
1071 682 1305 727 turpissimum
1328 688 1562 722 veteratorem,
1582 683 1681 728 cujus

230 735 430 779 magnitudo
435 735 678 780 fundamentis
693 737 838 770 maxime
856 737 1006 770 ruinosis
1021 737 1159 777 nititur,
1175 737 1324 782 perfidia
1345 737 1484 778 scilicet,
1506 737 1680 781 omnisque

222 789 358 831 yeneris
382 789 620 834 improbitate;
646 797 832 835 tyrannum
849 790 1001 824 omnibus
1026 797 1095 824 tam
1111 791 1203 825 domi
1225 802 1327 835 quam
1332 791 1430 836 foris
1447 798 1656 825 exsecratum
1666 805 1679 831 ,-

222 843 407 888 pevjurum
428 845 568 890 denique
584 846 802 890 impiumque,
819 846 898 887 diis,
913 846 1049 891 pariter
1064 852 1165 890 atque
1180 845 1379 888 bominibus,
1396 845 1549 885 invisum,
1566 858 1680 891 quem·

228 907 292 941 quc·
303 898 439 931 omuino
451 899 626 943 perdituri
641 901 722 942 sint,
739 900 836 933 modo
852 911 971 933 eorum
984 900 1164 934 vindictam
1179 900 1356 945 quisquam
1373 900 1507 945 exsequi
1522 899 1678 934 voluerit.

231 950 409 986 Concludit
426 952 558 986 Orator
574 960 714 994 certam,
735 966 874 999 eamque
891 954 1035 994 unicam,
1052 953 1219 988 rationem
1241 954 1338 988 istius
1363 953 1494 987 Colossi
1509 954 1679 988 evertendi

228 1005 265 1038 iu
283 1018 320 1039 eo
333 1006 434 1040 sitam
449 1018 530 1048 esse,
547 1014 583 1040 ut
600 1018 674 1050 (Juoe
690 1008 778 1042 male
794 1008 916 1042 liabent
931 1008 966 1041 in
975 1008 1143 1054 prasenti
1160 1020 1277 1042 rerum
1294 1008 1589 1042 administratione
1606 1021 1681 1042 cor-

229 1060 355 1103 rulant,
371 1068 407 1094 ut
422 1061 566 1106 privatis
581 1062 841 1096 dissensionibus
857 1063 1061 1106 compositis,
1081 1063 1276 1108 reipublicae
1297 1062 1402 1097 saluti
1416 1062 1604 1104 cousulant,
1616 1074 1680 1106 pu-

227 1114 386 1159 blicisque
396 1116 584 1161 sumptibus
593 1128 717 1161 ognues,
721 1125 829 1162 Juxta
840 1129 919 1151 suas
928 1118 1069 1163 quisque
1071 1117 1273 1163 facultates,
1281 1119 1327 1164 ad
1338 1129 1546 1152 communem
1554 1118 1681 1153 bostem

227 1169 489 1204 subvertendum
505 1183 572 1204 uno
587 1171 702 1205 animo
717 1172 925 1217 conspirent.

222 1251 285 1289 jam
302 1251 392 1281 fuerit
407 1252 614 1288 constitutum,
637 1251 807 1292 quempiam
824 1252 867 1282 ita
889 1251 936 1282 di-

230 1299 345 1323 centem
362 1295 488 1329 inducit,
503 1298 548 1335 (p.
566 1297 616 1326 56.
633 1296 653 1326 l.
674 1296 744 1335 14.)
773 1295 864 1330 Quem
883 1306 936 1325 no-

228 1341 319 1365 strum
321 1337 420 1378 sugit,
429 1339 464 1367 iis
472 1348 549 1376 opem
547 1337 706 1379 ferendum
715 1348 768 1368 esse
776 1340 790 1367 ἓ
800 1336 937 1379 izecserre

228 1380 329 1419 utique
345 1390 519 1410 recusamus.
541 1381 580 1410 At
592 1392 646 1421 quo
657 1382 771 1411 consilio
784 1381 815 1410 id
826 1393 844 1410 α
860 1382 938 1411 nobis

227 1424 330 1451 curari
342 1425 439 1461 possit,
454 1423 607 1462 erplanare
621 1434 689 1462 opns
703 1430 754 1459 est,
770 1423 828 1453 διο.
845 1425 935 1461 Quod

228 1464 310 1494 idem
329 1466 542 1495 animadvertit
559 1467 720 1505 Ulpianus,
736 1471 823 1497 vetus
839 1471 938 1503 autor,

228 1507 267 1537 de
283 1509 432 1538 secunda:
457 1510 671 1549 Argumentum
686 1516 713 1539 et
729 1510 827 1548 capita
848 1509 938 1548 liujus

228 1549 403 1589 (secundae)
414 1553 552 1581 orationis
560 1554 677 1591 gemina
690 1559 758 1582 sunt
766 1554 876 1591 primae.
899 1552 937 1581 In

227 1592 281 1622 hoc
291 1595 380 1622 solum
392 1593 545 1634 differunt,
557 1596 630 1633 qnod
642 1596 673 1624 in
680 1596 774 1633 primu
782 1596 938 1634 quaritur,

225 1646 264 1664 an
273 1637 418 1666 auxilium
430 1636 577 1676 Olynthiis
587 1639 757 1667 mittendum
767 1640 802 1667 sit
813 1649 820 1665 :
831 1639 862 1666 iu
871 1637 936 1673 hac,

218 1679 288 1717 jam
311 1685 422 1708 constat
437 1680 612 1709 mittendum
628 1690 694 1710 esse.
727 1682 792 1715 Est,
819 1680 870 1718 qui
894 1680 935 1709 af-

228 1721 337 1757 firmet,
353 1722 382 1751 iu
398 1722 532 1751 secunda
547 1723 670 1752 multum
686 1722 795 1752 disseri
813 1723 852 1751 de
868 1732 936 1752 san-

229 1763 338 1793 ciendo
355 1764 555 1794 cumiisdem
574 1765 728 1804 Olynthiis
750 1766 882 1803 foedere;
905 1765 937 1794 in

228 1805 356 1845 reliquis
383 1807 501 1836 duabus
531 1808 569 1838 de
600 1808 810 1844 custodiendo,
842 1808 936 1837 veluti

225 1849 287 1887 jam
303 1850 441 1880 contecto
456 1861 462 1878 :
487 1851 614 1888 proinde
631 1851 711 1880 illam
729 1851 797 1880 istis
817 1861 937 1889 praepo-

229 1891 356 1921 neudam
374 1903 452 1922 esse.
475 1894 528 1928 At,
545 1894 596 1932 qui
611 1894 670 1923 hoc
685 1894 773 1928 dicit,
789 1903 847 1922 non
864 1894 937 1923 satis

229 1934 454 1972 animadvertit,
480 1936 509 1965 in
523 1938 619 1974 prima
635 1937 737 1976 potius
754 1936 803 1975 agi
819 1937 857 1965 de
881 1936 937 1965 hac

231 1977 377 2007 societate
393 1979 641 2013 constabilienda,
657 1979 708 2009 ubi
725 1979 825 2008 statim
842 1979 937 2008 Athe—

229 2019 352 2049 nienses
371 2021 579 2056 admonentur,
594 2032 632 2052 ne
646 2022 723 2051 hanc
739 2021 866 2051 feriendi
884 2023 938 2051 foe-

230 2062 313 2091 deris
330 2065 585 2103 opportunitatem
603 2066 768 2104 negligant,
784 2066 864 2104 quod
882 2065 937 2094 foe-

231 2105 288 2133 dus
305 2107 486 2144 jampridem
513 2117 702 2147 summopere
738 2108 937 2137 desiderave-

229 2153 312 2176 rant:
335 2150 358 2177 si
377 2150 491 2188 quidem
509 2160 589 2179 nunc
610 2157 706 2188 sponte
720 2151 827 2180 accidit
850 2151 938 2192 (sunt

230 2191 376 2221 orationis
394 2193 498 2228 verba,
514 2203 544 2231 p.
557 2195 608 2223 78.
624 2194 644 2222 l.
660 2193 726 2231 11.)
748 2194 824 2232 quod
845 2195 938 2223 muzi-

228 2242 274 2262 me
289 2236 415 2264 omnium
428 2246 544 2265 rumore
562 2236 771 2271 celebrabatur,
786 2235 938 2276 Olynthios

226 2275 266 2304 ud
289 2276 396 2306 bellum
411 2288 478 2307 cum
499 2278 633 2318 Philippo
652 2279 816 2319 gerendum
836 2279 938 2316 impel-

229 2317 326 2349 lendos
339 2330 402 2349 csse.
437 2322 550 2351 Contra
566 2332 640 2351 vero
661 2323 691 2351 in
709 2321 842 2351 secunda
859 2321 936 2351 dici-

229 2366 290 2397 tur,
305 2365 350 2402 (p.
366 2364 418 2393 33.
434 2363 454 2393 1.
471 2363 516 2404 2.)
529 2369 568 2394 est
584 2365 700 2404 quidem
714 2371 894 2403 turpe—nos
906 2374 936 2393 eo

228 2413 344 2434 rumore
362 2406 490 2443 percelli,
516 2413 550 2436 ut
577 2408 739 2437 deseramus
760 2418 818 2437 non
844 2408 936 2437 solum

229 2447 313 2476 urbes
329 2453 355 2477 et
372 2448 444 2484 loca,
459 2450 561 2489 quibus
575 2456 660 2480 antea
675 2450 866 2489 patiebamur,
888 2460 936 2479 ve-

229 2497 296 2518 rum
318 2496 344 2520 et
367 2493 522 2522 occasiones
543 2493 735 2533 bellorumque
753 2495 848 2527 socios,
871 2503 936 2532 quos

228 2532 446 2573 iiobisjbrtuna
462 2542 686 2574 comparaverat.
720 2536 797 2574 Quis
815 2536 863 2565 hio
879 2536 936 2565 ini-

228 2578 290 2603 tam
306 2585 428 2615 quoque
444 2588 513 2607 cum
522 2578 677 2618 Olynthiis
688 2580 861 2608 societatem
876 2590 936 2609 nou

229 2617 332 2647 videat
346 2618 376 2647 ?''
402 2620 462 2650 His
478 2621 524 2650 Cl.
540 2622 733 2651 Lucchesinii
748 2622 936 2660 argumentis

230 2660 292 2689 (luo
305 2660 395 2691 liceat
411 2663 597 2694 subnectere.
611 2665 638 2693 Ι.
653 2665 716 2693 Aut
726 2675 830 2694 omnes
841 2665 936 2703 Olyn-

227 2703 344 2733 thiacas
377 2705 540 2735 conciones
568 2706 672 2737 babuit
703 2708 937 2742 Demosthenes,

230 2751 391 2785 antequam
406 2749 560 2788 Olynthus
576 2749 642 2788 ipsa
657 2750 817 2779 obsidione
836 2751 937 2780 cincta

229 2789 298 2824 fuit,
324 2791 420 2830 (quod
446 2792 509 2821 veri
535 2792 758 2822 absimillimum
782 2798 841 2829 est,
868 2803 935 2823 cum

228 2842 285 2871 per
307 2833 432 2873 aliquod
447 2840 568 2872 tempus
590 2834 777 2865 obsidionem
793 2846 859 2864 eam
879 2837 935 2865 du-

230 2885 316 2906 rasse
326 2881 446 2910 >certum
465 2877 541 2919 sitz)
565 2882 616 2908 aut
631 2887 678 2914 ea,
700 2889 767 2917 quae
784 2879 934 2919 Dionysio

972 1251 1064 1282 tertia
1076 1252 1256 1291 Olynthiaca
1279 1256 1338 1287 est,
1364 1251 1488 1291 reliquis
1504 1254 1678 1284 antecessit.

972 1296 1111 1333 Namque
1136 1295 1166 1324 iu
1183 1296 1241 1324 ista
1259 1296 1395 1325 hortatur
1409 1306 1481 1325 suos
1498 1297 1618 1332 Orator,
1637 1298 1677 1337 (§.

970 1337 1017 1376 7.)
1040 1344 1071 1367 ut
1088 1338 1202 1367 auxilia
1223 1337 1352 1373 mittant,
1373 1349 1439 1377 quoe
1463 1339 1581 1377 possint
1604 1346 1679 1370 ΤΑΣ

971 1386 1107 1410 nomi:
1120 1382 1179 1415 τοῖς
1190 1379 1334 1414 Ὀλυνθίοις
1344 1382 1571 1416 summano&
1585 1381 1680 1422 Olyn-

970 1423 1019 1452 tho
1043 1423 1183 1460 subjectas
1204 1433 1326 1460 servare,
1346 1434 1420 1462 quas
1443 1434 1547 1454 omnes
1570 1425 1599 1454 in
1623 1435 1678 1464 po-

971 1471 1111 1496 testatem
1141 1476 1225 1495 suam
1252 1471 1322 1496 ante
1353 1467 1475 1505 redegit
1501 1467 1677 1506 Philippus,

971 1519 1059 1547 quam
1083 1508 1248 1548 Olynthum
1271 1509 1402 1539 obsedit.
1433 1509 1531 1549 (Vide
1552 1511 1677 1541 Leland.

974 1552 1009 1580 V.
1029 1551 1108 1581 Phil.
1125 1552 1197 1582 Vol.
1213 1553 1259 1581 II.
1276 1563 1305 1590 p.
1324 1553 1370 1590 9.)
1395 1552 1489 1588 Quid,
1505 1553 1585 1591 quod
1601 1554 1681 1583 dicit

970 1594 1000 1623 in
1014 1595 1118 1624 eadem
1131 1595 1266 1624 oratione
1282 1596 1404 1630 Noster,
1418 1596 1442 1634 ᾗ.
1455 1598 1484 1625 3.
1500 1596 1679 1634 Philippum

971 1636 1100 1666 libenter
1116 1648 1218 1676 pacem
1235 1639 1473 1675 compositurum
1497 1649 1562 1668 cum
1581 1640 1678 1677 Olyn-

970 1679 1066 1709 thiis?
1097 1690 1164 1718 quae
1180 1690 1242 1713 res,
1258 1685 1417 1719 postquam
1436 1681 1507 1709 urbs
1523 1682 1590 1719 ipsa
1617 1682 1677 1711 cir-

971 1722 1145 1753 cumvallari
1163 1723 1266 1762 eoepit,
1286 1733 1325 1752 ex
1349 1723 1479 1752 omnium
1491 1725 1554 1761 jam
1576 1734 1630 1762 spe
1646 1729 1679 1755 et

971 1765 1079 1794 animis
1106 1765 1285 1801 exciderat;
1322 1766 1471 1804 siquidem
1500 1767 1678 1805 Philippus,

970 1817 1036 1836 cum
1052 1810 1092 1836 40
1107 1807 1208 1836 studiis
1220 1808 1256 1836 ab
1276 1808 1346 1837 urbe
1361 1809 1493 1843 distaret,
1517 1810 1678 1840 manifesto

971 1851 1111 1880 edixerat
1128 1850 1294 1888 Olynthiis,
1309 1855 1363 1880 ant
1383 1852 1419 1880 iis
1443 1852 1602 1881 cedendum
1622 1862 1678 1882 esse

973 1892 1112 1932 Olyntho,
1128 1899 1179 1923 aut
1193 1893 1302 1923 sibimet
1319 1893 1503 1924 Macedonia.
1520 1895 1676 1926 Phil.111.

971 1937 1001 1965 3.
1047 1936 1092 1965 11.
1110 1937 1146 1966 ln
1163 1936 1217 1965 hac
1231 1937 1336 1965 eadem
1353 1946 1420 1975 quae
1446 1937 1596 1976 Dionysio
1617 1945 1680 1968 ter-

971 1978 1013 2008 tia
1038 1983 1095 2014 est,
1121 1979 1280 2014 concione,
1294 1979 1432 2017 pecnniae
1447 1980 1603 2010 theatralis
1623 1982 1677 2011 ad-

970 2021 1221 2051 ministrationem
1237 2021 1346 2051 leviter
1361 2026 1475 2051 tantum
1497 2024 1681 2062 perstringit

971 2065 1272 2103 Orator,pedernque
1281 2065 1382 2094 statim
1394 2066 1528 2095 retrahit:
1543 2063 1634 2100 7103».
1646 2066 1680 2097 ἂν

970 2118 1016 2140 τις
1027 2107 1108 2142 εἴποι,
1116 2108 1152 2136 σὺ
1163 2108 1276 2147 γξάφεις
1289 2106 1376 2136 ταῦτ’
1385 2106 1448 2136 εἶναι
1461 2110 1658 2148 arguam-rand
1670 2119 1680 2147 ;

971 2152 1018 2189 μὰ
1035 2148 1089 2184 Δί’,
1106 2150 1152 2179 οὐκ
1167 2149 1264 2188 ἔγωγε.
1281 2153 1320 2180 At
1335 2151 1422 2185 inea,
1440 2162 1528 2189 quam
1541 2153 1678 2182 secundo

971 2194 1038 2222 loeo
1053 2193 1149 2231 ponit,
1163 2194 1262 2222 eidem
1274 2193 1319 2222 rei
1337 2193 1432 2222 multo
1449 2199 1479 2223 et
1494 2194 1629 2233 apertius
1645 2199 1677 2225 et

971 2235 1088 2265 diutius
1103 2237 1220 2272 instat3
1248 2237 1327 2274 quod
1352 2240 1435 2265 notat
1461 2236 1491 2266 in
1511 2237 1593 2266 illius
1608 2247 1677 2266 ora-

971 2278 1065 2308 tionis
1091 2285 1269 2315 argumento
1294 2279 1452 2308 Libanius.
1481 2281 1549 2310 Jam
1574 2283 1677 2310 utrum

971 2331 1044 2352 vero
1058 2321 1187 2359 propius
1208 2331 1275 2350 esse
1292 2322 1423 2356 videtur,
1446 2321 1680 2361 ingravescente

969 2364 1107 2404 periculo
1119 2363 1231 2393 clarius
1243 2364 1393 2394 elocutum
1401 2365 1495 2394 fuisse
1503 2366 1677 2403 Oratorem3

970 2418 1005 2437 an
1021 2407 1117 2448 (quod
1131 2407 1232 2437 dicant
1244 2407 1372 2437 sortasse
1383 2407 1415 2442 ii,
1426 2408 1517 2446 quiin
1531 2408 1679 2447 Dionysii

969 2456 1073 2488 partes
1089 2450 1218 2489 abeunt)
1233 2451 1482 2486 Demosthenem,
1495 2461 1563 2479 cum
1575 2451 1678 2481 audax

969 2493 1046 2522 illud
1063 2493 1144 2531 quod
1166 2493 1195 2522 in
1211 2494 1302 2531 priori
1319 2493 1462 2523 concione
1490 2499 1677 2532 exposuerat

969 2535 1197 2570 oonsilinm‚vel
1207 2537 1244 2565 ab
1254 2540 1430 2565 accusatore
1439 2536 1538 2575 aliquo
1547 2537 1680 2575 petitum

971 2578 1101 2614 videret,
1119 2579 1166 2608 vel
1184 2579 1296 2618 populo
1313 2579 1512 2618 displicuisse
1527 2579 1678 2608 evidenti-

970 2621 1164 2651 busindiciis
1189 2622 1360 2660 colligeret,
1389 2621 1417 2650 in
1444 2622 1539 2651 alteru
1555 2623 1677 2652 demum

970 2664 1146 2694 submisisse
1158 2674 1189 2693 se
1206 2675 1241 2694 ac
1256 2665 1488 2703 tergiversatum
1504 2663 1588 2693 esse?
1609 2663 1679 2694 Hu-

965 2709 1016 2746 jus
1046 2707 1157 2737 etenim
1189 2708 1235 2736 rei
1257 2708 1335 2736 tides·
1352 2707 1418 2737 sola
1440 2707 1545 2736 nititur
1574 2708 1677 2745 conje-

969 2756 1076 2789 ctura3
1098 2760 1239 2788 sanaeque
1253 2750 1377 2779 critices
1387 2749 1505 2787 legibus
1517 2753 1679 2788 repugnat,

969 2798 1002 2823 ut
1023 2793 1204 2832 conjecturis
1217 2793 1304 2822 locus
1319 2793 1368 2828 sit,
1384 2803 1451 2831 quae
1465 2792 1590 2823 arbitrio
1602 2793 1677 2823 tiuut

970 2837 1006 2867 ad
1019 2837 1161 2867 tuendam
1174 2836 1356 2876 opinionem.
1390 2839 1510 2866 §rocs-
