1923 3149
667 181 734 227 IN⁴
756 189 1025 229 APHOBUM
1061 188 1111 226 11.
1544 188 1622 223 485

163 302 414 346 cognatorum
430 295 560 342 modo,
582 296 652 333 sed
670 297 784 334 etiam
804 296 1013 334 amicorum
1034 294 1190 344 inopum
1212 293 1311 331 filias
1333 294 1380 331 de
1403 306 1473 330 suo
1492 293 1621 330 eloca-

164 357 267 407 rint;
298 357 509 408 Aphobum
542 369 629 404 nec,
649 369 766 407 quam
787 357 941 408 accepit
972 355 1118 400 dotem,
1145 355 1243 392 velle
1265 355 1476 400 restituere,
1505 353 1622 403 idque

166 430 268 455 anno
288 416 454 457 decimo.

536 698 1269 754 DEMOSTHENIS

674 841 745 888 IN
783 840 1126 889 APHOBUM

569 973 851 1016 ORATIO
899 973 1259 1017 SECUNDA.

238 1100 271 1136 l.
293 1099 394 1138 CUM
417 1099 609 1150 Aphobus
628 1099 732 1151 apud
752 1112 821 1138 vos
845 1106 884 1137 et
905 1098 1027 1137 multa
1046 1106 1085 1138 et
1103 1112 1246 1151 magna
1266 1098 1469 1137 mendacia
1489 1097 1641 1144 dixerit,

178 1160 343 1211 primum
376 1160 415 1198 id
448 1160 622 1199 refellere
652 1162 835 1206 conabor,
855 1160 961 1210 quod
993 1160 1091 1198 inter
1125 1162 1209 1212 ejus
1243 1161 1349 1199 dicta
1373 1160 1643 1199 molestissime

178 1221 262 1259 tuli.
311 1220 422 1259 Dixit
434 1222 548 1269 enim,
567 1235 681 1260 avum
695 1234 821 1259 meum
839 1220 960 1259 fuisse
974 1221 1165 1267 aerarium,
1180 1228 1458 1273 proptereaque
1473 1220 1645 1258 noluisse

179 1289 328 1333 patrem
347 1295 458 1320 suam
477 1283 634 1321 domum
653 1282 835 1321 mercede
855 1281 989 1329 locari,
1009 1289 1052 1320 ut
1071 1296 1119 1320 ne
1145 1283 1183 1320 in
1205 1283 1418 1333 periculum
1435 1281 1653 1320 deveniret:

180 1343 239 1381 Ac
258 1350 448 1394 praetextu
476 1343 634 1394 quidem
653 1344 728 1381 hoc
756 1344 890 1382 utitur.
936 1344 1016 1381 Sed
1039 1357 1127 1382 eum
1157 1343 1335 1381 aerarium
1355 1342 1512 1389 obiisse,
1538 1342 1648 1380 nullo

180 1417 337 1455 prorsus
357 1404 581 1443 testimonio
598 1404 799 1456 probavit:
830 1418 953 1457 eaque
968 1405 1017 1443 de
1036 1418 1075 1444 re
1096 1405 1227 1443 dicere
1248 1404 1408 1450 distulit,
1432 1411 1647 1442 extremum

176 1465 312 1517 judicii
343 1466 444 1503 diem
465 1473 703 1517 aucupatus3
732 1472 847 1518 atque
877 1467 1005 1518 ipsum
1037 1466 1297 1505 testimonium
1319 1465 1370 1504 ad
1390 1464 1644 1516 posteriorem

184 1527 394 1566 orationem
414 1527 640 1574 reservavit,
655 1526 736 1566 fore
756 1541 918 1580 sperans
935 1535 979 1566 ut
997 1541 1065 1579 per
1085 1541 1173 1566 eam
1192 1540 1271 1565 rem
1294 1527 1556 1566 calumniandi
1577 1527 1649 1565 sibi

185 1588 342 1627 daretur
361 1589 531 1628 occasio.
588 1588 706 1632 Quod
726 1590 756 1628 si
775 1590 1035 1628 testimonium
1059 1589 1154 1627 illud
1176 1588 1325 1640 legerit,
1346 1589 1550 1640 diligenter
1568 1589 1652 1626 ani-

188 1650 415 1688 madvertite
435 1662 444 1688 :
474 1650 799 1688 invenietis-enim
819 1651 966 1690 dictum
982 1664 1070 1690 esse
1092 1664 1115 1689 a
1143 1651 1322 1697 testibus,
1342 1663 1431 1688 eum
1456 1663 1533 1688 non
1553 1662 1652 1694 esse,

189 1712 260 1751 sed
275 1712 395 1751 fuisse
416 1711 606 1750 aerarium.
650 1712 752 1750 Illud
780 1712 909 1764 igitur,
929 1726 1004 1764 quo
1025 1712 1265 1752 adversarius
1286 1712 1482 1763 praecipue
1507 1711 1653 1756 nititur,

189 1775 227 1812 in
241 1773 372 1825 primis
389 1772 554 1811 refutare
569 1773 762 1818 conabor;
793 1774 910 1826 idque
923 1774 970 1812 de
986 1787 1064 1825 quo
1082 1773 1181 1812 inter
1197 1785 1268 1811 nos
1284 1772 1407 1811 omnis
1425 1778 1486 1810 est
1501 1778 1654 1810 contro-

191 1836 330 1874 versia.
361 1835 478 1879 Quod
504 1834 536 1873 si
561 1842 643 1873 tum
657 1835 844 1883 licuisset,
859 1848 985 1886 neque
1005 1834 1187 1886 temporis
1210 1833 1397 1885 angustiis
1412 1845 1482 1884 per
1496 1832 1656 1870 insidias

193 1908 242 1934 ea
265 1909 305 1934 re
325 1896 472 1935 exclusi
493 1909 685 1942 essemus,
707 1898 867 1935 testibus
887 1897 1047 1948 planum
1075 1897 1304 1935 fecissemus
1324 1895 1530 1947 pecuniam
1553 1893 1657 1932 solu-

192 1964 272 1996 tam
292 1963 331 1995 et
359 1957 608 2008 reipubl.'per
634 1969 721 1994 eum
751 1956 799 1994 ab
833 1957 937 1994 omni
969 1964 1076 2008 parte
1105 1956 1199 1994 satis
1230 1969 1314 1995 esse
1343 1956 1514 1993 factum:
1553 1967 1657 1991 nunc

195 2017 344 2069 magnis
361 2017 601 2068 argumentis
617 2017 883 2064 ostendemus,
903 2031 992 2055 eum
1006 2030 1131 2068 neque
1150 2018 1328 2055 debuisse
1344 2017 1566 2067 quicquam,
1586 2028 1658 2053 nec

194 2079 316 2117 ullum
337 2078 550 2130 perleulum
568 2078 686 2125 fuisse
705 2077 818 2115 nobis
838 2078 869 2115 si
889 2078 1118 2129 patrimonio
1138 2078 1266 2129 palam
1286 2078 1511 2116 frueremur.

251 2143 289 2178 2.
313 2140 485 2178 Primum
499 2139 782 2186 Demochares,
797 2140 863 2190 qui
882 2146 1126 2177 materteram
1140 2152 1280 2186 meam,
1294 2139 1462 2190 Gylonis
1475 2137 1607 2184 filiam,
1620 2137 1658 2175 in

199 2201 450 2241 matrimonio.
463 2201 596 2248 habet,
613 2213 703 2238 suas
724 2213 818 2252 opes
837 2213 914 2238 non
931 2201 1128 2244 occultat;
1151 2200 1220 2238 sed
1237 2208 1275 2238 et
1288 2200 1474 2238 aedilitate
1487 2199 1660 2249 fungitur

199 2271 239 2303 et
258 2263 430 2302 triremes
452 2263 502 2301 ad
520 2263 667 2301 bellum
688 2262 845 2300 instruit
865 2269 905 2300 et
923 2261 1073 2312 reliqua
1097 2262 1228 2299 munia
1245 2262 1401 2313 publica
1419 2261 1512 2307 obit,
1534 2272 1661 2311 neque

200 2326 336 2364 harum
355 2337 482 2362 rerum
498 2324 704 2375 quicquam
724 2324 972 2375 pertimescit.
1004 2323 1157 2362 Deinde
1176 2323 1257 2374 ipse
1276 2331 1384 2374 pater
1399 2329 1479 2360 tum
1499 2321 1662 2372 reliquas

202 2400 311 2438 opes,
328 2393 410 2424 tum
432 2393 597 2437 quatuor
618 2386 764 2424 talenta
789 2399 877 2424 cum
902 2385 1023 2423 tribus
1053 2385 1220 2422 millibus
1241 2385 1509 2423 drachmarum
1535 2382 1662 2434 palam

203 2450 351 2497 habuit,
377 2463 465 2500 quae
493 2449 555 2487 isti
576 2456 616 2487 et
644 2450 682 2486 in
702 2455 932 2487 testamento
958 2448 1082 2486 fuisse
1109 2447 1318 2499 perscripta
1339 2454 1378 2486 et
1407 2460 1446 2485 se
1468 2446 1664 2497 accepisse

206 2511 348 2549 mutuis
367 2511 441 2561 ipsi
460 2511 688 2548 testimoniis
710 2524 795 2548 sese
815 2510 1082 2548 convicerunt.
1129 2510 1232 2552 Quin
1247 2509 1330 2560 ipse
1346 2509 1461 2546 etiam
1476 2507 1663 2559 Aphobus

206 2586 293 2611 cum
322 2572 478 2623 reliquis
500 2573 691 2610 tutoribus
718 2579 874 2622 quanta}
893 2585 986 2622 opes
1015 2572 1160 2610 relictae
1181 2577 1314 2608 essent
1342 2570 1494 2621 publice
1516 2568 1664 2618 profes-

208 2648 274 2673 sus
304 2639 375 2680 est,
401 2640 439 2671 et
469 2646 529 2670 me
554 2633 689 2671 classis
717 2633 857 2672 ducem
885 2633 1099 2678 constituit,
1126 2644 1212 2669 cum
1249 2644 1325 2669 non
1356 2642 1495 2681 parvus
1523 2641 1664 2666 census

209 2702 403 2747 ageretur,
426 2694 495 2732 sed
522 2700 667 2739 tantus,
698 2701 754 2741 ut,
783 2695 831 2732 de
851 2694 977 2745 quinis
997 2701 1036 2731 et
1053 2693 1187 2731 vicinis
1209 2692 1334 2737 minis,
1355 2691 1558 2741 quingenae
1580 2689 1665 2726 dra-

207 2758 334 2796 ehmae
350 2755 621 2807 penderentur.
678 2755 731 2792 At
750 2755 782 2792 si
801 2756 895 2806 quid
912 2756 1069 2792 istorum
1086 2767 1219 2792 verum
1238 2753 1390 2796 fuisset,
1417 2752 1551 2788 horum
1574 2749 1665 2786 nihil

211 2818 382 2863 fecisset,
401 2815 469 2854 sed
488 2816 574 2853 haec
594 2815 723 2852 omnia
742 2816 919 2854 cavisset.
945 2816 1034 2853 Jam
1048 2827 1138 2852 vero
1159 2819 1311 2851 constat
1329 2818 1368 2850 et
1389 2810 1668 2848 Democharem

214 2887 253 2917 et
271 2884 468 2930 parentem
499 2885 539 2916 et
567 2877 662 2916 istos
682 2877 786 2928 ipsos
805 2878 945 2923 omnia,
966 2877 1048 2915 sine
1081 2875 1195 2913 ullius
1222 2873 1382 2925 periculi
1406 2880 1521 2918 metu,
1542 2871 1669 2923 palam

216 2940 409 2980 habuisse.
