1923 3149
491 344 788 392 LITERAE
839 342 1196 390 PHILIPPI.

151 484 449 526 raimerus
482 486 723 525 SENATm
753 484 1090 528 POPULOQUE
1122 464 1545 520 ATHESTIENSIUM

783 571 824 610 s,
855 572 906 610 D.

176 689 211 728 1.
241 688 343 727 CUM
363 702 465 740 saepe
485 689 636 740 legatos
669 701 715 727 ea
734 689 783 727 de
799 701 918 727 causa
937 688 1118 733 miserim,
1139 695 1183 726 ut
1200 687 1323 739 pactis
1343 693 1382 724 et
1402 698 1569 724 conven-

114 750 164 789 tis
185 757 384 798 staremus,
407 752 522 802 idque
542 764 610 790 vos
631 751 724 789 nihil
744 751 918 798 moverit,
931 750 1226 802 significandum
1241 750 1348 788 vobis
1363 762 1446 787 esse
1465 747 1571 794 duxi,

114 813 253 863 quibus
274 812 313 850 in
341 814 456 851 rebus
485 813 662 864 injuriam
691 812 781 850 mihi
810 813 891 851 fieri
913 813 1140 851 existimem.
1198 811 1260 850 Ne
1279 824 1368 849 vero
1386 809 1572 848 miremini

108 874 286 925 epistolae
305 875 584 925 prolixitatem:
615 875 705 924 quia
724 875 826 913 enim
852 866 982 912 multae
1015 873 1277 925 conquerendi
1305 886 1435 911 causae
1466 878 1571 918 sunt,

112 948 274 974 necesse
290 942 348 973 est
365 949 496 974 omnes
515 937 715 987 perspicue
736 936 932 988 explicari.

166 999 204 1036 2.
234 997 292 1035 Ac
310 997 486 1049 primum,
515 997 627 1035 Nicia
645 997 900 1036 caduceatore
916 1010 937 1034 e
956 1010 1042 1035 mea
1060 996 1203 1035 ditione
1229 997 1403 1047 abrepto,
1422 1008 1569 1046 nequa-

112 1072 229 1110 quam
247 1072 316 1097 vos
341 1059 513 1098 sontibus
538 1073 690 1110 poenam
711 1072 866 1110 gravem
886 1058 1090 1105 inflixistis,
1111 1059 1180 1096 sed
1200 1072 1288 1096 eum
1308 1058 1373 1108 qui
1392 1057 1570 1109 injuriam

111 1126 315 1171 acceperat
334 1133 490 1158 carcere
506 1121 641 1158 decem
657 1121 853 1158 mensibus
874 1120 1092 1158 detinuistis
1109 1134 1118 1164 ;
1149 1121 1242 1171 quin
1260 1127 1299 1158 et
1317 1120 1447 1157 literas
1472 1131 1570 1169 quas

108 1180 143 1219 ei
163 1181 345 1219 dederam
360 1181 621 1233 perferendas,
642 1195 712 1232 pro
727 1182 914 1220 concione
930 1182 1141 1220 recitastis:
1173 1182 1315 1219 deinde
1334 1194 1424 1219 cum
1438 1180 1570 1217 Thasii

106 1242 381 1294 Byzantiorum
400 1243 570 1280 triremes
585 1250 624 1280 et
637 1243 780 1293 piratas
801 1243 996 1294 quoslibet
1014 1250 1127 1294 portu
1145 1244 1396 1294 recepissent,
1417 1241 1509 1278 nihil
1528 1241 1568 1279 id

104 1304 213 1342 vobis
232 1318 334 1343 curae
360 1304 447 1349 fuit,
470 1317 691 1355 quanquam
711 1312 841 1355 aperte
871 1305 910 1342 in
942 1304 1086 1343 foedere
1108 1305 1295 1356 scriptum
1325 1304 1387 1350 sit,
1408 1317 1477 1354 pro
1498 1303 1568 1341 ho-

107 1366 230 1405 stibus
251 1379 337 1404 esse
355 1365 573 1413 habendos,
592 1366 813 1417 quicunque
833 1365 870 1403 id
892 1366 1051 1404 faciant.
1093 1367 1246 1404 Rursus
1267 1365 1451 1417 peridem
1470 1372 1568 1403 tem-

103 1441 177 1480 pus
198 1427 418 1479 Diopithes,
448 1428 552 1466 facta
582 1427 623 1465 in
655 1429 853 1479 regionem
886 1441 1013 1466 meam
1045 1428 1310 1479 impressione,
1343 1440 1421 1464 non
1453 1426 1569 1465 modo

108 1489 304 1540 Crobylen
328 1495 367 1527 et
383 1489 596 1536 Tiristasin,
617 1490 763 1528 civibus
783 1489 822 1526 in
844 1490 1066 1527 servitutem
1086 1489 1274 1536 abductis,
1288 1489 1466 1540 diripuit3
1498 1488 1568 1527 sed

104 1557 145 1589 et
164 1551 363 1590 finitimam
396 1551 601 1589 Thraciam
620 1551 829 1603 populatus
861 1559 945 1595 est;
976 1565 1098 1602 eoque
1118 1552 1276 1590 tandem
1297 1551 1480 1601 nequitiae
1501 1550 1571 1588 de-

104 1613 221 1659 venit,
240 1619 284 1650 ut
302 1612 597 1663 Amphilochum
619 1613 685 1664 qui
704 1613 754 1651 de
782 1614 943 1664 captivis
971 1613 1202 1652 redimendis
1230 1613 1383 1663 legatus
1410 1619 1571 1651 venerat

107 1674 440 1725 comprehensum,
465 1681 504 1713 et
522 1676 561 1712 in
580 1682 792 1721 extremam
823 1674 1097 1713 necessitatem
1131 1675 1355 1721 adductum,
1384 1688 1463 1713 non
1493 1674 1568 1712 nisi

103 1748 242 1773 novem
260 1736 414 1774 talentis
433 1737 592 1775 extortis
612 1737 809 1775 dimiserit.
868 1737 920 1774 Et
939 1736 1023 1775 haec
1043 1737 1187 1788 populo
1207 1738 1445 1788 approbante
1465 1736 1567 1775 fecit.

103 1797 225 1848 Atqui
245 1810 334 1835 cum
353 1798 502 1835 eaeteris
531 1798 709 1836 omnibus
736 1811 955 1849 praeconem
988 1805 1026 1836 et
1050 1799 1199 1849 legatos
1231 1798 1373 1836 violare
1405 1798 1566 1848 impium

104 1858 268 1905 videtur,
289 1867 370 1896 tum
405 1859 510 1897 vobis
538 1860 577 1896 in
609 1860 754 1910 primis.
813 1860 943 1906 Certe,
963 1873 1052 1898 cum
1071 1861 1325 1910 Megarenses
1348 1860 1568 1897 Anthemo-

100 1920 238 1957 critum
257 1920 515 1966 sustulissent,
533 1927 642 1959 tanta
660 1921 861 1959 iracundia
878 1923 1045 1973 populus
1066 1923 1219 1968 exarsit,
1238 1928 1281 1959 ut
1294 1934 1361 1959 eos
1376 1922 1567 1973 mysteriis

101 1981 340 2032 prohiberet;
371 1988 410 2019 et
422 1982 460 2019 in
480 1990 772 2021 monumentum
787 1983 933 2035 injuriae
948 1990 1114 2021 statuam
1128 1991 1218 2021 ante
1236 1990 1367 2034 portas
1386 1984 1564 2034 erigeret.

105 2043 185 2080 Cur
198 2042 310 2092 igitur
329 2055 405 2080 non
427 2045 695 2094 gravissimum
715 2045 777 2091 sit,
795 2058 863 2083 vos
884 2045 987 2096 ipsos
1007 2058 1111 2083 nunc
1130 2058 1178 2083 ea
1195 2045 1337 2093 facere,
1353 2058 1441 2096 quae
1459 2046 1565 2083 facta

101 2105 150 2142 ab
172 2103 254 2141 aliis
273 2109 351 2140 tam
370 2103 510 2154 iniquis
530 2105 666 2143 animis
685 2106 856 2144 tulistis?

156 2167 193 2202 3.
225 2165 429 2209 Praeterea,
451 2166 595 2204 Callias
616 2174 742 2204 vester
771 2167 977 2218 imperator
996 2169 1109 2206 urbes
1137 2168 1175 2205 in
1209 2168 1295 2205 sinu
1326 2167 1563 2218 Pagasitano

103 2228 196 2266 sitas
223 2227 419 2264 universas
453 2228 568 2278 cepit,
588 2228 695 2266 vobis
715 2228 869 2274 foedere,
889 2229 982 2266 mihi
1010 2230 1194 2267 societate
1214 2230 1463 2280 conjunctas3
1495 2230 1561 2281 qui

98 2302 189 2328 vero
209 2290 247 2327 in
269 2289 540 2328 Macedoniam
560 2291 808 2341 navigabant,
834 2303 901 2328 eos
928 2303 1060 2327 omnes
1079 2291 1249 2328 hostium
1268 2291 1353 2329 loco
1370 2290 1508 2328 habuit
1523 2298 1562 2329 et

100 2351 272 2390 vendidit
286 2366 296 2396 ;
327 2358 367 2390 et
393 2358 549 2403 propter
580 2351 665 2390 haec
698 2352 870 2390 facinora
895 2365 964 2390 vos
984 2365 1073 2390 eum
1093 2353 1256 2404 publicis
1276 2353 1478 2404 praeconiis
1498 2366 1561 2391 or-

99 2412 220 2451 nastis
237 2426 246 2451 ε
277 2427 395 2464 quare
415 2413 528 2452 valde
549 2414 697 2459 dubito,
720 2414 812 2464 quid
832 2413 890 2451 his
909 2428 978 2465 per
997 2427 1064 2453 vos
1084 2414 1198 2466 adjici
1216 2420 1362 2465 posset,
1381 2415 1412 2452 si
1432 2415 1562 2465 palam

101 2486 252 2511 mecum
277 2475 420 2513 bellum
452 2475 657 2526 gereretis3
689 2489 779 2512 nam
811 2489 899 2513 cum
930 2475 1037 2514 haud
1070 2476 1220 2514 occulte
1253 2476 1559 2522 dissentiremus,

97 2534 301 2585 praedones
316 2535 560 2582 emittebatiS,
580 2550 645 2575 eos
667 2538 731 2587 qui
750 2537 799 2574 ad
818 2551 888 2574 nos
908 2538 1143 2589 navigabant
1160 2538 1401 2589 vendebaffls,
1422 2538 1561 2576 adver-

99 2597 220 2635 sarios
238 2603 389 2635 nostros
402 2597 609 2648 juvabatis,
624 2612 786 2650 regnum
802 2612 930 2636 meum
950 2598 1207 2639 infestabatis.
1264 2599 1326 2637 Ad
1347 2613 1433 2638 eam
1448 2600 1557 2636 deni-

98 2670 175 2709 que
195 2658 435 2709 iniquitatem
456 2666 495 2697 et
522 2659 663 2698 hostile
684 2660 814 2698 odium
836 2660 1031 2711 progressi
1051 2661 1158 2706 estis,
1190 2667 1234 2698 ut
1263 2660 1377 2698 etiam
1411 2660 1556 2704 Persae,

97 2720 226 2758 missis
246 2721 397 2771 legatis,
416 2722 647 2771 persuadere
667 2721 904 2767 studueritis,
936 2730 980 2760 ut
1004 2722 1097 2760 mihi
1126 2723 1273 2760 bellum
1305 2722 1484 2764 inferret;
1516 2721 1556 2759 id

99 2782 205 2831 quod
235 2782 399 2820 maxime
433 2782 554 2833 quivis
585 2783 813 2821 demiretur:
859 2790 1064 2834 antequam
1097 2784 1196 2822 enim
1224 2784 1252 2821 is
1279 2783 1489 2834 AEgyptum
1517 2789 1558 2821 et

100 2842 339 2882 Phoeniciam
359 2844 535 2895 cepisset,
550 2844 819 2891 decreveratis,
834 2852 877 2883 ut
892 2845 923 2883 si
938 2846 1043 2896 quod
1056 2859 1162 2885 novae
1185 2845 1238 2882 rei
1250 2844 1457 2891 moliretur,
1476 2857 1556 2883 non

98 2906 222 2944 minus
242 2920 329 2958 ego,
348 2920 466 2957 quarn
486 2908 611 2945 caeteri
643 2906 767 2945 Graeci
800 2921 946 2954 omnes,
981 2908 1165 2946 adversus
1193 2919 1280 2943 eum
1312 2918 1553 2947 accerserer;

816 2991 840 3017 Q
