1923 3149
323 216 398 253 384
692 200 915 252 CONTRA
949 201 1392 254 AarsroanTEMi
1417 264 1419 266 ¹

316 317 349 354 ei
370 315 588 362 accidisset,
610 316 833 355 necessariis
855 313 935 368 ejus
955 317 1229 355 calumniarum
1252 330 1364 355 ansas
1386 316 1654 368 suppeditavit.
1695 314 1758 352 Sic

317 384 443 415 autem
477 377 729 416 considerate.
783 377 895 415 Scitis
921 378 994 415 hoe
1016 378 1190 415 nimirum
1213 391 1358 422 omnes,
1384 378 1420 414 in
1445 379 1664 427 Areopago,
1694 377 1760 413 ubi

318 437 378 475 lex
400 438 446 476 de
467 439 573 476 caede
594 439 732 488 agendi
752 446 790 475 et
810 445 1038 488 potestaten]
1057 444 1094 474 et
1115 439 1335 476 mandatum
1357 439 1435 481 dat,
1457 439 1617 487 primum
1633 437 1759 487 jusju-

315 499 476 536 randum
497 498 599 544 dare,
628 506 668 536 et
697 499 850 537 exitium
872 498 917 543 (si
948 498 1218 545 calumnietur)
1247 506 1326 535 tum
1349 498 1508 548 sibiipsi,
1533 505 1611 533 turn
1641 497 1760 547 genti,

316 565 395 595 tum
417 559 569 596 familiae
589 572 667 596 suae
687 559 883 609 imprecari
907 559 1055 609 cogitur
1074 559 1120 603 is,
1139 559 1201 607 qui
1223 559 1387 608 aliquem
1407 557 1492 595 talis
1514 556 1674 607 alicujus
1703 557 1759 594 fa-

317 620 453 657 cinoris
481 620 712 657 criminatur.
761 619 911 657 Deinde
931 632 1007 656 non
1026 620 1182 668 vulgare
1203 619 1355 668 aliquod
1377 618 1642 669 jusjurandum
1668 617 1761 655 dare

316 680 479 730 cogitur,
499 680 567 718 sed
588 681 701 730 quale
721 692 833 717 nenio
854 679 890 716 in
912 680 990 718 ulla
1016 693 1055 717 re
1084 681 1158 717 alia
1171 681 1289 731 jurat,
1317 680 1498 718 insistens
1529 680 1761 718 consecratis

315 741 494 783 carnibus
515 739 608 790 apri,
628 739 770 785 arietis,
792 746 830 777 et
846 740 941 777 tauri
961 753 970 777 :
1002 739 1135 791 hisque
1151 740 1342 786 mactatis,
1359 748 1437 777 tum
1456 753 1478 777 a
1492 740 1629 789 quibus
1647 752 1762 790 opor-

315 807 384 846 tet,
405 807 484 838 tum
511 801 555 838 iis
576 800 709 837 diebus
735 799 871 849 quibus
894 801 1082 837 convenit·
1123 800 1176 837 Ut
1196 813 1241 837 ca
1259 814 1346 850 quoe
1365 807 1403 837 et
1423 800 1546 850 spatio
1567 799 1761 850 temporis,

317 867 359 898 et
388 874 511 897 rerum
533 874 620 911 quae
641 859 870 897 adhibentur
890 860 1135 905 solennitate,
1154 861 1285 910 perfici
1299 860 1362 910 jus
1383 860 1516 909 fasque
1543 866 1614 904 est,
1635 859 1762 896 onmia

316 928 556 973 praestentur.
591 922 821 971 Quanquam
842 928 969 958 autem
990 934 1030 958 se
1047 921 1110 957 tali
1127 928 1367 958 sacramento
1384 921 1574 969 obligarit,
1589 920 1760 956 nondum

314 988 442 1020 tamen
460 982 621 1019 habetur
649 982 682 1019 ei
701 982 811 1026 fides,
831 981 898 1018 sed
921 981 950 1018 si
971 980 1157 1017 mendacii
1178 981 1375 1018 convictus
1395 980 1520 1024 fuerit,
1547 979 1638 1016 nihil
1657 979 1761 1016 aliud

315 1042 575 1092 consequitur,
595 1042 670 1079 nisi.
688 1048 729 1079 ut
748 1041 886 1078 liberos
908 1046 997 1078 suos
1020 1048 1059 1078 et
1087 1054 1236 1078 omnem
1257 1040 1437 1077 familiam
1459 1039 1603 1077 nefario
1628 1045 1667 1076 et
1685 1038 1762 1076 exi-

315 1103 413 1140 tioso
433 1102 584 1153 perjurii
609 1102 753 1139 scelere
773 1101 1062 1138 contaminarit:
1091 1101 1147 1138 sin
1163 1101 1250 1151 jure
1277 1113 1480 1137 accusasse
1510 1100 1695 1143 videatur,
1725 1105 1764 1136 et

314 1176 421 1201 reum
443 1162 561 1200 caedis
581 1169 810 1213 perpetratae
829 1161 1050 1206 convicerit,
1070 1173 1118 1198 ne
1139 1161 1192 1198 sic
1213 1160 1366 1210 quidem
1387 1161 1609 1197 damnatum
1634 1159 1671 1196 in
1693 1172 1763 1196 sua

319 1230 511 1274 potestate
541 1223 668 1261 habet.
724 1223 802 1260 Sed
836 1222 1034 1272 infligendi
1055 1222 1229 1272 supplicii
1251 1222 1316 1272 jus
1346 1227 1385 1258 et
1412 1221 1616 1259 auctoritas
1645 1233 1763 1271 penes

316 1285 424 1335 leges
445 1291 516 1329 est,
535 1290 574 1321 et
588 1297 653 1321 eos
673 1283 810 1334 quibus
831 1283 1026 1321 exsecutio
1047 1283 1245 1320 sententia:
1265 1289 1325 1320 est
1342 1282 1546 1320 mandata:
1576 1281 1761 1319 interesse

317 1345 540 1396 spectaculo
561 1344 748 1395 supplicii,
781 1343 885 1393 quod
906 1343 1129 1380 damnatum
1156 1356 1203 1380 ex
1228 1342 1313 1393 lege
1338 1342 1522 1392 sequitur,
1548 1342 1762 1380 accusatori

315 1406 430 1448 licet3
461 1417 532 1442 nec
550 1412 687 1454 praeter
707 1404 744 1441 id
765 1404 870 1441 aliud
889 1403 1108 1454 quicquam.
1148 1403 1198 1440 Et
1215 1403 1299 1440 haec,
1315 1410 1405 1440 sunt
1422 1416 1507 1452 quae
1527 1403 1576 1440 ad
1603 1415 1762 1440 accusa-

317 1473 437 1504 torem
459 1465 697 1516 pertineant;
736 1478 823 1502 reus
846 1470 974 1501 autern
1002 1464 1205 1501 calumniae
1225 1462 1496 1514 jusjurandum
1529 1463 1596 1499 dat
1623 1462 1761 1499 eodem

317 1526 445 1570 modo,
474 1531 513 1562 et
531 1525 634 1570 licet,
657 1531 697 1561 ut
714 1525 884 1562 oratione
903 1524 1026 1574 priore
1047 1524 1132 1560 loco
1156 1523 1276 1569 dicta,
1301 1523 1417 1560 cedat
1445 1535 1465 1560 e
1492 1522 1631 1569 medio,
1660 1523 1761 1559 salu-

318 1587 424 1636 tique
445 1599 525 1622 suae
553 1585 744 1622 consulat.
792 1584 907 1626 Quod
941 1596 1015 1621 nec
1044 1590 1260 1627 accusator,
1290 1595 1414 1632 neque
1437 1582 1606 1632 judices,
1636 1596 1763 1633 neque

318 1646 477 1684 aliorum
496 1645 692 1682 hominum
711 1646 908 1695 quisquam
929 1644 1129 1694 prohibere
1151 1650 1291 1694 potest.
1341 1643 1419 1679 Cur
1448 1643 1615 1688 tandem,
1640 1643 1764 1680 Athe-

321 1707 486 1750 nienses,
507 1705 591 1742 haec
613 1705 669 1742 sic
689 1703 1034 1742 administrantur?
1063 1704 1163 1747 Quia
1191 1704 1254 1754 qui
1274 1704 1358 1740 haec
1385 1703 1558 1740 instituta
1576 1704 1685 1754 primi
1709 1703 1763 1742 sic

319 1767 556 1811 ordinarunt,
581 1765 798 1815 quicunque
820 1765 872 1802 illi
890 1765 1044 1809 fuerint,
1060 1765 1139 1802 sive
1158 1765 1305 1809 heroes,
1327 1764 1404 1801 sive
1421 1764 1486 1810 dii,
1509 1758 1582 1801 non
1604 1764 1764 1802 insulta-

321 1834 411 1864 runt
449 1826 612 1864 fortuitis
650 1826 824 1863 casibus:
863 1825 930 1863 sed
963 1825 1190 1868 humaniter,
1223 1824 1349 1875 quoad
1387 1825 1467 1875 ejus
1496 1824 1654 1862 honeste
1684 1825 1764 1862 fieri

319 1888 455 1939 potuit,
474 1886 722 1924 sublevarunt
741 1886 991 1924 calamitates.
1038 1885 1156 1935 Atqui
1179 1885 1263 1923 haec
1283 1886 1410 1922 omnia
1428 1892 1505 1922 tam
1525 1885 1705 1934 praeclare
1726 1892 1765 1922 et

321 1956 453 1986 sancte
473 1948 695 1992 constituta,
717 1947 825 1984 istius
847 1947 989 1984 decreti
1010 1947 1230 1995 scriptorem
1250 1946 1408 1983 violasse
1429 1952 1595 1990 constat,
1617 1958 1703 1983 cum
1725 1945 1763 1983 in

319 2022 366 2047 eo
387 2021 458 2045 nee
480 2020 555 2045 una
574 2007 634 2044 vel
655 2007 811 2044 minima
830 2007 959 2044 talium
980 2006 1240 2044 conditionum
1262 2007 1517 2043 contineatur.

377 2070 437 2106 16.
469 2069 529 2105 Ac
549 2068 709 2118 primum
731 2074 865 2105 contra
885 2080 1001 2104 tinum
1022 2067 1094 2104 hoc
1120 2066 1323 2117 judicium,
1344 2073 1383 2103 et
1402 2074 1536 2103 contra
1557 2066 1661 2116 leges
1682 2073 1762 2104 tum

319 2129 494 2179 scriptas,
509 2135 588 2165 turn
606 2140 680 2164 uon
697 2128 837 2178 scripta
853 2128 1038 2170 instituta,
1052 2127 1248 2164 decretum
1265 2127 1338 2164 hoe
1357 2126 1496 2163 factum
1513 2133 1581 2163 est.
1611 2127 1764 2165 Deinde

315 2190 503 2241 judicium
532 2188 637 2225 aliud
663 2188 712 2225 de
738 2188 907 2225 eaedibus
935 2187 1097 2225 fortuitis
1119 2187 1368 2237 pronunciare
1400 2187 1565 2230 solitum,
1592 2187 1687 2224 illud
1715 2189 1765 2225 ad

322 2250 537 2288 Palladium
554 2249 723 2299 inquam,
742 2255 781 2285 et
799 2249 905 2298 leges
921 2249 969 2285 ibi
986 2256 1160 2298 receptas
1177 2248 1389 2285 confundit.
1426 2248 1525 2285 Nam
1544 2248 1592 2285 ibi
1613 2262 1764 2300 quoque

319 2311 503 2347 usitatum
523 2316 583 2346 est
598 2309 635 2345 in
656 2309 783 2359 primis
799 2310 1000 2346 calumnire
1010 2309 1291 2359 jusjurandum,
1313 2321 1399 2346 mox
1419 2309 1551 2352 oratio,
1574 2317 1765 2359 postremo

321 2371 491 2420 cognitio
504 2369 698 2420 judicum;
736 2382 896 2419 quorum
918 2371 955 2406 in
975 2370 1084 2407 istius
1104 2370 1258 2407 decreto
1286 2369 1377 2406 nihil
1397 2376 1470 2406 est.
1497 2368 1562 2405 Sin
1585 2371 1670 2418 quis
1695 2370 1763 2408 da-

322 2437 488 2475 mnatur,
504 2437 543 2467 et
556 2430 794 2467 commisisse
812 2431 959 2468 facinus
973 2431 1137 2475 videtur,
1154 2443 1276 2480 neque
1292 2435 1507 2472 accusator,
1528 2443 1650 2479 neque
1663 2431 1764 2480 quis-

324 2502 438 2540 quam
467 2490 576 2534 alius,
606 2489 643 2525 in
675 2490 931 2527 facinorosum
958 2491 1021 2540 jus
1050 2491 1179 2535 habet,
1212 2490 1282 2527 nisi
1310 2490 1385 2526 lex.
1428 2489 1531 2532 Quid
1561 2489 1674 2540 igitur
1706 2491 1765 2529 lex

317 2550 429 2601 jubet
448 2549 612 2586 fortuitae
630 2550 747 2587 caedis
764 2550 1013 2587 damnatum?
1044 2550 1104 2586 Ad
1121 2558 1266 2587 certum
1287 2556 1438 2599 tempus
1459 2556 1565 2587 certo
1586 2551 1764 2601 quopiam

322 2609 522 2648 intervallo
549 2610 685 2646 abesse
706 2617 745 2646 ct
764 2611 956 2659 exsulare,
974 2611 1067 2647 dum
1089 2610 1252 2658 aliquem
1274 2622 1295 2646 e
1323 2610 1509 2660 perempti
1537 2610 1676 2648 familia
1697 2624 1762 2649 ex-

323 2671 457 2708 orarit:
488 2676 569 2707 tum
589 2683 675 2706 vero
697 2670 818 2707 redire
849 2671 1055 2714 concessit,
1078 2677 1180 2707 certo
1201 2671 1366 2720 quodam
1388 2671 1473 2715 ritu,
1499 2684 1575 2707 non
1595 2670 1763 2716 fortuito,

323 2737 391 2768 aut
409 2737 563 2768 temere.
611 2729 688 2766 Sed
709 2737 745 2766 et
763 2742 839 2767 rem
859 2731 1024 2767 divinam
1045 2731 1182 2775 facere,
1204 2737 1242 2767 et
1260 2731 1418 2781 expiari,
1437 2737 1477 2767 et
1495 2730 1569 2768 alia
1587 2731 1763 2780 quaedam

322 2791 456 2828 ordine
484 2802 528 2828 ac
559 2789 762 2839 diligenter
791 2791 951 2835 sancita,
980 2798 1161 2840 proestare
1185 2790 1302 2840 jussit
1330 2791 1404 2828 lex.
1458 2790 1579 2828 Recte
1607 2790 1762 2839 quidem

325 2851 592 2895 Athenienses,
612 2851 695 2888 hoec
714 2851 853 2888 omnia.
910 2851 1008 2888 Nam
1035 2851 1137 2901 quod
1160 2857 1199 2888 ct
1218 2864 1341 2888 rerum
1362 2864 1437 2888 non
1466 2851 1763 2890 voluntariarum

324 2912 446 2951 minor
464 2925 590 2964 poena,
611 2924 724 2962 quam
746 2911 794 2949 de
813 2911 997 2951 industria
1009 2912 1308 2959 commissarum,
1328 2912 1508 2955 sancitur,
1521 2911 1667 2961 justum
1683 2918 1762 2951 est:
