1923 3149
300 87 349 124 10
756 83 1071 122 PHILIPPICA
1100 82 1290 121 PRIMA.

296 189 373 227 Sed
400 189 486 237 hoc,
517 188 789 234 Athenienses,
810 189 994 240 praeclare
1026 189 1088 227 ille
1120 189 1238 233 novit,
1268 187 1353 224 haec
1385 184 1471 223 loca
1505 181 1632 222 omnia
1658 191 1743 218 esse

295 251 384 288 belli
404 251 572 301 praemia,
587 251 624 288 in
645 250 770 288 medio
784 251 930 301 posita;
962 257 1135 288 naturam
1157 249 1271 287 etiam
1291 248 1342 284 ita
1361 247 1471 290 ferre,
1484 251 1526 281 ut
1544 241 1743 294 praesenti-

295 312 366 348 bus
392 312 533 350 cedant
556 325 642 362 quae
661 320 750 350 sunt
771 313 1001 358 absentium,
1028 319 1068 349 et
1091 310 1306 349 volentibus
1332 308 1481 345 labores
1506 318 1551 343 ac
1572 301 1746 355 pericula

294 372 412 419 adire,
433 386 519 423 quae
539 380 630 412 sunt
648 373 936 424 negligentium.
993 372 1078 409 Hac
1107 371 1170 409 ille
1192 369 1381 408 sententia
1399 380 1492 405 usus
1508 366 1635 404 omnia
1653 365 1744 403 sub-

294 433 373 484 egit
389 441 427 472 et
450 442 568 479 tenet,
596 434 670 472 alia
699 442 743 472 ut
770 441 883 485 capta
901 434 985 484 quis
1008 432 1194 481 bellijure
1220 437 1361 475 teneat,
1393 429 1468 466 alia
1497 426 1745 464 societatibus

294 501 412 546 atque
444 496 618 534 amicitiis
641 496 710 534 sibi
736 494 981 533 devinciens:
1022 494 1161 531 etenim
1196 505 1283 529 cum
1310 491 1368 528 his
1393 490 1612 528 societatem
1639 486 1746 531 inire,

292 564 410 608 atque
429 556 485 596 his
502 557 710 605 adhaerere,
726 557 862 595 volunt
879 568 1026 602 omnes,
1044 567 1139 605 quos
1167 553 1373 591 instructos
1391 564 1476 590 esse
1496 550 1628 589 vident
1647 554 1686 585 et
1700 559 1747 584 ea.

295 631 383 669 quae
402 626 552 670 oportet
567 632 679 669 agere
698 625 864 670 parato-S.

346 683 385 717 4.
416 680 456 718 Si
483 681 598 731 igitur
611 693 679 718 vos
705 681 832 725 etiam,
852 677 1118 724 Athenienses,
1133 677 1208 714 hoc
1235 674 1360 714 animo
1381 686 1462 712 esse
1482 685 1584 711 nunc
1604 670 1744 714 velitis,

293 741 451 792 quando
470 741 627 791 quidem
647 740 753 791 prius
780 739 1023 790 nonsuisti55
1052 746 1089 776 et
1120 737 1381 787 unusquisque
1400 742 1583 780 vestrum,
1607 732 1745 783 quibus

294 804 335 840 in
355 803 467 840 rebus
482 802 598 839 debet
616 808 654 838 et
672 807 801 851 potest
821 799 1040 850 reipublicae
1060 812 1100 837 se
1121 798 1253 836 utilem
1269 804 1465 847 praestare,
1486 795 1588 832 omni
1607 793 1749 831 omissa

295 862 613 908 dissimulatione,
629 861 764 911 aliquid
782 873 920 898 navare
941 861 991 898 sit
1004 866 1159 910 paratus
1173 873 1182 903 ;
1205 859 1382 903 nimirum,
1396 857 1461 907 qui
1476 855 1579 893 dives
1591 861 1664 898 est,
1680 852 1748 891 tri-

294 926 389 964 buta
406 924 592 968 conferre,
605 924 668 972 qui
686 934 775 959 vero
789 921 827 958 in
844 928 959 959 aetate
979 928 1039 958 est
1054 919 1156 957 bello
1169 926 1271 970 apta,
1285 918 1446 956 militare
1461 916 1690 965 ;—denique
1707 918 1750 950 ut

295 1000 374 1024 uno
390 987 503 1023 verbo
518 983 809 1034 simpliciterque
825 983 963 1028 dicam,
978 983 1008 1019 si
1021 981 1137 1019 vestri
1155 987 1352 1031 compotes
1367 978 1436 1029 ipsi
1448 977 1527 1016 fieri
1539 975 1748 1021 volueritis,

296 1054 338 1086 et
356 1046 537 1084 desieritis
558 1044 718 1094 quisque
737 1045 920 1088 vestrum,
939 1057 979 1081 se
998 1042 1152 1092 quidem
1171 1041 1264 1078 nihil
1277 1041 1465 1077 facturum
1479 1051 1566 1076 esse
1583 1049 1749 1087 sperare,

297 1108 413 1146 alium
431 1119 520 1144 vero
540 1119 607 1156 pro
628 1119 669 1143 se
689 1105 817 1142 omnia
842 1102 1124 1154 praestiturum:
1157 1109 1239 1140 tum
1260 1108 1298 1139 et
1317 1114 1364 1138 ea
1383 1112 1470 1151 quae
1489 1105 1616 1136 vestra
1644 1103 1749 1141 sunt,

297 1169 371 1207 deo
390 1169 553 1212 volente,
573 1165 800 1217 percipietis,
824 1172 863 1202 et
891 1164 1030 1202 amissa
1057 1177 1124 1214 per
1155 1162 1371 1200 socordiam
1404 1159 1690 1211 recuperabitis,
1709 1165 1749 1195 et

298 1231 405 1268 illum
422 1227 668 1266 ulciscemini.
707 1225 840 1276 Neque
855 1226 953 1263 enim
973 1223 1204 1268 existimetis,
1218 1222 1284 1269 illi,
1298 1229 1480 1272 tanquam
1496 1220 1565 1258 deo
1581 1220 1748 1264 cuidam,

297 1297 524 1342 praesentem
541 1289 621 1338 ejus
641 1288 830 1324 fortunam
851 1286 1092 1324 immobiliter
1112 1286 1228 1322 fixam
1248 1297 1333 1322 esse
1353 1285 1390 1321 in
1412 1291 1674 1334 perpetuum;·
1691 1287 1752 1319 est

298 1352 398 1390 enim
427 1350 490 1401 qui
519 1349 625 1387 illum
653 1348 747 1393 odit,
779 1348 921 1397 quique
950 1347 1097 1390 metuit,
1129 1346 1393 1389 Athenienses,
1424 1343 1564 1394 quique
1593 1343 1750 1389 invidet,

295 1413 409 1452 etiam
428 1424 474 1449 ex
495 1411 538 1447 iis
554 1409 617 1460 qui
633 1409 714 1459 jam
736 1408 787 1445 illi
809 1407 1021 1445 amicissimi
1043 1420 1127 1444 esse
1141 1407 1342 1444 videntur:
1363 1412 1402 1443 et
1416 1405 1589 1455 profecto
1606 1403 1744 1449 omnia,

297 1486 539 1526 quaecunque
559 1472 595 1508 in
609 1471 691 1509 aliis
702 1470 899 1520 quibusvis
914 1470 1131 1506 hominibus
1147 1467 1495 1519 reperiuntur‚haec
1510 1465 1547 1502 in
1563 1466 1607 1503 iis
1622 1466 1750 1511 etiam,

298 1537 365 1588 qui
383 1548 470 1573 cum
490 1534 553 1571 illo
574 1539 675 1577 sunt,
695 1532 820 1568 inesse
852 1530 1144 1568 existimandum
1173 1536 1243 1567 est.
1291 1529 1387 1565 Haec
1407 1540 1496 1564 vero
1516 1527 1644 1563 omnia
1670 1538 1750 1577 prae

297 1604 404 1635 metu
424 1607 525 1633 nunc
543 1606 583 1631 se
602 1591 859 1636 abscondunt,
874 1603 962 1628 cum
984 1590 1129 1626 nullum
1149 1590 1318 1627 habeant
1337 1586 1573 1637 confugium,
1599 1594 1754 1638 propter

297 1667 462 1696 vestram
490 1654 705 1692 tarditatem
730 1659 769 1689 et
788 1650 1014 1694 socordiam,
1035 1663 1149 1701 quam
1169 1651 1265 1686 *cobis
1277 1648 1359 1700 jam
1388 1663 1470 1688 esse
1499 1649 1751 1699 abjiciendam

297 1719 399 1757 dieo.
429 1715 580 1753 Videtis
599 1713 698 1751 enim
718 1725 810 1757 rem,
830 1710 1100 1756 Athenienses,
1123 1723 1196 1760 quo
1223 1710 1474 1761 protervitatis
1499 1711 1618 1748 evasit
1638 1710 1751 1748 homo

297 1780 386 1827 iste,
403 1778 468 1828 qui
481 1789 527 1813 ne
543 1774 698 1826 quidem
718 1772 911 1823 optionem
933 1772 1041 1809 vobis
1061 1771 1128 1808 dat
1149 1777 1215 1808 aut
1230 1771 1320 1808 belli
1346 1771 1520 1821 gerendi,
1543 1778 1609 1809 aut
1632 1772 1751 1809 otium

299 1839 459 1891 agendi3
490 1837 558 1874 sed
575 1835 779 1878 minitatur,
800 1841 838 1871 et
856 1833 1041 1884 superbis,
1061 1839 1105 1870 ut
1122 1832 1223 1869 fama
1250 1838 1321 1877 est,
1348 1832 1583 1870 sermonibus
1610 1833 1752 1876 utitur:

300 1913 425 1952 neque
451 1896 589 1937 adduci
608 1903 736 1948 potest
753 1902 808 1941 ut,
837 1907 924 1945 quae
945 1893 1027 1945 jam
1047 1893 1198 1943 subegit
1216 1893 1398 1939 retinens,
1421 1893 1480 1930 his
1506 1895 1753 1945 acquiescat;

299 1962 369 2001 sed
383 1966 568 2012 perpetuo
586 1958 677 2009 quid
692 1957 853 2008 amplius
871 1956 1037 2003 molitur,
1052 1962 1091 1994 et
1104 1955 1247 1993 circum
1260 1954 1428 2006 undique
1440 1962 1667 1995 cunctantes
1683 1969 1751 1995 vos

297 2031 414 2075 atque
428 2022 608 2060 sedentes
629 2020 722 2056 velue
741 2018 921 2069 indagine
941 2018 1072 2069 cingit.

356 2087 395 2123 5.
425 2083 592 2126 Quando
607 2081 735 2132 igitur,
755 2079 1025 2126 Athenienses,
1044 2079 1200 2130 quando
1220 2092 1305 2131 quae
1320 2085 1469 2131 oportet
1487 2079 1661 2118 facietis?
1688 2081 1754 2118 ubi

302 2145 448 2197 aliquid
467 2141 675 2182 acciderit?
704 2142 767 2179 ubi
787 2141 904 2179 credo
930 2142 1137 2179 necessitas
1166 2142 1292 2191 aliqua
1319 2140 1455 2178 fuerit?
1484 2140 1546 2180 De
1573 2143 1753 2192 praesenti

300 2208 421 2258 igitur
438 2218 560 2242 rerum
581 2210 681 2241 statu
698 2216 782 2254 quae
801 2203 908 2240 vobis
929 2203 1056 2253 opinio
1076 2215 1159 2240 esse
1180 2201 1323 2239 debet?
1353 2201 1439 2251 Ego
1459 2201 1558 2239 enim
1579 2202 1751 2248 arbitror,

301 2268 431 2306 liberis
450 2263 665 2304 hominibus
694 2264 896 2302 maximam
918 2277 1001 2302 esse
1022 2264 1304 2310 necessitatem,
1327 2276 1374 2301 ex
1390 2264 1502 2301 rebus
1527 2264 1648 2314 gestis
1667 2278 1751 2302 sus-

301 2336 458 2380 ceptum
472 2326 651 2365 dedecus.
684 2325 786 2362 Num
799 2322 927 2370 vultis,
948 2337 1090 2374 quaeso,
1103 2324 1479 2363 circumcursitantes
1499 2338 1545 2363 ex
1563 2326 1753 2364 vobismet

301 2389 394 2442 ipsis
413 2385 626 2440 percontari
654 2386 806 2432 infore,
832 2384 1031 2424 Dicitur-ne
1065 2385 1205 2437 aliquid
1223 2385 1336 2424 novi?
1363 2385 1603 2436 Ecquidnam
1630 2387 1753 2438 magis

296 2463 441 2497 ¹novum
454 2462 538 2487 esse
553 2455 689 2499 potest,
703 2460 814 2499 quam
830 2445 1021 2485 hominem
1038 2447 1293 2484 Macedonem
1308 2447 1560 2485 Athenienses
1573 2448 1674 2486 bello
1686 2462 1751 2487 su·
1803 2457 1809 2463 '

301 2512 449 2562 bigere,
464 2508 701 2559 Graecioeque
717 2522 774 2546 res
792 2507 1079 2546 administrare?
1101 2508 1327 2546 Mortuusne
1343 2516 1399 2546 est
1414 2507 1641 2559 Philippus?
1663 2510 1752 2548 Non

301 2572 445 2617 hercle,
469 2571 537 2608 sed
558 2577 731 2619 oegrotat.
762 2569 864 2613 Quid
883 2582 971 2606 vero
997 2569 1068 2606 hoc
1088 2576 1216 2607 vestra
1241 2569 1425 2606 interest?
1456 2569 1537 2607 Etsi
1557 2570 1656 2607 euim
1682 2571 1750 2608 ali-

303 2633 394 2684 quid
416 2632 448 2669 ei
461 2631 653 2675 acciderit,
668 2630 772 2668 brevi
791 2644 857 2668 vos
879 2630 991 2668 alium
1013 2628 1232 2680 Philippum
1254 2631 1348 2668 robis
1367 2630 1528 2678 facietis,
1548 2630 1580 2668 si
1606 2631 1752 2671 animos

306 2695 419 2731 rebus
440 2693 570 2729 restris
585 2692 658 2729 hoc
678 2692 791 2729 modo
810 2691 1048 2729 adhibeatis:
1080 2703 1202 2741 neque
1223 2692 1320 2729 enim
1339 2691 1369 2728 is
1395 2691 1543 2729 tantum
1565 2692 1642 2729 suis
1663 2692 1751 2730 viri-

307 2754 382 2792 bus
400 2753 530 2797 crevit,
549 2760 732 2802 quantum
754 2759 883 2790 nostra
904 2752 1150 2803 neglig-entia.
1207 2753 1258 2790 At
1275 2752 1371 2790 illud
1399 2765 1512 2803 pone.
1548 2751 1588 2790 Si
1607 2753 1698 2803 quid
1718 2755 1753 2792 ei

308 2814 502 2866 acciderit,
520 2814 704 2866 uobisque.
725 2814 877 2854 fortuna
897 2813 1042 2863 faverit,
1057 2826 1142 2865 quae
1163 2826 1312 2867 semper
1334 2814 1472 2855 melius
1500 2826 1570 2855 nos
1595 2816 1752 2861 curavit,
