1923 3149
408 184 423 192 s

269 207 349 244 424
670 198 898 241 CONTRA
930 200 1317 242 TIMOCRATEM.

273 306 399 345 nibus.
424 304 541 356 Atqui
553 315 625 343 nec
639 303 736 342 illud
751 303 878 342 dicere
889 316 1022 355 queas,
1035 304 1134 342 inter
1148 316 1215 342 eos
1231 304 1294 355 qui
1306 302 1466 342 vinculis
1478 303 1720 351 damnentur,

270 367 436 418 plurima
448 365 509 404 vel
523 365 689 404 maxima
702 378 788 403 esse
807 364 952 403 delicta
970 365 1277 415 publicanorum,
1295 364 1458 416 proinde
1477 364 1561 402 illos
1580 365 1628 402 ab
1647 365 1720 402 hae

274 428 361 478 lege
380 427 483 465 solos
503 426 668 465 excludi.
699 426 826 463 Multo
847 426 946 463 enim
958 426 1132 476 profecto
1150 426 1274 477 magis
1295 425 1422 476 injurii
1440 432 1545 469 sunt,
1567 426 1631 476 qui
1650 438 1722 476 pu-

276 489 421 526 blicum
441 486 596 538 aliquod
626 500 764 525 munus
783 486 926 537 perfide
947 486 1226 531 administrant,
1248 493 1316 524 aut
1333 492 1512 537 parentes
1531 486 1630 523 male
1648 492 1725 522 tra-

276 556 396 595 ctant,
426 556 492 587 aut
515 549 673 600 pollutis
702 548 876 585 manibus
906 547 1031 585 forum
1058 547 1348 598 ingrcdiuntur3
1379 547 1519 598 quibus
1548 546 1725 584 omnibus

276 616 441 660 receptae
461 609 568 660 leges
588 609 743 647 vincula
762 609 964 654 minantur,
986 616 1052 646 tua
1071 609 1337 658 impunitatem
1358 608 1530 659 largitur.
1560 608 1634 645 Hic
1653 608 1725 645 ite-

274 685 359 709 rum
376 671 520 721 prodis,
538 671 575 707 in
605 682 763 720 quorum
783 670 945 719 gratiam
964 682 1048 708 eam
1072 670 1220 707 tuleris.
1266 670 1366 708 Nam
1386 670 1476 720 quia
1504 670 1558 706 illi
1581 676 1659 707 non
1677 670 1726 706 ob

275 731 520 782 vectigalium
540 730 856 780 redemptionem,
877 730 946 768 sed
974 744 1020 769 ex
1041 731 1238 781 peculatu,
1262 731 1322 768 vel
1353 731 1486 782 rapina
1513 731 1642 781 potius
1659 742 1727 782 pe-

277 793 416 838 cuniae,
436 792 593 837 debent,
613 791 661 827 ob
682 790 734 837 id,
754 790 903 841 opinor,
925 791 1124 841 publicani
1143 791 1210 828 tibi
1231 804 1333 829 curae
1352 804 1430 828 non
1451 791 1620 829 fuerunt.

338 854 399 889 17.
429 852 602 889 Possunt
614 857 800 902 praeterea
816 850 949 888 multae
963 851 1075 888 bonae
1090 851 1199 900 leges
1219 851 1385 898 ostendi,
1401 853 1537 902 quibus
1555 852 1731 890 omnibus

276 914 350 951 ista
370 912 607 950 adversatur.
656 911 734 949 Sed
753 924 839 961 ego,
869 912 901 948 si
921 911 969 948 de
988 911 1162 949 omnibus
1185 911 1380 962 disputare
1406 912 1535 959 velim,
1567 913 1731 951 fortasse

280 975 458 1026 temporis
479 973 665 1023 angustiis
686 973 885 1019 excludar,
900 985 976 1023 quo
994 973 1120 1010 minus
1135 973 1317 1018 indicem,
1333 973 1460 1024 legem
1475 986 1558 1011 eam
1574 987 1733 1024 prorsus

279 1050 357 1075 non
377 1049 464 1074 esse
482 1048 502 1073 e
523 1035 744 1085 republica:
772 1034 893 1071 videri
913 1041 1042 1072 autem
1061 1034 1169 1072 vobis
1189 1047 1300 1084 aeque
1319 1034 1451 1085 iniqua
1466 1035 1596 1081 debet,
1617 1035 1648 1072 si
1667 1035 1734 1073 uni

281 1097 471 1135 duntaxat
491 1102 732 1146 receptarum
751 1094 882 1145 legum
901 1094 1138 1132 adversetur.
1179 1094 1416 1132 Faciendum
1434 1095 1552 1144 igitur
1570 1095 1735 1142 videtur,

282 1165 326 1196 ut
344 1157 494 1195 omissis
512 1156 612 1201 aliis,
627 1156 694 1193 ubi
714 1168 762 1193 ea
775 1155 824 1192 de
842 1156 930 1205 lege
949 1168 1063 1205 quam
1079 1156 1148 1193 iste
1168 1155 1250 1206 ipse
1266 1155 1368 1206 prius
1388 1155 1488 1202 tulit,
1504 1155 1736 1202 disseruero,

283 1219 439 1257 tandem
477 1217 526 1254 ad
554 1216 658 1254 illam
687 1216 946 1254 accusationis
983 1223 1131 1266 partem
1167 1216 1366 1262 accedam,
1405 1229 1484 1266 qua
1515 1217 1734 1263 ostendam,

283 1280 413 1330 legem
431 1278 559 1323 istam,
587 1278 618 1327 si
639 1276 897 1324 confirmetur,
917 1289 1080 1327 magnas
1108 1277 1239 1315 clades
1271 1277 1493 1328 reipublicae
1521 1278 1737 1316 allaturam.

283 1341 434 1391 Legem
467 1339 582 1390 igitur
601 1338 760 1375 aliorum
780 1338 932 1388 legibus
959 1338 1191 1376 contrariam
1214 1338 1438 1383 obtrusisse,
1467 1339 1539 1376 etsi
1564 1339 1736 1389 iniquum

287 1409 364 1451 est,
386 1401 501 1439 alium
521 1407 650 1438 tamen
675 1406 945 1437 accusatorem
964 1399 1155 1449 postulat:
1184 1399 1253 1437 sed
1271 1399 1348 1449 legi
1373 1399 1420 1436 ab
1439 1399 1513 1437 isto
1533 1399 1616 1450 ipso
1634 1400 1742 1450 prius

286 1464 377 1501 latae
413 1462 511 1500 ferre
539 1461 784 1506 contrariam,
813 1460 852 1497 id
880 1472 971 1497 vero
993 1460 1076 1511 jam
1104 1461 1229 1510 ipsum
1255 1467 1521 1498 accusatorem
1549 1461 1607 1498 sui
1634 1460 1739 1498 facit.

287 1523 403 1567 Quod
428 1530 471 1560 ut
492 1523 572 1560 fieri
591 1522 734 1567 sciatis,
755 1521 906 1572 legetur
931 1522 1041 1559 vobis
1065 1521 1150 1573 ipsa
1173 1521 1249 1567 lex,
1278 1533 1394 1572 quam
1423 1522 1497 1560 iste
1525 1522 1636 1561 tulit:
1667 1535 1740 1574 ego

287 1597 378 1624 vero
398 1585 550 1623 tacebo.
589 1582 741 1621 Recita.

951 1683 1075 1721 LEX.

318 1779 510 1810 Timocrates
526 1777 641 1813 retulit,
658 1777 1084 1816 QuicunqueAtheniensium
1099 1788 1138 1807 ex
1155 1776 1308 1807 delatione
1332 1776 1413 1815 apud
1436 1780 1584 1813 senatum,
1599 1781 1651 1807 aut
1664 1787 1744 1807 nunc

289 1831 318 1860 in
334 1840 457 1860 carcere
476 1834 557 1866 sunt,
573 1834 623 1858 aut
638 1834 708 1868 post
723 1839 759 1858 eo
776 1829 986 1868 conjicientur,
999 1840 1126 1868 quorum
1142 1829 1295 1859 damnatio
1311 1839 1328 1858 a
1347 1829 1447 1859 scriba
1463 1834 1586 1860 senatus
1603 1831 1745 1867 sexviris,

289 1892 329 1911 ex
341 1879 490 1910 delatoria
506 1879 585 1918 lege,
601 1878 713 1908 tradita
729 1889 786 1909 non
798 1879 899 1914 suerit,
916 1879 1040 1918 placere
1057 1879 1203 1915 sexviris,
1222 1879 1450 1909 undecimviros
1464 1880 1544 1909 intra
1556 1881 1744 1918 trigesimum

290 1931 372 1961 diem
384 1931 414 1960 in
426 1929 576 1969 judicium
590 1929 797 1964 introducere,
813 1940 851 1959 ex
863 1940 923 1968 quo
936 1931 1122 1968 acceperint,
1137 1930 1195 1959 nisi
1210 1930 1332 1970 publice
1349 1930 1465 1968 aliquid
1482 1930 1671 1970 impedierit:
1697 1931 1744 1960 sin

293 1982 404 2017 minus,
420 1991 489 2010 cum
500 1980 631 2018 primum
647 1979 677 2008 id
696 1980 761 2008 fieri
777 1980 924 2018 potuerit.
951 1981 1014 2010 Eos
1028 1991 1099 2010 vero
1112 1986 1254 2010 accusato
1267 1981 1438 2020 quicunque
1451 1981 1681 2012 Atheniensium
1692 1992 1745 2012 vo-

294 2031 397 2065 luerit,
413 2031 523 2069 quibus
541 2030 574 2059 id
586 2029 669 2059 licet.
695 2030 786 2067 Quod
803 2030 828 2059 si
845 2030 1004 2060 convictus
1019 2031 1122 2066 suerit,
1139 2031 1260 2061 Heliaea
1280 2031 1364 2061 litem
1380 2032 1425 2060 illi
1444 2032 1586 2068 aestimet,
1601 2032 1743 2071 quidnam

292 2083 343 2112 vel
358 2083 454 2117 luere,
468 2081 518 2111 vel
534 2080 667 2116 solvere,
683 2081 796 2109 debere
812 2081 962 2111 videatur.
987 2081 1040 2110 Sin
1058 2082 1172 2111 mulcta
1188 2082 1365 2120 pecuniaria
1380 2083 1408 2112 ei
1423 2083 1506 2113 dicta
1517 2083 1620 2120 fuerit,
1632 2083 1663 2113 in
1678 2083 1745 2114 vin-

290 2133 368 2163 culis
385 2135 535 2168 teneatur,
549 2131 650 2170 quoad
666 2131 696 2161 id
713 2131 841 2161 solverit
857 2131 961 2170 quanti
976 2133 1194 2163 condemnatus
1210 2139 1268 2163 est.

296 2222 464 2270 Auditis,
478 2221 658 2274 judiees?
687 2221 826 2261 Recita
844 2223 898 2263 eis
916 2223 991 2262 hoc
1012 2223 1154 2262 denuo.

963 2331 1081 2370 LEX.

341 2426 397 2456 Sin
410 2425 523 2455 mulcta
534 2425 710 2464 pecuniaria
721 2425 749 2455 ei
759 2424 842 2454 dicta
857 2424 959 2460 suerit,
971 2424 1001 2454 in
1013 2424 1142 2455 vinculis
1155 2428 1304 2461 teneatur,
1321 2425 1420 2463 quoad
1436 2425 1575 2455 solverit.

300 2501 465 2540 Desine.
500 2500 689 2538 Possetne
709 2499 912 2550 quisquam
937 2499 1016 2537 duo
1035 2499 1157 2549 magis
1178 2500 1367 2537 contraria
1392 2500 1613 2547 decernere,
1632 2515 1748 2552 quam

301 2562 506 2600 damnatos
527 2561 712 2598 tenendos
728 2561 764 2598 in
783 2560 959 2606 vinculis,
979 2560 1103 2598 donec
1120 2560 1304 2597 mulctam
1326 2560 1520 2608 solverint,
1535 2569 1574 2598 et
1594 2563 1750 2601 eosdem

300 2623 401 2661 datis
420 2622 595 2667 vadibus,
616 2635 692 2659 non
711 2635 795 2659 esse
822 2621 1076 2659 vinciendos?
1105 2622 1168 2658 Sic
1189 2621 1303 2671 igitur
1331 2621 1570 2660 Timocrates
1591 2630 1751 2662 accusat

299 2685 570 2730 Timocratem,
584 2695 661 2720 non
679 2683 887 2728 Diodorus,
908 2695 1031 2733 neque
1050 2682 1250 2732 quisquam
1271 2683 1367 2720 alius
1394 2690 1567 2722 nostrum
1587 2685 1626 2721 in
1646 2692 1753 2722 tanta

302 2745 560 2783 multitudine.
604 2745 638 2781 A
659 2745 798 2794 quibus
819 2752 947 2781 autem
974 2743 1146 2782 sordibus
1167 2751 1206 2782 ct
1226 2745 1453 2795 corruptelis
1472 2746 1579 2783 vobis
1605 2745 1752 2783 alienus

302 2806 505 2853 videbitur,
526 2812 593 2844 aut
615 2805 705 2855 quid
738 2805 829 2842 lucri
853 2818 972 2843 causa
996 2818 1073 2844 nou
1095 2806 1304 2853 subiturus,
1325 2805 1390 2857 qui
1410 2806 1491 2857 ipse
1518 2806 1642 2857 legem
1671 2819 1752 2843 suae

305 2868 534 2906 contrariam
553 2866 652 2905 ferre
672 2878 750 2904 non
779 2865 972 2912 dubitarit,
1003 2880 1092 2904 cum
1120 2867 1240 2918 leges,
1269 2867 1383 2904 etiam
1416 2866 1576 2904 aliorum
1604 2866 1754 2917 legibus

305 2928 404 2967 ferre
433 2928 644 2968 contrarias
673 2926 932 2966 interdicant?
976 2927 1076 2966 Nam
1108 2928 1200 2967 mihi
1226 2927 1395 2979 quidem,
1414 2939 1499 2979 quae
1519 2927 1600 2978 ejus
1630 2927 1753 2978 impu-
