1923 3149
268 172 346 207 :3⁴6
762 170 987 208 CONTRA
1020 171 1248 208 MlDIAM.

270 273 541 320 Athenienses,
574 285 643 312 vos
673 272 840 324 aliquem
868 273 1059 311 hominem
1099 271 1340 310 moderatum
1368 278 1407 309 et
1435 273 1658 336 popularem
1690 273 1728 311 in

268 346 501 384 quocunque
521 335 680 375 crimine
710 335 1007 387 deprehensum,
1038 332 1144 371 nulla
1163 333 1222 371 vel
1248 333 1508 372 misericordia
1528 335 1585 372 vel
1607 318 1728 373 venia

269 395 508 446 dignatur03‚
536 396 606 434 sed
637 396 697 434 vel
730 397 939 441 occisuros,
971 395 1029 432 vel
1056 394 1267 445 ignominia
1294 401 1518 440 notaturos;
1554 396 1612 432 sin
1641 395 1727 446 quis

268 456 476 506 opulentus
498 458 643 508 quaevis
673 470 740 509 per
771 457 969 495 libidinem
1001 455 1227 507 designarit,
1255 456 1412 494 daturos
1437 469 1523 494 esse
1550 456 1725 494 veniam:

268 517 391 561 absit3
423 531 495 556 nec
515 519 616 557 enim
643 531 794 569 aequum
820 526 891 557 est.
950 518 1029 556 Sed
1059 518 1141 556 sine
1161 517 1376 556 discrimine
1397 517 1539 556 delicta
1557 518 1728 556 omnium

267 579 348 629 pari
370 579 476 618 vobis
498 581 700 619 severitate
720 580 953 618 vindicanda
973 586 1076 618 sunt.

322 641 387 679 51.
417 641 507 679 Jam
532 655 620 691 quae
650 641 756 679 nullo
777 653 907 679 eorum
935 655 1023 692 quae
1050 640 1216 679 diximus
1247 641 1372 678 minus
1397 640 1505 679 vobis
1532 639 1726 691 explicatu

268 702 485 740 necessaria
509 715 592 740 esse
613 709 718 752 puto,
739 702 784 739 iis
805 702 933 740 adhuc
953 703 1148 753 expositis,
1178 710 1217 740 et
1239 702 1345 740 brevi
1371 703 1420 741 de
1443 702 1517 740 illis
1549 702 1727 752 disputa-

267 762 372 802 tione
392 763 558 815 adjecta,
586 764 832 802 descendam.
877 764 1077 814 Magnam,
1105 765 1378 811 Athenienses,
1409 765 1457 803 ad
1489 764 1729 815 peccandum

266 825 476 863 fenestram
496 826 722 864 facinorosis
743 825 923 864 omnibus
954 826 1076 876 aperit
1104 826 1323 864 humanitas
1342 833 1481 872 vestra,
1502 834 1541 864 et
1561 826 1729 864 clemen-

265 885 332 924 tia.
364 886 462 930 Quae
482 900 551 925 cur
571 888 676 925 nulla
697 888 746 925 sit
765 887 1019 938 impertienda
1034 886 1182 934 Midiae,
1197 887 1236 924 id
1255 900 1305 925 ex
1325 900 1386 924 me
1399 888 1585 925 auditote.
1623 887 1729 936 Ego,

267 947 535 992 Athenienses,
557 961 690 987 omnes
709 949 884 986 homines
904 948 1081 986 existimo
1103 961 1174 985 sua
1192 955 1274 986 tota
1293 948 1444 985 vivendi
1459 948 1603 985 ratione
1619 948 1731 997 quasi

267 1009 407 1059 stipem
426 1009 495 1047 sibi
516 1010 710 1060 colligere,
730 1023 808 1047 non
828 1022 913 1047 eam
932 1009 1062 1055 modo,
1083 1022 1200 1059 quam
1219 1009 1394 1047 nonnulli
1414 1016 1452 1047 et
1472 1009 1674 1059 colligunt,
1695 1015 1734 1047 et

267 1070 483 1116 conferunt,
514 1071 584 1109 sed
605 1072 719 1110 aliam
744 1084 912 1122 quoque.
952 1070 1106 1108 Veluti:
1149 1077 1210 1109 est
1237 1077 1412 1109 nostrum
1441 1071 1563 1121 quivis
1597 1070 1730 1109 mode-

266 1139 371 1170 ratus
391 1139 427 1169 et
455 1132 662 1178 humanus,
682 1139 722 1170 et
749 1133 788 1170 in
807 1133 951 1170 multos
973 1132 1188 1170 misericors
1205 1146 1214 1175 ;
1244 1132 1332 1170 huic
1356 1145 1509 1182 aequum
1529 1131 1644 1170 fuerit
1661 1145 1728 1170 ea-

268 1192 356 1231 dem
377 1194 503 1231 offieia
522 1194 690 1232 vicissim
710 1193 884 1244 praestari
903 1194 951 1231 ab
971 1194 1162 1238 omnibus,
1187 1193 1218 1231 si
1237 1193 1391 1243 qnando
1412 1194 1623 1232 necessitas
1644 1193 1727 1244 ejus

266 1260 305 1292 et
324 1262 497 1306 tempora
515 1255 758 1306 postularint.
796 1255 906 1292 Alter
934 1254 999 1304 qui
1031 1254 1144 1292 adest
1163 1254 1336 1305 quisquis
1364 1262 1421 1292 est
1442 1255 1660 1305 impudens,
1689 1260 1729 1292 et

266 1315 303 1352 in
326 1316 467 1354 multos
487 1317 659 1367 injurius,
675 1316 739 1366 qui
755 1315 910 1366 quidem
928 1315 1025 1353 alios
1042 1315 1278 1365 quisquilias,
1295 1316 1390 1353 alios
1404 1315 1613 1362 mendicos,
1634 1315 1728 1354 alios

266 1376 360 1414 nihil
385 1391 470 1416 esse
495 1384 631 1428 putet:
671 1377 734 1415 isti
765 1377 908 1414 tributa
934 1376 1084 1421 eadem,
1111 1389 1197 1426 quae
1228 1376 1310 1427 ipse
1342 1377 1477 1428 pendit
1507 1377 1606 1422 aliis,
1638 1385 1730 1416 sunt

268 1439 511 1477 reservanda.
558 1439 647 1478 Jam
679 1439 710 1476 si
741 1444 845 1476 recte
875 1437 985 1475 vobis
1017 1450 1095 1474 rem
1113 1437 1303 1475 aestimare
1326 1438 1449 1476 visum
1469 1439 1598 1483 fuerit,
1627 1439 1728 1477 hanc

267 1501 479 1539 contulisse
513 1501 650 1552 stipem
690 1500 866 1545 Midiam,
903 1512 982 1536 non
1018 1499 1124 1536 illam
1161 1499 1333 1541 alteram,
1375 1500 1581 1551 reperietis.
1638 1502 1729 1540 Non

267 1562 403 1612 ignoro
431 1569 574 1609 autem,
595 1575 681 1599 eum
703 1569 742 1600 et
759 1561 899 1600 liberos
922 1574 1013 1599 suos
1033 1561 1347 1607 lamentaturum,
1365 1568 1404 1599 et
1426 1563 1547 1600 multa
1565 1564 1729 1614 supplici

269 1636 363 1661 voce
397 1624 603 1670 dicturum,
637 1624 902 1676 lacrymando,
937 1630 976 1661 et
1003 1636 1088 1661 sese
1121 1636 1237 1674 quam
1266 1625 1431 1662 maxime
1472 1626 1726 1664 miserabilem

266 1684 522 1723 ostendendo.
562 1685 642 1723 Sed
675 1692 820 1736 quanto
843 1698 948 1723 nunc
981 1685 1226 1733 abjectiorem
1248 1698 1289 1723 se
1308 1686 1485 1736 gesserit,
1508 1693 1616 1725 tanto
1645 1700 1727 1724 ma-

261 1746 346 1796 jore
367 1746 457 1785 odio
473 1747 614 1797 dignus
634 1746 719 1793 erit,
740 1747 1010 1786 Athenienses.
1049 1746 1342 1790 Quamobrem?
1372 1747 1473 1790 Quia
1491 1747 1522 1785 si
1542 1748 1649 1786 nulla
1667 1762 1727 1787 ra—

268 1808 371 1846 tione
399 1808 585 1847 ferociam
606 1821 714 1846 suam
736 1808 895 1847 domare
914 1808 1118 1860 potuisset,
1143 1808 1238 1859 quin
1259 1809 1312 1846 ita
1329 1810 1571 1860 importunus
1591 1816 1631 1847 et
1649 1809 1729 1847 vio-

268 1867 398 1907 lentus
436 1877 553 1919 esset,
598 1878 770 1920 tempore
805 1871 892 1908 vitae
927 1870 1136 1920 superiore,
1167 1877 1317 1907 naturae
1356 1877 1396 1908 et
1429 1871 1607 1916 fortunae,
1642 1883 1729 1921 quae

268 1930 388 1968 talem
407 1943 494 1968 eum
524 1931 800 1977 reddidissent,
820 1931 966 1969 ratione
985 1930 1128 1974 habita,
1149 1931 1323 1969 nonnihil
1346 1931 1394 1968 de
1414 1932 1618 1970 severitate
1637 1945 1730 1983 sup-

268 1991 374 2042 plicii
392 1992 532 2030 remitti
550 1991 715 2030 fortasse
737 1992 947 2030 decuisset.
979 1991 1047 2030 Sin
1065 1993 1238 2042 quamvis
1265 1993 1451 2030 submisse
1476 1993 1730 2045 modesteque

270 2064 356 2090 sese
394 2066 539 2103 gerere,
577 2066 667 2091 curn
692 2053 820 2099 vellet,
849 2059 994 2103 posset,
1027 2053 1260 2091 contrarium
1293 2053 1381 2090 vitae
1409 2053 1627 2092 institutum
1661 2068 1730 2106 po-

271 2113 363 2159 tius,
395 2127 510 2164 quarn
540 2114 613 2152 hoc
637 2115 747 2163 sequi
774 2114 1016 2163 praeoptavit,
1047 2126 1123 2151 non
1153 2126 1247 2150 sane
1272 2115 1479 2151 obscurum
1506 2122 1567 2153 est
1583 2116 1672 2162 boe,
1697 2116 1729 2154 si

272 2186 376 2213 nunc
394 2175 474 2213 suis
494 2175 663 2213 artificiis
691 2186 824 2224 poenas
844 2174 1133 2224 subterfugerit,
1151 2186 1239 2211 eum
1258 2187 1391 2212 rursus
1411 2176 1592 2223 eundem,
1614 2190 1729 2227 quem

270 2237 376 2275 scitis
395 2249 479 2284 vos,
500 2237 672 2274 futurum
691 2248 788 2273 esse.
818 2235 910 2273 Non
938 2236 1055 2286 igitur
1074 2235 1156 2286 ejus
1174 2235 1310 2273 humili
1333 2236 1460 2287 specie
1492 2238 1635 2276 moveri
1660 2238 1728 2276 de-

271 2297 383 2343 betis,
413 2311 485 2336 nec
511 2297 627 2349 hujus
657 2297 840 2348 temporis
873 2297 1122 2343 simulationi,
1157 2297 1323 2348 fictoque
1351 2298 1474 2336 vultui
1499 2299 1586 2349 plus
1616 2299 1727 2338 adhi²

271 2359 362 2397 bere
385 2359 489 2405 fidei,
518 2366 584 2397 aut
602 2359 790 2398 firmitatis
815 2358 941 2397 inesse
961 2365 1112 2410 putare,
1132 2371 1250 2409 quam
1270 2358 1417 2410 reliquo
1437 2361 1596 2412 tempori
1611 2362 1729 2408 omni,

272 2433 348 2471 quo
362 2433 449 2472 quoe
470 2422 546 2460 vita
569 2424 664 2469 eius,
683 2421 750 2472 qui
769 2433 895 2459 mores
908 2421 1062 2466 fuerint,
1078 2420 1149 2471 ipsi
1168 2421 1432 2471 perspexistis.

328 2483 394 2520 52.
424 2481 508 2533 Ego
532 2482 672 2521 liberos
693 2494 772 2520 non
791 2482 931 2529 habeo,
949 2482 1088 2532 quibus
1109 2482 1147 2519 in
1173 2488 1426 2532 conspectum
1451 2490 1621 2522 vestrum
1640 2497 1729 2536 pro-

272 2543 416 2590 ductis,
435 2544 579 2595 ejulare
598 2545 754 2594 possim,
774 2557 821 2584 ac
841 2543 1040 2595 deplorare
1058 2542 1222 2594 injurias·
1237 2543 1329 2581 mihi
1357 2544 1492 2583 factas.
1533 2545 1638 2584 Num
1656 2546 1728 2597 igi-

271 2612 333 2644 tur
352 2612 553 2658 propterea
569 2606 652 2657 ipse
671 2605 950 2644 contumeliose
968 2610 1171 2649 tractatus,
1200 2603 1388 2644 deteriore
1408 2606 1513 2658 apud
1537 2619 1607 2646 vos
1635 2620 1729 2646 con-

273 2667 419 2707 ditione
451 2680 530 2714 ero,
559 2679 676 2720 quam
705 2666 737 2705 is
771 2666 837 2717 qui
868 2666 1044 2718 injuriam
1075 2665 1166 2702 mihi
1195 2665 1315 2704 fecit?
1352 2667 1443 2706 Non
1474 2668 1627 2720 utique:
1658 2669 1728 2708 sed

272 2731 431 2782 quando
449 2730 522 2770 iste
551 2728 750 2783 productis
770 2728 899 2767 liberis
919 2726 1164 2780 supplicabit,
1196 2735 1239 2766 ut
1265 2728 1340 2767 illis
1361 2729 1551 2781 judicium
1582 2729 1728 2768 condo-

273 2793 387 2838 netis,
413 2799 493 2829 tum
514 2804 581 2830 vos
601 2803 662 2829 me
689 2802 777 2828 cum
797 2789 926 2840 legum
948 2788 1132 2827 comitatu
1161 2801 1281 2840 prope
1302 2789 1484 2829 assistere
1512 2796 1656 2841 putate,
1689 2797 1729 2829 et

266 2853 531 2902 jurejurando,
557 2851 662 2903 quod
683 2850 861 2895 dedistis,
884 2849 1160 2900 postulantem,
1184 2857 1223 2888 et
1251 2850 1544 2902 supplicantem,
1572 2858 1616 2889 ut
1642 2851 1726 2888 haec

272 2911 313 2950 in
330 2913 496 2953 ferendis
516 2912 716 2952 sententiis
735 2911 961 2964 respiciatis.
998 2912 1032 2950 A
1054 2912 1193 2962 quibus
1214 2925 1281 2950 vos
1304 2912 1420 2963 longe
1433 2913 1590 2963 justius,
1611 2926 1727 2963 quam
