1923 3149
317 160 390 196 104
830 154 1143 195 PHILIPPICA
1178 155 1244 193 lV.

311 260 473 312 poterit:
492 259 654 312 primum
673 260 786 304 enim,
798 259 937 310 quibus
958 273 1024 298 rex
1048 259 1240 297 Persarum
1257 259 1370 297 fidem
1384 258 1512 304 habet,
1527 269 1702 309 quosque
1715 256 1765 296 de

312 335 354 360 se
374 322 470 360 bene.
490 335 573 360 esse
593 322 747 360 meritos
766 329 891 373 putat,
910 322 946 359 hi
968 322 1132 360 oderunt
1146 327 1185 358 et
1200 320 1300 358 bello
1316 320 1501 358 infestant
1518 319 1763 371 Philippum:

313 383 469 428 deinde,
490 383 555 434 qui
575 383 727 435 adjutor
746 390 785 421 et
809 383 987 421 conscius
1010 382 1082 421 fuit
1100 381 1269 420 omnium
1290 380 1454 431 Philippi
1481 387 1615 418 contra
1633 392 1765 431 regem

311 445 617 489 instructionum,
638 445 670 482 is
691 445 871 494 abreptus
890 451 966 489 est,
988 450 1028 481 et
1045 442 1174 480 omnia
1191 454 1278 492 quae
1299 448 1412 492 gesta
1431 448 1521 478 sunt
1539 453 1605 478 rex
1623 453 1702 478 non
1717 453 1765 478 ex

310 507 420 545 nobis
438 506 707 544 accusantibus
727 505 870 550 audiet,
890 518 985 555 quos
1006 505 1164 555 privatae
1184 503 1359 541 utilitatis
1377 515 1496 540 causa
1507 501 1633 539 dicere
1651 508 1764 552 puta-

310 569 419 615 verit,
435 568 506 606 sed
525 581 572 605 ex
591 568 674 618 ipso
694 579 817 604 rerum
839 573 967 604 actore
994 574 1033 603 et
1052 565 1380 608 administratore;
1410 563 1511 601 unde
1532 562 1628 600 fides
1648 563 1766 600 habe-

308 631 410 669 bitur
430 629 753 672 accusationibus,
771 634 811 665 et
827 640 873 665 ea
887 627 1023 666 vestris
1043 626 1181 677 legatis
1197 625 1340 676 reliqua
1361 625 1431 663 erit
1450 624 1585 670 oratio,
1603 636 1681 674 qua
1697 636 1766 661 rex

308 692 472 730 maxime
493 689 756 735 delectabitur,
775 702 862 727 eum
884 689 947 739 qui
966 696 1148 738 utrosque
1170 687 1311 724 laeserit
1329 685 1583 725 communiter
1600 697 1686 722 esse
1705 684 1766 722 ul-

309 752 553 792 ciscendum:
584 750 740 801 regique
767 750 884 787 multo
904 750 986 788 fore
1015 748 1354 788 formidabiliorem
1383 747 1618 798 Philippum,
1638 746 1669 784 si
1695 759 1766 784 nos

308 815 413 867 prius
430 813 628 856 invaserit;
658 826 746 850 nam
767 812 798 848 si
817 812 919 862 quod
935 824 1006 849 nos
1022 810 1191 849 derelicti
1205 809 1343 847 vulnus
1360 809 1634 860 acceperimus,
1650 808 1766 846 intre-

308 877 399 928 pide
418 875 523 912 illum
545 881 679 912 contra
697 886 827 924 regem
847 874 1002 911 iturum.
1060 872 1220 922 Propter
1234 871 1319 908 haec
1335 871 1449 922 igitur
1470 870 1610 915 omnia,
1625 881 1765 908 censeo

308 938 458 988 legatos
478 949 564 974 esse
582 935 805 980 mittendos,
822 935 887 985 qui
907 948 993 972 cum
1010 947 1100 984 rege
1116 933 1407 982 colloquantur;
1429 940 1469 970 et
1483 932 1765 982 simplicitatem

308 1000 419 1037 istam
435 997 717 1048 deponendam,
732 1009 818 1045 quae
832 997 936 1033 vobis
954 1008 1056 1046 saepe
1071 996 1302 1033 detrimento
1318 994 1402 1031 fuit,
1460 994 1665 1032 Enimvero
1677 995 1766 1031 bar-

305 1062 420 1098 barus
436 1066 496 1096 est
513 1066 551 1095 et
568 1057 780 1095 communis
801 1056 971 1094 omnium
984 1056 1120 1099 hostis,
1142 1062 1181 1093 et
1197 1055 1341 1105 reliqua
1355 1055 1435 1106 ejus
1450 1055 1600 1105 generis
1613 1055 1763 1093 omnia:

308 1134 382 1172 ego
398 1120 511 1165 enirn,
526 1132 615 1156 cum
634 1118 746 1156 video
766 1131 850 1155 esse
870 1117 934 1168 qui
954 1117 1058 1154 illum
1075 1117 1138 1167 qui
1155 1116 1263 1153 Susis
1284 1123 1323 1153 et
1338 1116 1547 1153 Ecbatanis
1563 1114 1671 1165 degit
1685 1127 1764 1152 me-

306 1190 402 1227 tuat,
419 1190 457 1219 et
474 1182 623 1231 reipub.
639 1180 736 1217 male
756 1179 855 1217 velle
876 1180 991 1224 dicat,
1007 1179 1071 1229 qui
1086 1178 1188 1228 prius
1209 1177 1323 1214 etiam
1337 1177 1386 1214 ad
1402 1177 1573 1227 rempub.
1590 1183 1764 1215 nostram

306 1243 529 1294 erigendam
550 1242 700 1289 adjutor
720 1239 805 1286 fuit,
827 1249 866 1278 et
883 1253 1003 1290 nuper
1020 1239 1286 1290 pollicebatur,
1310 1237 1429 1288 (quod
1457 1237 1486 1275 si
1506 1250 1575 1274 vos
1602 1250 1679 1274 non
1698 1249 1764 1289 ac-

306 1306 480 1357 cepistis,
499 1304 570 1342 sed
591 1302 926 1341 senatusconsulto
943 1301 1181 1352 repudiastiS,
1203 1314 1269 1351 per
1288 1300 1394 1337 illum
1417 1299 1570 1349 quidem
1591 1312 1667 1336 non
1688 1306 1766 1336 ste-

306 1369 382 1416 tit.)
403 1368 451 1405 de
470 1379 515 1404 eo
531 1375 672 1407 autem,
689 1364 752 1415 qui
771 1364 810 1401 in
823 1364 966 1401 foribus
981 1363 1093 1408 adeo,
1111 1375 1229 1413 prope
1247 1362 1283 1398 in
1303 1360 1430 1398 media
1445 1359 1601 1398 Graecia
1615 1360 1767 1405 crescit,

305 1429 485 1481 praedone
515 1427 755 1470 Graecorum,
784 1425 888 1462 aliud
917 1424 1058 1475 aliquid
1080 1421 1414 1468 dicat—demiror,
1432 1434 1599 1472 eumque
1618 1428 1764 1466 metuo,

305 1491 478 1542 quisquis
497 1489 559 1526 ille
579 1489 640 1530 sit,
654 1500 738 1524 cum
759 1486 842 1536 ipse
859 1486 1078 1536 Philippum
1096 1497 1174 1522 non
1189 1488 1339 1520 metuat.

362 1554 423 1590 10.
455 1551 528 1588 Est
547 1557 584 1587 et
604 1549 678 1586 alia
692 1561 750 1585 res
762 1561 848 1598 quae
862 1547 1081 1597 reipublicae
1096 1552 1224 1590 nocet,
1241 1544 1384 1594 injusta
1395 1542 1671 1581 maledicentia
1681 1555 1765 1580 ver-

303 1615 439 1664 bisque
458 1624 534 1649 non
549 1610 865 1648 convenientibus
882 1608 1052 1646 adducta
1065 1607 1101 1644 in
1114 1606 1293 1644 invidiam
1309 1618 1318 1648 ;
1341 1617 1427 1655 quae
1442 1604 1487 1641 iis
1503 1603 1762 1648 occasionem,

303 1675 368 1726 qui
387 1673 479 1711 nihil
495 1672 595 1723 aequi
611 1683 726 1721 agere
745 1669 879 1706 volunt
898 1670 936 1707 in
957 1668 1166 1719 republica,
1187 1665 1432 1717 suppeditat:
1463 1665 1630 1715 denique
1643 1665 1765 1702 omni-

306 1750 371 1774 um
391 1748 477 1786 quae
493 1734 645 1777 desunt,
658 1744 745 1769 cum
765 1731 804 1768 id
817 1732 865 1768 ab
883 1731 1013 1780 aliquo
1026 1730 1106 1766 fieri
1121 1735 1308 1778 oporteat,
1324 1727 1363 1763 in
1375 1739 1460 1764 eam
1474 1739 1554 1763 rem
1569 1725 1766 1763 transferri

304 1799 456 1849 culpam
472 1795 686 1834 invenietis.
717 1794 778 1832 De
794 1806 870 1843 qua
889 1792 1045 1830 omnino
1066 1792 1194 1828 dicere
1209 1803 1355 1832 vereor,
1380 1789 1449 1826 sed
1469 1789 1596 1826 dicam
1612 1795 1762 1826 tamen:

303 1869 399 1912 puto
415 1858 516 1895 enim
529 1869 588 1893 me
602 1855 830 1899 habiturum,
847 1853 953 1904 quod
968 1852 1018 1891 ad
1034 1851 1253 1902 reipublicae
1272 1850 1475 1887 utilitatem
1489 1856 1527 1887 et
1538 1862 1604 1900 pro
1619 1862 1766 1901 paupe-

306 1922 410 1960 ribus
427 1926 559 1957 contra
579 1917 715 1955 divites
732 1915 871 1960 dicam,
887 1923 925 1953 et
939 1927 1008 1965 pro
1016 1913 1274 1964 locupletibus
1288 1919 1421 1950 contra
1435 1924 1590 1962 egenOS‚
1606 1912 1669 1949 sie
1685 1925 1765 1950 me-

306 1984 370 2022 dio
382 1980 646 2020 sustulerimus
666 1977 895 2027 calumnias,
918 1988 1012 2027 quas
1032 1976 1079 2013 de
1095 1974 1270 2013 theatrali
1289 1974 1456 2025 pecunia
1475 1973 1631 2024 quidam
1645 1973 1766 2024 iniqui

305 2046 451 2089 dicunt,
466 2049 505 2080 et
516 2043 690 2079 timorem
708 2039 829 2083 illum,
842 2051 917 2076 non
930 2050 1043 2088 posse
1057 2037 1136 2075 sine
1153 2049 1294 2086 magno
1307 2036 1436 2086 aliquo
1448 2035 1550 2073 malo
1563 2035 1665 2073 hanc
1685 2047 1764 2073 rem

305 2105 525 2149 consistere,
544 2115 620 2153 quo
641 2100 734 2139 nihil
755 2099 877 2150 majus
904 2098 954 2136 ad
973 2112 1030 2136 res
1049 2097 1238 2148 gerendas
1259 2096 1449 2141 conferre,
1468 2095 1563 2133 nihil
1581 2095 1686 2146 quod
1705 2102 1764 2134 to-

304 2175 384 2206 tam
411 2167 544 2203 urbem
566 2163 688 2213 magis
708 2162 928 2199 corroboret
947 2167 1146 2210 praestare‚
1166 2170 1384 2208 possumus.
1442 2156 1505 2194 Sic
1524 2163 1653 2194 autem
1671 2169 1765 2194 con-

307 2230 470 2268 siderate
487 2240 496 2264 :
527 2225 596 2263 sed
612 2224 733 2275 primo
747 2223 833 2260 loco
848 2222 973 2259 dicam
988 2221 1035 2258 de
1050 2221 1110 2263 iis,
1127 2220 1191 2271 qui
1206 2220 1340 2270 inopes
1357 2231 1441 2256 esse
1455 2216 1643 2254 videntur.
1675 2217 1765 2255 Non

303 2291 358 2328 ita
377 2290 468 2327 olim
486 2285 693 2336 vectigalia
712 2290 854 2321 nostrae
870 2283 1036 2321 civitatis
1053 2289 1207 2320 centum
1223 2288 1261 2318 et
1276 2280 1432 2330 triginta
1447 2278 1591 2316 talenta
1607 2291 1684 2315 non
1701 2292 1764 2316 su-

304 2353 514 2402 perabant:
543 2354 582 2385 et
601 2359 713 2384 nemo
733 2358 780 2383 ex
799 2345 844 2382 iis
865 2352 934 2390 est,
953 2343 1016 2394 qui
1047 2343 1185 2381 triremi
1206 2354 1386 2392 praeesse,
1414 2348 1482 2378 aut
1500 2340 1672 2377 conferre
1698 2340 1764 2378 tri-

304 2415 440 2451 butum
461 2417 651 2462 poterant,
671 2407 735 2457 qui
755 2419 830 2443 non
848 2419 918 2443 sua
938 2412 1074 2455 sponte
1099 2404 1168 2441 sibi
1183 2402 1399 2440 faciendum
1414 2400 1582 2438 officium
1597 2407 1763 2450 putaret,

307 2474 412 2525 quod
428 2470 600 2524 pecuniae
620 2469 730 2519 copia
750 2480 826 2504 non
846 2473 952 2504 erat:
974 2465 1038 2503 sed
1058 2472 1097 2502 et
1111 2465 1282 2502 triremes
1299 2464 1484 2500 instructa:
1502 2462 1622 2506 ibant,
1638 2468 1677 2499 et
1691 2475 1761 2512 pe-

306 2535 422 2573 cunia
439 2534 477 2570 in
498 2538 675 2583 promptu
698 2536 790 2572 erat,
811 2535 849 2565 et
868 2528 970 2565 omni
990 2526 1116 2564 officio
1139 2525 1406 2574 fungebamur.
1464 2522 1560 2560 Post
1578 2523 1662 2560 haec
1685 2524 1761 2561 for-

306 2605 410 2635 tunae
421 2594 641 2643 benignitas
656 2590 968 2631 auximi-arium
1001 2595 1044 2626 ut
1065 2588 1209 2625 talenta
1228 2599 1296 2637 pro
1317 2592 1471 2622 centum
1489 2584 1562 2621 illis
1582 2583 1764 2634 quadrin-

307 2665 425 2711 genta
442 2656 613 2698 redeant,
635 2654 712 2691 sine
733 2652 812 2689 ullo
831 2651 989 2688 divitum
1010 2649 1252 2691 detrimento,
1273 2647 1340 2684 sed
1361 2659 1448 2683 cum
1469 2658 1600 2683 eorum
1616 2644 1762 2682 emolu-

307 2727 440 2759 mento
460 2717 585 2769 potius
602 2729 611 2753 :
642 2714 779 2752 divites
801 2713 900 2750 enim
916 2724 1047 2748 omnes
1067 2710 1224 2747 veniunt
1241 2709 1279 2745 in
1299 2714 1448 2758 partem
1466 2719 1610 2751 eorum,
1631 2713 1672 2743 et
1685 2719 1762 2744 me-

306 2784 379 2821 rito
397 2781 567 2818 veniunt.
609 2776 685 2818 Qui
711 2775 752 2813 fit
775 2774 902 2824 igitur,
922 2780 963 2809 ut
978 2771 1015 2808 id
1037 2771 1119 2808 aliis
1139 2770 1199 2807 alii
1220 2770 1507 2819 exprobremus,
1535 2775 1574 2804 et
1592 2780 1658 2817 per
1677 2779 1762 2804 earn

309 2842 474 2894 speciem
494 2840 620 2877 facere
642 2849 729 2886 quae
749 2835 888 2872 decent
908 2830 1156 2871 recusemus?
1188 2831 1269 2868 Nisi
1290 2830 1390 2867 sorte
1414 2827 1596 2866 auxilium
1617 2839 1761 2878 paupe-

310 2906 413 2943 ribus
428 2916 450 2940 α
471 2902 623 2939 fortuna
640 2898 809 2936 oblatam
835 2895 1075 2937 invidemus;
1105 2905 1201 2943 quos
1222 2905 1291 2930 nec
1312 2892 1393 2942 ipse
1419 2889 1670 2941 reprehendo,
1690 2902 1761 2928 nec
