<?xml version="1.0" encoding="UTF-8"?>
<!DOCTYPE html PUBLIC "-//W3C//DTD XHTML 1.0 Transitional//EN"
    "http://www.w3.org/TR/xhtml1/DTD/xhtml1-transitional.dtd">
<html xmlns="http://www.w3.org/1999/xhtml" xml:lang="en" lang="en">
 <head>
  <title>
</title>
<meta http-equiv="Content-Type" content="text/html;charset=utf-8" />
  <meta name='ocr-system' content='tesseract 3.04.00' />
  <meta name='ocr-capabilities' content='ocr_page ocr_carea ocr_par ocr_line ocrx_word'/>
</head>
<body>
  <div class='ocr_page' id='page_1' title='image "./oratoresatticie15dobs_0368.png"; bbox 0 0 1923 3149; ppageno 0'>
   <div class='ocr_carea' id='block_1_1' title="bbox 282 178 1250 218">
    <p class='ocr_par' dir='ltr' id='par_1_1' title="bbox 282 178 1250 218">
     <span class='ocr_line' id='line_1_1' title="bbox 282 178 1250 218; baseline -0.001 -1"><span class='ocrx_word' id='word_1_1' title='bbox 282 181 357 217; x_wconf 77' lang='lat'><strong>352</strong></span> <span class='ocrx_word' id='word_1_2' title='bbox 765 178 992 218; x_wconf 81' lang='lat' dir='ltr'><strong>CONTRA</strong></span> <span class='ocrx_word' id='word_1_3' title='bbox 1026 178 1250 218; x_wconf 77' lang='lat' dir='ltr'><strong>MIDIAM.</strong></span> 
     </span>
    </p>
   </div>
   <div class='ocr_carea' id='block_1_2' title="bbox 280 280 1749 2969">
    <p class='ocr_par' dir='ltr' id='par_1_2' title="bbox 280 280 1740 1424">
     <span class='ocr_line' id='line_1_2' title="bbox 281 280 1734 332; baseline -0.001 -12"><span class='ocrx_word' id='word_1_4' title='bbox 281 280 449 320; x_wconf 86' lang='lat' dir='ltr'><strong>tumeliis</strong></span> <span class='ocrx_word' id='word_1_5' title='bbox 469 280 734 320; x_wconf 83' lang='lat' dir='ltr'><strong>afficiebamini</strong></span> <span class='ocrx_word' id='word_1_6' title='bbox 753 281 790 320; x_wconf 93' lang='lat' dir='ltr'><strong>in</strong></span> <span class='ocrx_word' id='word_1_7' title='bbox 809 282 1005 328; x_wconf 81' lang='lat' dir='ltr'><strong>aedilitate,</strong></span> <span class='ocrx_word' id='word_1_8' title='bbox 1025 282 1099 320; x_wconf 92' lang='lat' dir='ltr'><strong>hoc</strong></span> <span class='ocrx_word' id='word_1_9' title='bbox 1116 282 1246 332; x_wconf 88' lang='lat' dir='ltr'><strong>utique</strong></span> <span class='ocrx_word' id='word_1_10' title='bbox 1266 280 1401 324; x_wconf 83' lang='lat' dir='ltr'><strong>nostis,</strong></span> <span class='ocrx_word' id='word_1_11' title='bbox 1421 292 1490 318; x_wconf 89' lang='lat' dir='ltr'><strong>vos</strong></span> <span class='ocrx_word' id='word_1_12' title='bbox 1510 293 1582 318; x_wconf 92' lang='lat' dir='ltr'><strong>nec</strong></span> <span class='ocrx_word' id='word_1_13' title='bbox 1601 280 1734 318; x_wconf 81' lang='lat' dir='ltr'><strong>aediles</strong></span> 
     </span>
     <span class='ocr_line' id='line_1_3' title="bbox 280 341 1735 395; baseline -0.003 -13"><span class='ocrx_word' id='word_1_14' title='bbox 280 355 417 382; x_wconf 86' lang='lat' dir='ltr'><strong>omnes</strong></span> <span class='ocrx_word' id='word_1_15' title='bbox 444 342 556 380; x_wconf 90' lang='lat' dir='ltr'><strong>simul</strong></span> <span class='ocrx_word' id='word_1_16' title='bbox 577 356 678 390; x_wconf 89' lang='lat' dir='ltr'><strong>esse,</strong></span> <span class='ocrx_word' id='word_1_17' title='bbox 705 357 830 395; x_wconf 87' lang='lat' dir='ltr'><strong>neque</strong></span> <span class='ocrx_word' id='word_1_18' title='bbox 851 357 965 395; x_wconf 90' lang='lat' dir='ltr'><strong>posse</strong></span> <span class='ocrx_word' id='word_1_19' title='bbox 994 355 1215 394; x_wconf 86' lang='lat' dir='ltr'><strong>quenquam</strong></span> <span class='ocrx_word' id='word_1_20' title='bbox 1243 355 1310 380; x_wconf 91' lang='lat' dir='ltr'><strong>vos</strong></span> <span class='ocrx_word' id='word_1_21' title='bbox 1335 341 1449 379; x_wconf 90' lang='lat' dir='ltr'><strong>simul</strong></span> <span class='ocrx_word' id='word_1_22' title='bbox 1478 354 1626 387; x_wconf 86' lang='lat' dir='ltr'><strong>omnes,</strong></span> <span class='ocrx_word' id='word_1_23' title='bbox 1652 354 1735 379; x_wconf 86' lang='lat' dir='ltr'><strong>-una</strong></span> 
     </span>
     <span class='ocr_line' id='line_1_4' title="bbox 280 402 1735 455; baseline -0.002 -13"><span class='ocrx_word' id='word_1_24' title='bbox 280 404 437 455; x_wconf 90' lang='lat' dir='ltr'><strong>quidem</strong></span> <span class='ocrx_word' id='word_1_25' title='bbox 457 417 586 450; x_wconf 83' lang='lat' dir='ltr'><strong>manu,</strong></span> <span class='ocrx_word' id='word_1_26' title='bbox 607 405 705 443; x_wconf 89' lang='lat' dir='ltr'><strong>male</strong></span> <span class='ocrx_word' id='word_1_27' title='bbox 725 412 902 444; x_wconf 89' lang='lat' dir='ltr'><strong>tractare.</strong></span> <span class='ocrx_word' id='word_1_28' title='bbox 945 405 1025 443; x_wconf 89' lang='lat' dir='ltr'><strong>Sed</strong></span> <span class='ocrx_word' id='word_1_29' title='bbox 1046 418 1134 443; x_wconf 90' lang='lat' dir='ltr'><strong>cum</strong></span> <span class='ocrx_word' id='word_1_30' title='bbox 1155 417 1269 449; x_wconf 90' lang='lat' dir='ltr'><strong>unus,</strong></span> <span class='ocrx_word' id='word_1_31' title='bbox 1291 404 1351 441; x_wconf 92' lang='lat' dir='ltr'><strong>cui</strong></span> <span class='ocrx_word' id='word_1_32' title='bbox 1373 403 1478 440; x_wconf 85' lang='lat' dir='ltr'><strong>facta</strong></span> <span class='ocrx_word' id='word_1_33' title='bbox 1501 402 1638 454; x_wconf 88' lang='lat' dir='ltr'><strong>injuria</strong></span> <span class='ocrx_word' id='word_1_34' title='bbox 1661 408 1735 447; x_wconf 83' lang='lat' dir='ltr'><strong>est,</strong></span> 
     </span>
     <span class='ocr_line' id='line_1_5' title="bbox 281 467 1736 517; baseline -0.001 -15"><span class='ocrx_word' id='word_1_35' title='bbox 281 477 418 516; x_wconf 90' lang='lat' dir='ltr'><strong>poenas</strong></span> <span class='ocrx_word' id='word_1_36' title='bbox 448 478 526 502; x_wconf 90' lang='lat' dir='ltr'><strong>non</strong></span> <span class='ocrx_word' id='word_1_37' title='bbox 558 467 775 517; x_wconf 78' lang='lat' dir='ltr'><strong>sumpserit,</strong></span> <span class='ocrx_word' id='word_1_38' title='bbox 804 473 886 503; x_wconf 89' lang='lat' dir='ltr'><strong>tum</strong></span> <span class='ocrx_word' id='word_1_39' title='bbox 913 478 1224 516; x_wconf 89' lang='lat' dir='ltr'><strong>unumquemque</strong></span> <span class='ocrx_word' id='word_1_40' title='bbox 1255 470 1480 514; x_wconf 87' lang='lat' dir='ltr'><strong>exspectare</strong></span> <span class='ocrx_word' id='word_1_41' title='bbox 1511 469 1663 514; x_wconf 84' lang='lat' dir='ltr'>oportet</span> <span class='ocrx_word' id='word_1_42' title='bbox 1695 476 1736 500; x_wconf 87' lang='lat' dir='ltr'><strong>se</strong></span> 
     </span>
     <span class='ocr_line' id='line_1_6' title="bbox 281 523 1735 577; baseline -0.001 -14"><span class='ocrx_word' id='word_1_43' title='bbox 281 526 497 577; x_wconf 88' lang='lat' dir='ltr'><strong>proximum</strong></span> <span class='ocrx_word' id='word_1_44' title='bbox 515 526 595 564; x_wconf 90' lang='lat' dir='ltr'><strong>fore</strong></span> <span class='ocrx_word' id='word_1_45' title='bbox 615 527 738 577; x_wconf 90' lang='lat' dir='ltr'><strong>ipsum</strong></span> <span class='ocrx_word' id='word_1_46' title='bbox 757 527 822 577; x_wconf 88' lang='lat' dir='ltr'><strong>qui</strong></span> <span class='ocrx_word' id='word_1_47' title='bbox 844 527 893 564; x_wconf 89' lang='lat' dir='ltr'><strong>sit</strong></span> <span class='ocrx_word' id='word_1_48' title='bbox 911 527 1055 575; x_wconf 87' lang='lat' dir='ltr'><strong>injuriis</strong></span> <span class='ocrx_word' id='word_1_49' title='bbox 1076 526 1317 570; x_wconf 87' lang='lat' dir='ltr'><strong>afficiendus,</strong></span> <span class='ocrx_word' id='word_1_50' title='bbox 1339 539 1464 576; x_wconf 91' lang='lat' dir='ltr'><strong>neque</strong></span> <span class='ocrx_word' id='word_1_51' title='bbox 1493 525 1586 562; x_wconf 88' lang='lat' dir='ltr'><strong>talia</strong></span> <span class='ocrx_word' id='word_1_52' title='bbox 1614 523 1735 575; x_wconf 84' lang='lat' dir='ltr'><strong>negli-</strong></span> 
     </span>
     <span class='ocr_line' id='line_1_7' title="bbox 281 584 1736 638; baseline -0.002 -13"><span class='ocrx_word' id='word_1_53' title='bbox 281 599 388 638; x_wconf 83' lang='lat' dir='ltr'><strong>gere,</strong></span> <span class='ocrx_word' id='word_1_54' title='bbox 407 600 531 638; x_wconf 89' lang='lat' dir='ltr'><strong>neque</strong></span> <span class='ocrx_word' id='word_1_55' title='bbox 553 594 779 637; x_wconf 88' lang='lat' dir='ltr'><strong>exspectare</strong></span> <span class='ocrx_word' id='word_1_56' title='bbox 809 600 854 625; x_wconf 91' lang='lat' dir='ltr'><strong>eo</strong></span> <span class='ocrx_word' id='word_1_57' title='bbox 876 600 1000 637; x_wconf 87' lang='lat' dir='ltr'><strong>usque</strong></span> <span class='ocrx_word' id='word_1_58' title='bbox 1030 588 1119 624; x_wconf 87' lang='lat' dir='ltr'><strong>dum</strong></span> <span class='ocrx_word' id='word_1_59' title='bbox 1145 586 1256 623; x_wconf 87' lang='lat' dir='ltr'>simili</span> <span class='ocrx_word' id='word_1_60' title='bbox 1285 586 1397 624; x_wconf 90' lang='lat' dir='ltr'><strong>clade</strong></span> <span class='ocrx_word' id='word_1_61' title='bbox 1425 592 1630 636; x_wconf 83' lang='lat' dir='ltr'><strong>prematur,</strong></span> <span class='ocrx_word' id='word_1_62' title='bbox 1666 584 1736 622; x_wconf 88' lang='lat' dir='ltr'><strong>sed</strong></span> 
     </span>
     <span class='ocr_line' id='line_1_8' title="bbox 281 647 1735 700; baseline -0.003 -13"><span class='ocrx_word' id='word_1_63' title='bbox 281 649 399 700; x_wconf 87' lang='lat' dir='ltr'><strong>longe</strong></span> <span class='ocrx_word' id='word_1_64' title='bbox 426 657 514 686; x_wconf 87' lang='lat' dir='ltr'><strong>ante</strong></span> <span class='ocrx_word' id='word_1_65' title='bbox 542 661 772 699; x_wconf 83' lang='lat' dir='ltr'><strong>praecavere.</strong></span> <span class='ocrx_word' id='word_1_66' title='bbox 811 648 906 685; x_wconf 83' lang='lat' dir='ltr'>Odit</span> <span class='ocrx_word' id='word_1_67' title='bbox 936 648 1077 686; x_wconf 84' lang='lat' dir='ltr'>Midias</span> <span class='ocrx_word' id='word_1_68' title='bbox 1112 648 1273 685; x_wconf 86' lang='lat' dir='ltr'><strong>fortasse</strong></span> <span class='ocrx_word' id='word_1_69' title='bbox 1307 660 1381 684; x_wconf 89' lang='lat' dir='ltr'><strong>me.</strong></span> <span class='ocrx_word' id='word_1_70' title='bbox 1431 647 1613 684; x_wconf 90' lang='lat' dir='ltr'><strong>Vestrum</strong></span> <span class='ocrx_word' id='word_1_71' title='bbox 1644 657 1735 683; x_wconf 86' lang='lat' dir='ltr'><strong>vero</strong></span> 
     </span>
     <span class='ocr_line' id='line_1_9' title="bbox 281 706 1735 760; baseline -0.002 -14"><span class='ocrx_word' id='word_1_72' title='bbox 281 722 475 760; x_wconf 89' lang='lat' dir='ltr'><strong>quemque</strong></span> <span class='ocrx_word' id='word_1_73' title='bbox 495 709 592 746; x_wconf 91' lang='lat' dir='ltr'><strong>alius</strong></span> <span class='ocrx_word' id='word_1_74' title='bbox 615 708 816 759; x_wconf 85' lang='lat' dir='ltr'><strong>quispiam.</strong></span> <span class='ocrx_word' id='word_1_75' title='bbox 848 708 951 745; x_wconf 90' lang='lat' dir='ltr'><strong>Num</strong></span> <span class='ocrx_word' id='word_1_76' title='bbox 970 709 1084 759; x_wconf 81' lang='lat' dir='ltr'><strong>igitur</strong></span> <span class='ocrx_word' id='word_1_77' title='bbox 1098 708 1380 753; x_wconf 82' lang='lat' dir='ltr'><strong>concesseritis,</strong></span> <span class='ocrx_word' id='word_1_78' title='bbox 1402 715 1444 745; x_wconf 93' lang='lat' dir='ltr'><strong>ut</strong></span> <span class='ocrx_word' id='word_1_79' title='bbox 1463 707 1542 758; x_wconf 83' lang='lat' dir='ltr'><strong>ille,</strong></span> <span class='ocrx_word' id='word_1_80' title='bbox 1563 706 1735 757; x_wconf 87' lang='lat' dir='ltr'><strong>quisquis</strong></span> 
     </span>
     <span class='ocr_line' id='line_1_10' title="bbox 281 767 1738 821; baseline -0.003 -12"><span class='ocrx_word' id='word_1_81' title='bbox 281 777 343 809; x_wconf 89' lang='lat' dir='ltr'><strong>est</strong></span> <span class='ocrx_word' id='word_1_82' title='bbox 354 771 598 821; x_wconf 90' lang='lat' dir='ltr'><strong>quivestrum</strong></span> <span class='ocrx_word' id='word_1_83' title='bbox 614 782 806 821; x_wconf 88' lang='lat' dir='ltr'><strong>quemque</strong></span> <span class='ocrx_word' id='word_1_84' title='bbox 826 769 919 815; x_wconf 84' lang='lat' dir='ltr'><strong>odit,</strong></span> <span class='ocrx_word' id='word_1_85' title='bbox 938 782 1005 819; x_wconf 89' lang='lat' dir='ltr'><strong>pro</strong></span> <span class='ocrx_word' id='word_1_86' title='bbox 1020 769 1177 807; x_wconf 87' lang='lat' dir='ltr'><strong>libidine</strong></span> <span class='ocrx_word' id='word_1_87' title='bbox 1198 783 1268 807; x_wconf 89' lang='lat' dir='ltr'><strong>sua</strong></span> <span class='ocrx_word' id='word_1_88' title='bbox 1287 775 1456 806; x_wconf 89' lang='lat' dir='ltr'><strong>vestrum</strong></span> <span class='ocrx_word' id='word_1_89' title='bbox 1477 781 1664 819; x_wconf 87' lang='lat' dir='ltr'><strong>quemque</strong></span> <span class='ocrx_word' id='word_1_90' title='bbox 1683 767 1738 805; x_wconf 86' lang='lat' dir='ltr'><strong>ita</strong></span> 
     </span>
     <span class='ocr_line' id='line_1_11' title="bbox 281 829 1734 883; baseline -0.003 -13"><span class='ocrx_word' id='word_1_91' title='bbox 281 837 432 876; x_wconf 88' lang='lat' dir='ltr'><strong>tractet,</strong></span> <span class='ocrx_word' id='word_1_92' title='bbox 469 831 794 883; x_wconf 84' lang='lat' dir='ltr'><strong>quemadmodum</strong></span> <span class='ocrx_word' id='word_1_93' title='bbox 831 831 902 867; x_wconf 89' lang='lat' dir='ltr'><strong>iste</strong></span> <span class='ocrx_word' id='word_1_94' title='bbox 940 843 1000 867; x_wconf 91' lang='lat' dir='ltr'><strong>me</strong></span> <span class='ocrx_word' id='word_1_95' title='bbox 1027 830 1233 868; x_wconf 77' lang='lat' dir='ltr'><strong>tractavit?</strong></span> <span class='ocrx_word' id='word_1_96' title='bbox 1264 830 1453 880; x_wconf 90' lang='lat' dir='ltr'><strong>Equidem</strong></span> <span class='ocrx_word' id='word_1_97' title='bbox 1483 842 1561 866; x_wconf 89' lang='lat' dir='ltr'><strong>non</strong></span> <span class='ocrx_word' id='word_1_98' title='bbox 1590 829 1734 879; x_wconf 89' lang='lat' dir='ltr'><strong>opinor.</strong></span> 
     </span>
     <span class='ocr_line' id='line_1_12' title="bbox 281 889 1736 943; baseline -0.003 -12"><span class='ocrx_word' id='word_1_99' title='bbox 281 893 452 931; x_wconf 89' lang='lat' dir='ltr'><strong>Proinde</strong></span> <span class='ocrx_word' id='word_1_100' title='bbox 471 906 531 930; x_wconf 89' lang='lat' dir='ltr'><strong>me</strong></span> <span class='ocrx_word' id='word_1_101' title='bbox 551 905 703 943; x_wconf 91' lang='lat' dir='ltr'><strong>quoque</strong></span> <span class='ocrx_word' id='word_1_102' title='bbox 724 893 772 929; x_wconf 88' lang='lat' dir='ltr'><strong>ab</strong></span> <span class='ocrx_word' id='word_1_103' title='bbox 804 891 913 929; x_wconf 89' lang='lat' dir='ltr'><strong>istius</strong></span> <span class='ocrx_word' id='word_1_104' title='bbox 941 891 1146 928; x_wconf 88' lang='lat' dir='ltr'><strong>insolentia</strong></span> <span class='ocrx_word' id='word_1_105' title='bbox 1165 891 1372 928; x_wconf 86' lang='lat' dir='ltr'><strong>defendite.</strong></span> <span class='ocrx_word' id='word_1_106' title='bbox 1415 890 1560 927; x_wconf 86' lang='lat' dir='ltr'><strong>Saltem</strong></span> <span class='ocrx_word' id='word_1_107' title='bbox 1587 890 1661 927; x_wconf 86' lang='lat' dir='ltr'><strong>hoc</strong></span> <span class='ocrx_word' id='word_1_108' title='bbox 1681 889 1736 927; x_wconf 89' lang='lat' dir='ltr'><strong>vi-</strong></span> 
     </span>
     <span class='ocr_line' id='line_1_13' title="bbox 281 951 1737 1006; baseline -0.003 -14"><span class='ocrx_word' id='word_1_109' title='bbox 281 954 395 993; x_wconf 90' lang='lat' dir='ltr'><strong>dete:</strong></span> <span class='ocrx_word' id='word_1_110' title='bbox 419 954 501 1006; x_wconf 86' lang='lat' dir='ltr'><strong>jam</strong></span> <span class='ocrx_word' id='word_1_111' title='bbox 533 955 660 992; x_wconf 87' lang='lat' dir='ltr'><strong>statim</strong></span> <span class='ocrx_word' id='word_1_112' title='bbox 694 953 759 991; x_wconf 91' lang='lat' dir='ltr'><strong>ubi</strong></span> <span class='ocrx_word' id='word_1_113' title='bbox 785 952 976 1003; x_wconf 89' lang='lat' dir='ltr'><strong>judicium</strong></span> <span class='ocrx_word' id='word_1_114' title='bbox 1003 952 1221 997; x_wconf 83' lang='lat' dir='ltr'><strong>surrexerit,</strong></span> <span class='ocrx_word' id='word_1_115' title='bbox 1256 951 1522 1002; x_wconf 91' lang='lat' dir='ltr'><strong>unusquisque</strong></span> <span class='ocrx_word' id='word_1_116' title='bbox 1553 958 1737 997; x_wconf 87' lang='lat' dir='ltr'><strong>vestrum,</strong></span> 
     </span>
     <span class='ocr_line' id='line_1_14' title="bbox 282 1012 1738 1059; baseline -0.003 -5"><span class='ocrx_word' id='word_1_117' title='bbox 282 1017 381 1055; x_wconf 89' lang='lat' dir='ltr'><strong>alius</strong></span> <span class='ocrx_word' id='word_1_118' title='bbox 419 1017 582 1054; x_wconf 89' lang='lat' dir='ltr'><strong>fortasse</strong></span> <span class='ocrx_word' id='word_1_119' title='bbox 611 1015 812 1059; x_wconf 80' lang='lat' dir='ltr'><strong>maturius,</strong></span> <span class='ocrx_word' id='word_1_120' title='bbox 845 1015 941 1052; x_wconf 91' lang='lat' dir='ltr'><strong>alius</strong></span> <span class='ocrx_word' id='word_1_121' title='bbox 984 1015 1104 1052; x_wconf 92' lang='lat' dir='ltr'><strong>serius</strong></span> <span class='ocrx_word' id='word_1_122' title='bbox 1134 1014 1292 1052; x_wconf 87' lang='lat' dir='ltr'><strong>domum</strong></span> <span class='ocrx_word' id='word_1_123' title='bbox 1321 1014 1534 1059; x_wconf 85' lang='lat' dir='ltr'><strong>revertitur,</strong></span> <span class='ocrx_word' id='word_1_124' title='bbox 1562 1012 1669 1050; x_wconf 87' lang='lat' dir='ltr'><strong>nulla</strong></span> <span class='ocrx_word' id='word_1_125' title='bbox 1696 1025 1738 1050; x_wconf 90' lang='lat' dir='ltr'><strong>re</strong></span> 
     </span>
     <span class='ocr_line' id='line_1_15' title="bbox 281 1073 1739 1128; baseline -0.003 -12"><span class='ocrx_word' id='word_1_126' title='bbox 281 1077 483 1124; x_wconf 88' lang='lat' dir='ltr'><strong>sollicitus,</strong></span> <span class='ocrx_word' id='word_1_127' title='bbox 499 1090 622 1128; x_wconf 89' lang='lat' dir='ltr'><strong>neque</strong></span> <span class='ocrx_word' id='word_1_128' title='bbox 642 1083 881 1128; x_wconf 82' lang='lat' dir='ltr'><strong>respectans,</strong></span> <span class='ocrx_word' id='word_1_129' title='bbox 893 1083 958 1114; x_wconf 88' lang='lat' dir='ltr'><strong>aut</strong></span> <span class='ocrx_word' id='word_1_130' title='bbox 972 1083 1147 1113; x_wconf 90' lang='lat' dir='ltr'><strong>metuens</strong></span> <span class='ocrx_word' id='word_1_131' title='bbox 1163 1077 1382 1126; x_wconf 87' lang='lat' dir='ltr'><strong>quicquam,</strong></span> <span class='ocrx_word' id='word_1_132' title='bbox 1398 1075 1475 1112; x_wconf 88' lang='lat' dir='ltr'><strong>sive</strong></span> <span class='ocrx_word' id='word_1_133' title='bbox 1491 1074 1638 1112; x_wconf 88' lang='lat' dir='ltr'><strong>amicus</strong></span> <span class='ocrx_word' id='word_1_134' title='bbox 1654 1073 1739 1121; x_wconf 89' lang='lat' dir='ltr'><strong>sibi,</strong></span> 
     </span>
     <span class='ocr_line' id='line_1_16' title="bbox 281 1138 1738 1188; baseline -0.003 -11"><span class='ocrx_word' id='word_1_135' title='bbox 281 1139 360 1178; x_wconf 89' lang='lat' dir='ltr'><strong>sive</strong></span> <span class='ocrx_word' id='word_1_136' title='bbox 379 1139 555 1177; x_wconf 86' lang='lat' dir='ltr'><strong>inimicus</strong></span> <span class='ocrx_word' id='word_1_137' title='bbox 576 1139 728 1177; x_wconf 88' lang='lat' dir='ltr'><strong>obviam</strong></span> <span class='ocrx_word' id='word_1_138' title='bbox 745 1138 871 1184; x_wconf 88' lang='lat' dir='ltr'><strong>detur,</strong></span> <span class='ocrx_word' id='word_1_139' title='bbox 895 1151 1018 1188; x_wconf 89' lang='lat' dir='ltr'><strong>neque</strong></span> <span class='ocrx_word' id='word_1_140' title='bbox 1037 1150 1150 1188; x_wconf 93' lang='lat' dir='ltr'><strong>porro</strong></span> <span class='ocrx_word' id='word_1_141' title='bbox 1170 1144 1298 1174; x_wconf 90' lang='lat' dir='ltr'><strong>utrum</strong></span> <span class='ocrx_word' id='word_1_142' title='bbox 1326 1150 1492 1187; x_wconf 82' lang='lat' dir='ltr'><strong>magnus</strong></span> <span class='ocrx_word' id='word_1_143' title='bbox 1512 1149 1560 1173; x_wconf 92' lang='lat' dir='ltr'><strong>an</strong></span> <span class='ocrx_word' id='word_1_144' title='bbox 1580 1148 1738 1186; x_wconf 87' lang='lat' dir='ltr'><strong>parvus,</strong></span> 
     </span>
     <span class='ocr_line' id='line_1_17' title="bbox 282 1198 1738 1251; baseline -0.003 -12"><span class='ocrx_word' id='word_1_145' title='bbox 282 1214 408 1251; x_wconf 87' lang='lat' dir='ltr'><strong>neque</strong></span> <span class='ocrx_word' id='word_1_146' title='bbox 427 1208 555 1238; x_wconf 89' lang='lat' dir='ltr'><strong>utrum</strong></span> <span class='ocrx_word' id='word_1_147' title='bbox 573 1201 752 1239; x_wconf 88' lang='lat' dir='ltr'><strong>robustus</strong></span> <span class='ocrx_word' id='word_1_148' title='bbox 774 1214 822 1238; x_wconf 90' lang='lat' dir='ltr'><strong>an</strong></span> <span class='ocrx_word' id='word_1_149' title='bbox 846 1199 1059 1246; x_wconf 89' lang='lat' dir='ltr'><strong>imbecillis,</strong></span> <span class='ocrx_word' id='word_1_150' title='bbox 1085 1212 1210 1249; x_wconf 90' lang='lat' dir='ltr'><strong>neque</strong></span> <span class='ocrx_word' id='word_1_151' title='bbox 1229 1199 1394 1249; x_wconf 90' lang='lat' dir='ltr'><strong>denique</strong></span> <span class='ocrx_word' id='word_1_152' title='bbox 1423 1198 1500 1235; x_wconf 88' lang='lat' dir='ltr'><strong>tale</strong></span> <span class='ocrx_word' id='word_1_153' title='bbox 1519 1198 1738 1248; x_wconf 87' lang='lat' dir='ltr'><strong>quicquam.</strong></span> 
     </span>
     <span class='ocr_line' id='line_1_18' title="bbox 284 1258 1740 1310; baseline -0.003 -10"><span class='ocrx_word' id='word_1_154' title='bbox 284 1262 364 1301; x_wconf 89' lang='lat' dir='ltr'><strong>Cur</strong></span> <span class='ocrx_word' id='word_1_155' title='bbox 383 1275 472 1300; x_wconf 87' lang='lat' dir='ltr'><strong>vero</strong></span> <span class='ocrx_word' id='word_1_156' title='bbox 491 1261 645 1300; x_wconf 72' lang='lat' dir='ltr'><strong>isthuc?</strong></span> <span class='ocrx_word' id='word_1_157' title='bbox 675 1262 777 1306; x_wconf 87' lang='lat' dir='ltr'><strong>Quia</strong></span> <span class='ocrx_word' id='word_1_158' title='bbox 801 1262 875 1299; x_wconf 90' lang='lat' dir='ltr'><strong>hoc</strong></span> <span class='ocrx_word' id='word_1_159' title='bbox 896 1262 1024 1299; x_wconf 88' lang='lat' dir='ltr'><strong>animo</strong></span> <span class='ocrx_word' id='word_1_160' title='bbox 1045 1273 1114 1298; x_wconf 83' lang='lat' dir='ltr'><strong>suo</strong></span> <span class='ocrx_word' id='word_1_161' title='bbox 1135 1261 1252 1306; x_wconf 91' lang='lat' dir='ltr'><strong>novit,</strong></span> <span class='ocrx_word' id='word_1_162' title='bbox 1273 1260 1348 1297; x_wconf 88' lang='lat' dir='ltr'><strong>hoc</strong></span> <span class='ocrx_word' id='word_1_163' title='bbox 1369 1260 1465 1306; x_wconf 89' lang='lat' dir='ltr'><strong>fidit,</strong></span> <span class='ocrx_word' id='word_1_164' title='bbox 1485 1266 1600 1310; x_wconf 87' lang='lat' dir='ltr'><strong>atque</strong></span> <span class='ocrx_word' id='word_1_165' title='bbox 1619 1258 1740 1296; x_wconf 82' lang='lat' dir='ltr'><strong>fretus</strong></span> 
     </span>
     <span class='ocr_line' id='line_1_19' title="bbox 282 1320 1738 1374; baseline -0.003 -13"><span class='ocrx_word' id='word_1_166' title='bbox 282 1330 342 1361; x_wconf 89' lang='lat' dir='ltr'><strong>est</strong></span> <span class='ocrx_word' id='word_1_167' title='bbox 366 1323 575 1374; x_wconf 86' lang='lat' dir='ltr'><strong>republica,</strong></span> <span class='ocrx_word' id='word_1_168' title='bbox 597 1336 639 1360; x_wconf 89' lang='lat' dir='ltr'><strong>se</strong></span> <span class='ocrx_word' id='word_1_169' title='bbox 665 1336 688 1361; x_wconf 84' lang='lat' dir='ltr'><strong>a</strong></span> <span class='ocrx_word' id='word_1_170' title='bbox 706 1323 858 1361; x_wconf 89' lang='lat' dir='ltr'><strong>nemine</strong></span> <span class='ocrx_word' id='word_1_171' title='bbox 882 1322 1126 1369; x_wconf 86' lang='lat' dir='ltr'><strong>trahendum,</strong></span> <span class='ocrx_word' id='word_1_172' title='bbox 1156 1326 1224 1359; x_wconf 84' lang='lat' dir='ltr'><strong>aut</strong></span> <span class='ocrx_word' id='word_1_173' title='bbox 1252 1320 1541 1372; x_wconf 83' lang='lat' dir='ltr'><strong>exagitandum,</strong></span> <span class='ocrx_word' id='word_1_174' title='bbox 1570 1326 1637 1358; x_wconf 88' lang='lat' dir='ltr'><strong>aut</strong></span> <span class='ocrx_word' id='word_1_175' title='bbox 1653 1332 1738 1357; x_wconf 86' lang='lat' dir='ltr'><strong>ver-</strong></span> 
     </span>
     <span class='ocr_line' id='line_1_20' title="bbox 282 1385 614 1424; baseline -0.003 -1"><span class='ocrx_word' id='word_1_176' title='bbox 282 1385 497 1424; x_wconf 88' lang='lat' dir='ltr'><strong>berandum</strong></span> <span class='ocrx_word' id='word_1_177' title='bbox 517 1398 614 1423; x_wconf 87' lang='lat' dir='ltr'><strong>esse.</strong></span> 
     </span>
    </p>

    <p class='ocr_par' dir='ltr' id='par_1_3' title="bbox 282 1443 1749 2909">
     <span class='ocr_line' id='line_1_21' title="bbox 335 1443 1743 1497; baseline -0.003 -13"><span class='ocrx_word' id='word_1_178' title='bbox 335 1448 400 1484; x_wconf 72' lang='lat'><strong>62.</strong></span> <span class='ocrx_word' id='word_1_179' title='bbox 431 1447 475 1484; x_wconf 92' lang='lat' dir='ltr'><strong>In</strong></span> <span class='ocrx_word' id='word_1_180' title='bbox 495 1459 570 1497; x_wconf 89' lang='lat' dir='ltr'><strong>qua</strong></span> <span class='ocrx_word' id='word_1_181' title='bbox 589 1445 704 1496; x_wconf 87' lang='lat' dir='ltr'><strong>igitur</strong></span> <span class='ocrx_word' id='word_1_182' title='bbox 722 1444 929 1483; x_wconf 87' lang='lat' dir='ltr'><strong>securitate</strong></span> <span class='ocrx_word' id='word_1_183' title='bbox 950 1445 1010 1482; x_wconf 88' lang='lat' dir='ltr'><strong>itis</strong></span> <span class='ocrx_word' id='word_1_184' title='bbox 1026 1445 1113 1495; x_wconf 85' lang='lat' dir='ltr'><strong>ipsi,</strong></span> <span class='ocrx_word' id='word_1_185' title='bbox 1132 1457 1209 1481; x_wconf 90' lang='lat' dir='ltr'><strong>non</strong></span> <span class='ocrx_word' id='word_1_186' title='bbox 1222 1444 1328 1494; x_wconf 88' lang='lat' dir='ltr'><strong>prius</strong></span> <span class='ocrx_word' id='word_1_187' title='bbox 1344 1456 1389 1481; x_wconf 91' lang='lat' dir='ltr'><strong>ea</strong></span> <span class='ocrx_word' id='word_1_188' title='bbox 1407 1443 1498 1479; x_wconf 90' lang='lat' dir='ltr'><strong>mihi</strong></span> <span class='ocrx_word' id='word_1_189' title='bbox 1518 1443 1743 1480; x_wconf 85' lang='lat' dir='ltr'><strong>confirmata</strong></span> 
     </span>
     <span class='ocr_line' id='line_1_22' title="bbox 284 1504 1742 1558; baseline -0.003 -12"><span class='ocrx_word' id='word_1_190' title='bbox 284 1507 458 1547; x_wconf 77' lang='lat' dir='ltr'><strong>vadetis?</strong></span> <span class='ocrx_word' id='word_1_191' title='bbox 488 1509 577 1550; x_wconf 82' lang='lat' dir='ltr'><strong>Qua</strong></span> <span class='ocrx_word' id='word_1_192' title='bbox 595 1520 663 1558; x_wconf 90' lang='lat' dir='ltr'><strong>spe</strong></span> <span class='ocrx_word' id='word_1_193' title='bbox 682 1507 797 1557; x_wconf 80' lang='lat' dir='ltr'><strong>igitur</strong></span> <span class='ocrx_word' id='word_1_194' title='bbox 813 1513 879 1544; x_wconf 88' lang='lat' dir='ltr'><strong>aut</strong></span> <span class='ocrx_word' id='word_1_195' title='bbox 892 1506 1180 1556; x_wconf 81' lang='lat' dir='ltr'><strong>exspectatione</strong></span> <span class='ocrx_word' id='word_1_196' title='bbox 1196 1504 1288 1542; x_wconf 91' lang='lat' dir='ltr'><strong>talia</strong></span> <span class='ocrx_word' id='word_1_197' title='bbox 1303 1517 1522 1555; x_wconf 87' lang='lat' dir='ltr'><strong>perpessum</strong></span> <span class='ocrx_word' id='word_1_198' title='bbox 1539 1517 1742 1555; x_wconf 84' lang='lat' dir='ltr'><strong>superesse</strong></span> 
     </span>
     <span class='ocr_line' id='line_1_23' title="bbox 282 1567 1744 1622; baseline -0.003 -12"><span class='ocrx_word' id='word_1_199' title='bbox 282 1585 328 1610; x_wconf 84' lang='lat' dir='ltr'><strong>ae</strong></span> <span class='ocrx_word' id='word_1_200' title='bbox 349 1572 475 1609; x_wconf 88' lang='lat' dir='ltr'><strong>vivere</strong></span> <span class='ocrx_word' id='word_1_201' title='bbox 495 1570 699 1622; x_wconf 90' lang='lat' dir='ltr'><strong>oportebit,</strong></span> <span class='ocrx_word' id='word_1_202' title='bbox 720 1569 752 1607; x_wconf 91' lang='lat' dir='ltr'><strong>si</strong></span> <span class='ocrx_word' id='word_1_203' title='bbox 782 1582 886 1607; x_wconf 87' lang='lat' dir='ltr'><strong>nunc</strong></span> <span class='ocrx_word' id='word_1_204' title='bbox 918 1582 989 1606; x_wconf 79' lang='lat' dir='ltr'><strong>vos</strong></span> <span class='ocrx_word' id='word_1_205' title='bbox 1019 1581 1079 1605; x_wconf 88' lang='lat' dir='ltr'><strong>me</strong></span> <span class='ocrx_word' id='word_1_206' title='bbox 1108 1568 1343 1618; x_wconf 79' lang='lat' dir='ltr'><strong>negligetis?</strong></span> <span class='ocrx_word' id='word_1_207' title='bbox 1375 1569 1432 1605; x_wconf 91' lang='lat' dir='ltr'><strong>At</strong></span> <span class='ocrx_word' id='word_1_208' title='bbox 1456 1567 1610 1605; x_wconf 87' lang='lat' dir='ltr'><strong>hercule</strong></span> <span class='ocrx_word' id='word_1_209' title='bbox 1640 1567 1744 1606; x_wconf 92' lang='lat' dir='ltr'><strong>dicet</strong></span> 
     </span>
     <span class='ocr_line' id='line_1_24' title="bbox 282 1630 1742 1684; baseline -0.003 -12"><span class='ocrx_word' id='word_1_210' title='bbox 282 1634 436 1684; x_wconf 87' lang='lat' dir='ltr'><strong>aliquis,</strong></span> <span class='ocrx_word' id='word_1_211' title='bbox 464 1634 597 1671; x_wconf 90' lang='lat' dir='ltr'><strong>bono</strong></span> <span class='ocrx_word' id='word_1_212' title='bbox 627 1633 787 1671; x_wconf 88' lang='lat' dir='ltr'><strong>animo</strong></span> <span class='ocrx_word' id='word_1_213' title='bbox 818 1644 887 1669; x_wconf 90' lang='lat' dir='ltr'><strong>es.</strong></span> <span class='ocrx_word' id='word_1_214' title='bbox 930 1630 1069 1668; x_wconf 92' lang='lat' dir='ltr'><strong>Nihil</strong></span> <span class='ocrx_word' id='word_1_215' title='bbox 1099 1630 1230 1668; x_wconf 88' lang='lat' dir='ltr'><strong>enim</strong></span> <span class='ocrx_word' id='word_1_216' title='bbox 1261 1630 1307 1667; x_wconf 90' lang='lat' dir='ltr'><strong>in</strong></span> <span class='ocrx_word' id='word_1_217' title='bbox 1337 1636 1608 1681; x_wconf 85' lang='lat' dir='ltr'><strong>posterum</strong></span> <span class='ocrx_word' id='word_1_218' title='bbox 1637 1631 1742 1668; x_wconf 86' lang='lat' dir='ltr'><strong>tale</strong></span> 
     </span>
     <span class='ocr_line' id='line_1_25' title="bbox 283 1692 1744 1743; baseline -0.002 -10"><span class='ocrx_word' id='word_1_219' title='bbox 283 1695 379 1734; x_wconf 89' lang='lat' dir='ltr'><strong>tibi</strong></span> <span class='ocrx_word' id='word_1_220' title='bbox 415 1695 517 1732; x_wconf 89' lang='lat' dir='ltr'><strong>fiet.</strong></span> <span class='ocrx_word' id='word_1_221' title='bbox 563 1694 669 1738; x_wconf 89' lang='lat' dir='ltr'><strong>Quid</strong></span> <span class='ocrx_word' id='word_1_222' title='bbox 696 1707 786 1731; x_wconf 83' lang='lat' dir='ltr'><strong>vero</strong></span> <span class='ocrx_word' id='word_1_223' title='bbox 815 1693 847 1731; x_wconf 91' lang='lat' dir='ltr'><strong>si</strong></span> <span class='ocrx_word' id='word_1_224' title='bbox 880 1693 958 1738; x_wconf 89' lang='lat' dir='ltr'><strong>fiet,</strong></span> <span class='ocrx_word' id='word_1_225' title='bbox 988 1699 1070 1730; x_wconf 88' lang='lat' dir='ltr'><strong>tum</strong></span> <span class='ocrx_word' id='word_1_226' title='bbox 1096 1692 1327 1737; x_wconf 86' lang='lat' dir='ltr'><strong>irascemini,</strong></span> <span class='ocrx_word' id='word_1_227' title='bbox 1357 1705 1445 1730; x_wconf 84' lang='lat' dir='ltr'><strong>cum</strong></span> <span class='ocrx_word' id='word_1_228' title='bbox 1466 1693 1587 1743; x_wconf 86' lang='lat' dir='ltr'><strong>aequis</strong></span> <span class='ocrx_word' id='word_1_229' title='bbox 1608 1693 1744 1730; x_wconf 86' lang='lat' dir='ltr'><strong>animis</strong></span> 
     </span>
     <span class='ocr_line' id='line_1_26' title="bbox 284 1754 1743 1806; baseline -0.001 -12"><span class='ocrx_word' id='word_1_230' title='bbox 284 1769 390 1795; x_wconf 89' lang='lat' dir='ltr'><strong>nunc</strong></span> <span class='ocrx_word' id='word_1_231' title='bbox 418 1755 575 1793; x_wconf 72' lang='lat' dir='ltr'><strong>feratis?</strong></span> <span class='ocrx_word' id='word_1_232' title='bbox 631 1756 901 1806; x_wconf 86' lang='lat' dir='ltr'><strong>Nequaquam,</strong></span> <span class='ocrx_word' id='word_1_233' title='bbox 922 1754 1191 1798; x_wconf 88' lang='lat' dir='ltr'><strong>Athenienses,</strong></span> <span class='ocrx_word' id='word_1_234' title='bbox 1213 1767 1261 1791; x_wconf 90' lang='lat' dir='ltr'><strong>ne</strong></span> <span class='ocrx_word' id='word_1_235' title='bbox 1295 1754 1491 1792; x_wconf 88' lang='lat' dir='ltr'><strong>destituite</strong></span> <span class='ocrx_word' id='word_1_236' title='bbox 1519 1768 1640 1804; x_wconf 88' lang='lat' dir='ltr'><strong>neque</strong></span> <span class='ocrx_word' id='word_1_237' title='bbox 1668 1767 1743 1801; x_wconf 90' lang='lat' dir='ltr'><strong>me,</strong></span> 
     </span>
     <span class='ocr_line' id='line_1_27' title="bbox 285 1815 1745 1867; baseline -0.001 -12"><span class='ocrx_word' id='word_1_238' title='bbox 285 1830 410 1867; x_wconf 89' lang='lat' dir='ltr'><strong>neque</strong></span> <span class='ocrx_word' id='word_1_239' title='bbox 429 1817 700 1867; x_wconf 82' lang='lat' dir='ltr'><strong>vosmetipsos,</strong></span> <span class='ocrx_word' id='word_1_240' title='bbox 717 1829 843 1866; x_wconf 89' lang='lat' dir='ltr'><strong>neque</strong></span> <span class='ocrx_word' id='word_1_241' title='bbox 869 1816 986 1866; x_wconf 83' lang='lat' dir='ltr'><strong>leges.</strong></span> <span class='ocrx_word' id='word_1_242' title='bbox 1032 1815 1130 1852; x_wconf 87' lang='lat' dir='ltr'><strong>Nam</strong></span> <span class='ocrx_word' id='word_1_243' title='bbox 1147 1815 1239 1852; x_wconf 91' lang='lat' dir='ltr'><strong>illud</strong></span> <span class='ocrx_word' id='word_1_244' title='bbox 1257 1815 1381 1866; x_wconf 87' lang='lat' dir='ltr'><strong>ipsum</strong></span> <span class='ocrx_word' id='word_1_245' title='bbox 1398 1816 1427 1852; x_wconf 94' lang='lat' dir='ltr'><strong>si</strong></span> <span class='ocrx_word' id='word_1_246' title='bbox 1449 1815 1692 1853; x_wconf 87' lang='lat' dir='ltr'><strong>considerare</strong></span> <span class='ocrx_word' id='word_1_247' title='bbox 1705 1822 1745 1854; x_wconf 90' lang='lat' dir='ltr'><strong>et</strong></span> 
     </span>
     <span class='ocr_line' id='line_1_28' title="bbox 285 1875 1746 1928; baseline -0.001 -13"><span class='ocrx_word' id='word_1_248' title='bbox 285 1878 472 1928; x_wconf 83' lang='lat' dir='ltr'><strong>indagare</strong></span> <span class='ocrx_word' id='word_1_249' title='bbox 490 1877 643 1921; x_wconf 87' lang='lat' dir='ltr'><strong>voletis,</strong></span> <span class='ocrx_word' id='word_1_250' title='bbox 662 1889 778 1927; x_wconf 89' lang='lat' dir='ltr'><strong>quare</strong></span> <span class='ocrx_word' id='word_1_251' title='bbox 797 1876 863 1926; x_wconf 88' lang='lat' dir='ltr'><strong>qui</strong></span> <span class='ocrx_word' id='word_1_252' title='bbox 881 1890 901 1913; x_wconf 92' lang='lat' dir='ltr'><strong>e</strong></span> <span class='ocrx_word' id='word_1_253' title='bbox 921 1876 1046 1921; x_wconf 82' lang='lat' dir='ltr'><strong>vobis,</strong></span> <span class='ocrx_word' id='word_1_254' title='bbox 1065 1876 1145 1912; x_wconf 89' lang='lat' dir='ltr'><strong>suis</strong></span> <span class='ocrx_word' id='word_1_255' title='bbox 1165 1875 1306 1926; x_wconf 90' lang='lat' dir='ltr'><strong>quique</strong></span> <span class='ocrx_word' id='word_1_256' title='bbox 1318 1877 1555 1926; x_wconf 86' lang='lat' dir='ltr'><strong>temporibus</strong></span> <span class='ocrx_word' id='word_1_257' title='bbox 1569 1875 1634 1926; x_wconf 89' lang='lat' dir='ltr'><strong>jus</strong></span> <span class='ocrx_word' id='word_1_258' title='bbox 1651 1876 1746 1914; x_wconf 88' lang='lat' dir='ltr'><strong>dici-</strong></span> 
     </span>
     <span class='ocr_line' id='line_1_29' title="bbox 286 1928 1743 1987; baseline -0.001 -10"><span class='ocrx_word' id='word_1_259' title='bbox 286 1940 349 1984; x_wconf 90' lang='lat' dir='ltr'><strong>tis,</strong></span> <span class='ocrx_word' id='word_1_260' title='bbox 371 1939 611 1976; x_wconf 83' lang='lat' dir='ltr'><strong>sacrosancti</strong></span> <span class='ocrx_word' id='word_1_261' title='bbox 631 1939 721 1985; x_wconf 88' lang='lat' dir='ltr'><strong>sint,</strong></span> <span class='ocrx_word' id='word_1_262' title='bbox 741 1945 780 1975; x_wconf 92' lang='lat' dir='ltr'><strong>et</strong></span> <span class='ocrx_word' id='word_1_263' title='bbox 799 1951 932 1975; x_wconf 88' lang='lat' dir='ltr'><strong>omnes</strong></span> <span class='ocrx_word' id='word_1_264' title='bbox 954 1937 1055 1974; x_wconf 90' lang='lat' dir='ltr'><strong>cives</strong></span> <span class='ocrx_word' id='word_1_265' title='bbox 1075 1937 1111 1973; x_wconf 93' lang='lat' dir='ltr'><strong>in</strong></span> <span class='ocrx_word' id='word_1_266' title='bbox 1142 1950 1210 1974; x_wconf 89' lang='lat' dir='ltr'><strong>sua</strong></span> <span class='ocrx_word' id='word_1_267' title='bbox 1245 1944 1437 1987; x_wconf 86' lang='lat' dir='ltr'><strong>potestate</strong></span> <span class='ocrx_word' id='word_1_268' title='bbox 1465 1937 1645 1984; x_wconf 87' lang='lat' dir='ltr'><strong>habeant,</strong></span> <span class='ocrx_word' id='word_1_269' title='bbox 1665 1928 1743 1976; x_wconf 85' lang='lat' dir='ltr'><strong>sive</strong></span> 
     </span>
     <span class='ocr_line' id='line_1_30' title="bbox 286 1998 1744 2049; baseline -0.001 -10"><span class='ocrx_word' id='word_1_270' title='bbox 286 2000 459 2045; x_wconf 87' lang='lat' dir='ltr'><strong>ducenti,</strong></span> <span class='ocrx_word' id='word_1_271' title='bbox 490 1999 567 2037; x_wconf 88' lang='lat' dir='ltr'><strong>sive</strong></span> <span class='ocrx_word' id='word_1_272' title='bbox 595 1999 712 2045; x_wconf 88' lang='lat' dir='ltr'><strong>mille,</strong></span> <span class='ocrx_word' id='word_1_273' title='bbox 741 1999 819 2036; x_wconf 88' lang='lat' dir='ltr'><strong>sive</strong></span> <span class='ocrx_word' id='word_1_274' title='bbox 849 2006 1094 2049; x_wconf 87' lang='lat' dir='ltr'><strong>quotcunque</strong></span> <span class='ocrx_word' id='word_1_275' title='bbox 1113 1998 1268 2048; x_wconf 87' lang='lat' dir='ltr'><strong>judices</strong></span> <span class='ocrx_word' id='word_1_276' title='bbox 1293 1998 1447 2049; x_wconf 86' lang='lat' dir='ltr'><strong>publice</strong></span> <span class='ocrx_word' id='word_1_277' title='bbox 1475 1999 1551 2036; x_wconf 88' lang='lat' dir='ltr'><strong>sint</strong></span> <span class='ocrx_word' id='word_1_278' title='bbox 1579 1999 1744 2043; x_wconf 87' lang='lat' dir='ltr'><strong>delecti;</strong></span> 
     </span>
     <span class='ocr_line' id='line_1_31' title="bbox 286 2059 1745 2113; baseline -0.002 -12"><span class='ocrx_word' id='word_1_279' title='bbox 286 2060 496 2113; x_wconf 85' lang='lat' dir='ltr'><strong>reperietis,</strong></span> <span class='ocrx_word' id='word_1_280' title='bbox 512 2074 588 2098; x_wconf 89' lang='lat' dir='ltr'><strong>non</strong></span> <span class='ocrx_word' id='word_1_281' title='bbox 616 2061 702 2099; x_wconf 88' lang='lat' dir='ltr'><strong>ideo</strong></span> <span class='ocrx_word' id='word_1_282' title='bbox 723 2060 815 2105; x_wconf 87' lang='lat' dir='ltr'><strong>fieri,</strong></span> <span class='ocrx_word' id='word_1_283' title='bbox 836 2059 938 2109; x_wconf 89' lang='lat' dir='ltr'><strong>quod</strong></span> <span class='ocrx_word' id='word_1_284' title='bbox 957 2060 1028 2097; x_wconf 90' lang='lat' dir='ltr'><strong>soli</strong></span> <span class='ocrx_word' id='word_1_285' title='bbox 1058 2072 1104 2096; x_wconf 83' lang='lat' dir='ltr'><strong>ex</strong></span> <span class='ocrx_word' id='word_1_286' title='bbox 1124 2059 1279 2109; x_wconf 89' lang='lat' dir='ltr'><strong>reliquis</strong></span> <span class='ocrx_word' id='word_1_287' title='bbox 1307 2060 1420 2096; x_wconf 82' lang='lat' dir='ltr'><strong>armis</strong></span> <span class='ocrx_word' id='word_1_288' title='bbox 1440 2059 1611 2110; x_wconf 77' lang='lat' dir='ltr'><strong>insignes</strong></span> <span class='ocrx_word' id='word_1_289' title='bbox 1631 2068 1670 2098; x_wconf 93' lang='lat' dir='ltr'><strong>et</strong></span> <span class='ocrx_word' id='word_1_290' title='bbox 1688 2061 1745 2098; x_wconf 92' lang='lat' dir='ltr'><strong>in-</strong></span> 
     </span>
     <span class='ocr_line' id='line_1_32' title="bbox 288 2120 1745 2173; baseline -0.001 -11"><span class='ocrx_word' id='word_1_291' title='bbox 288 2125 437 2170; x_wconf 87' lang='lat' dir='ltr'><strong>structi,</strong></span> <span class='ocrx_word' id='word_1_292' title='bbox 448 2129 515 2160; x_wconf 90' lang='lat' dir='ltr'><strong>aut</strong></span> <span class='ocrx_word' id='word_1_293' title='bbox 528 2122 750 2173; x_wconf 87' lang='lat' dir='ltr'><strong>corporibus</strong></span> <span class='ocrx_word' id='word_1_294' title='bbox 760 2121 980 2159; x_wconf 86' lang='lat' dir='ltr'><strong>lectissimis</strong></span> <span class='ocrx_word' id='word_1_295' title='bbox 994 2127 1033 2158; x_wconf 90' lang='lat' dir='ltr'><strong>et</strong></span> <span class='ocrx_word' id='word_1_296' title='bbox 1041 2120 1312 2158; x_wconf 84' lang='lat' dir='ltr'><strong>valentissimis</strong></span> <span class='ocrx_word' id='word_1_297' title='bbox 1328 2121 1478 2171; x_wconf 83' lang='lat' dir='ltr'><strong>praediti</strong></span> <span class='ocrx_word' id='word_1_298' title='bbox 1495 2121 1745 2170; x_wconf 89' lang='lat' dir='ltr'><strong>sintjudices,</strong></span> 
     </span>
     <span class='ocr_line' id='line_1_33' title="bbox 288 2181 1745 2233; baseline -0.001 -9"><span class='ocrx_word' id='word_1_299' title='bbox 288 2192 356 2224; x_wconf 80' lang='lat' dir='ltr'><strong>aut</strong></span> <span class='ocrx_word' id='word_1_300' title='bbox 370 2193 484 2224; x_wconf 82' lang='lat' dir='ltr'><strong>aetate</strong></span> <span class='ocrx_word' id='word_1_301' title='bbox 503 2184 776 2230; x_wconf 87' lang='lat' dir='ltr'><strong>florentissimi,</strong></span> <span class='ocrx_word' id='word_1_302' title='bbox 797 2189 865 2220; x_wconf 87' lang='lat' dir='ltr'><strong>aut</strong></span> <span class='ocrx_word' id='word_1_303' title='bbox 883 2182 962 2220; x_wconf 87' lang='lat' dir='ltr'><strong>ulla</strong></span> <span class='ocrx_word' id='word_1_304' title='bbox 980 2196 1019 2220; x_wconf 90' lang='lat' dir='ltr'><strong>re</strong></span> <span class='ocrx_word' id='word_1_305' title='bbox 1040 2181 1205 2232; x_wconf 88' lang='lat' dir='ltr'><strong>denique</strong></span> <span class='ocrx_word' id='word_1_306' title='bbox 1227 2181 1356 2227; x_wconf 88' lang='lat' dir='ltr'><strong>simili,</strong></span> <span class='ocrx_word' id='word_1_307' title='bbox 1381 2183 1450 2220; x_wconf 89' lang='lat' dir='ltr'><strong>sed</strong></span> <span class='ocrx_word' id='word_1_308' title='bbox 1469 2183 1573 2232; x_wconf 93' lang='lat' dir='ltr'><strong>quod</strong></span> <span class='ocrx_word' id='word_1_309' title='bbox 1594 2183 1745 2233; x_wconf 84' lang='lat' dir='ltr'><strong>legibus</strong></span> 
     </span>
     <span class='ocr_line' id='line_1_34' title="bbox 287 2242 1745 2297; baseline -0.004 -10"><span class='ocrx_word' id='word_1_310' title='bbox 287 2249 455 2286; x_wconf 86' lang='lat' dir='ltr'><strong>valeant.</strong></span> <span class='ocrx_word' id='word_1_311' title='bbox 490 2248 634 2297; x_wconf 80' lang='lat' dir='ltr'><strong>Legum</strong></span> <span class='ocrx_word' id='word_1_312' title='bbox 654 2254 782 2283; x_wconf 88' lang='lat' dir='ltr'><strong>autem</strong></span> <span class='ocrx_word' id='word_1_313' title='bbox 799 2244 854 2282; x_wconf 90' lang='lat' dir='ltr'><strong>vis</strong></span> <span class='ocrx_word' id='word_1_314' title='bbox 873 2245 911 2282; x_wconf 90' lang='lat' dir='ltr'><strong>in</strong></span> <span class='ocrx_word' id='word_1_315' title='bbox 927 2257 1003 2294; x_wconf 91' lang='lat' dir='ltr'><strong>quo</strong></span> <span class='ocrx_word' id='word_1_316' title='bbox 1019 2242 1108 2282; x_wconf 75' lang='lat' dir='ltr'><strong>est?</strong></span> <span class='ocrx_word' id='word_1_317' title='bbox 1131 2243 1270 2281; x_wconf 88' lang='lat' dir='ltr'><strong>Utrum</strong></span> <span class='ocrx_word' id='word_1_318' title='bbox 1286 2244 1325 2281; x_wconf 92' lang='lat' dir='ltr'><strong>in</strong></span> <span class='ocrx_word' id='word_1_319' title='bbox 1339 2256 1398 2289; x_wconf 90' lang='lat' dir='ltr'><strong>eo,</strong></span> <span class='ocrx_word' id='word_1_320' title='bbox 1419 2245 1449 2280; x_wconf 89' lang='lat' dir='ltr'><strong>si</strong></span> <span class='ocrx_word' id='word_1_321' title='bbox 1469 2244 1554 2293; x_wconf 85' lang='lat' dir='ltr'><strong>quis</strong></span> <span class='ocrx_word' id='word_1_322' title='bbox 1573 2251 1745 2281; x_wconf 87' lang='lat' dir='ltr'><strong>vestrum</strong></span> 
     </span>
     <span class='ocr_line' id='line_1_35' title="bbox 289 2305 1746 2359; baseline -0.003 -11"><span class='ocrx_word' id='word_1_323' title='bbox 289 2310 449 2348; x_wconf 81' lang='lat' dir='ltr'><strong>affectus</strong></span> <span class='ocrx_word' id='word_1_324' title='bbox 465 2309 610 2359; x_wconf 88' lang='lat' dir='ltr'><strong>injuriis</strong></span> <span class='ocrx_word' id='word_1_325' title='bbox 625 2306 860 2353; x_wconf 84' lang='lat' dir='ltr'><strong>exclamarit,</strong></span> <span class='ocrx_word' id='word_1_326' title='bbox 875 2314 916 2344; x_wconf 90' lang='lat' dir='ltr'><strong>ut</strong></span> <span class='ocrx_word' id='word_1_327' title='bbox 930 2306 1022 2357; x_wconf 82' lang='lat' dir='ltr'><strong>ipsae</strong></span> <span class='ocrx_word' id='word_1_328' title='bbox 1036 2311 1240 2343; x_wconf 86' lang='lat' dir='ltr'><strong>accurrant</strong></span> <span class='ocrx_word' id='word_1_329' title='bbox 1255 2311 1294 2342; x_wconf 90' lang='lat' dir='ltr'><strong>et</strong></span> <span class='ocrx_word' id='word_1_330' title='bbox 1307 2305 1511 2355; x_wconf 86' lang='lat' dir='ltr'><strong>praesentia</strong></span> <span class='ocrx_word' id='word_1_331' title='bbox 1531 2319 1601 2342; x_wconf 90' lang='lat' dir='ltr'><strong>sua</strong></span> <span class='ocrx_word' id='word_1_332' title='bbox 1619 2305 1746 2356; x_wconf 88' lang='lat' dir='ltr'><strong>opitu-</strong></span> 
     </span>
     <span class='ocr_line' id='line_1_36' title="bbox 288 2367 1746 2417; baseline -0.003 -8"><span class='ocrx_word' id='word_1_333' title='bbox 288 2371 442 2409; x_wconf 74' lang='lat' dir='ltr'><strong>lentur?</strong></span> <span class='ocrx_word' id='word_1_334' title='bbox 488 2371 592 2408; x_wconf 91' lang='lat' dir='ltr'><strong>Non.</strong></span> <span class='ocrx_word' id='word_1_335' title='bbox 634 2370 770 2406; x_wconf 88' lang='lat' dir='ltr'><strong>Literae</strong></span> <span class='ocrx_word' id='word_1_336' title='bbox 789 2368 890 2407; x_wconf 89' lang='lat' dir='ltr'><strong>enim</strong></span> <span class='ocrx_word' id='word_1_337' title='bbox 911 2374 1015 2414; x_wconf 87' lang='lat' dir='ltr'><strong>sunt,</strong></span> <span class='ocrx_word' id='word_1_338' title='bbox 1035 2374 1074 2405; x_wconf 91' lang='lat' dir='ltr'><strong>et</strong></span> <span class='ocrx_word' id='word_1_339' title='bbox 1094 2367 1284 2417; x_wconf 84' lang='lat' dir='ltr'><strong>scriptura</strong></span> <span class='ocrx_word' id='word_1_340' title='bbox 1302 2372 1495 2410; x_wconf 87' lang='lat' dir='ltr'><strong>constant,</strong></span> <span class='ocrx_word' id='word_1_341' title='bbox 1518 2379 1641 2416; x_wconf 88' lang='lat' dir='ltr'><strong>neque</strong></span> <span class='ocrx_word' id='word_1_342' title='bbox 1671 2367 1746 2405; x_wconf 91' lang='lat' dir='ltr'><strong>hoc</strong></span> 
     </span>
     <span class='ocr_line' id='line_1_37' title="bbox 288 2426 1746 2482; baseline -0.003 -12"><span class='ocrx_word' id='word_1_343' title='bbox 288 2432 417 2470; x_wconf 84' lang='lat' dir='ltr'><strong>facere</strong></span> <span class='ocrx_word' id='word_1_344' title='bbox 444 2438 621 2482; x_wconf 87' lang='lat' dir='ltr'><strong>possunt.</strong></span> <span class='ocrx_word' id='word_1_345' title='bbox 654 2430 698 2466; x_wconf 95' lang='lat' dir='ltr'><strong>In</strong></span> <span class='ocrx_word' id='word_1_346' title='bbox 719 2442 795 2479; x_wconf 91' lang='lat' dir='ltr'><strong>quo</strong></span> <span class='ocrx_word' id='word_1_347' title='bbox 816 2429 932 2480; x_wconf 84' lang='lat' dir='ltr'><strong>igitur</strong></span> <span class='ocrx_word' id='word_1_348' title='bbox 955 2441 1085 2466; x_wconf 87' lang='lat' dir='ltr'><strong>earum</strong></span> <span class='ocrx_word' id='word_1_349' title='bbox 1106 2427 1160 2464; x_wconf 92' lang='lat' dir='ltr'><strong>vis</strong></span> <span class='ocrx_word' id='word_1_350' title='bbox 1183 2426 1270 2464; x_wconf 75' lang='lat' dir='ltr'><strong>est?</strong></span> <span class='ocrx_word' id='word_1_351' title='bbox 1308 2426 1349 2463; x_wconf 89' lang='lat' dir='ltr'><strong>Si</strong></span> <span class='ocrx_word' id='word_1_352' title='bbox 1369 2439 1437 2464; x_wconf 88' lang='lat' dir='ltr'><strong>vos</strong></span> <span class='ocrx_word' id='word_1_353' title='bbox 1457 2439 1524 2464; x_wconf 89' lang='lat' dir='ltr'><strong>eas</strong></span> <span class='ocrx_word' id='word_1_354' title='bbox 1543 2427 1746 2466; x_wconf 85' lang='lat' dir='ltr'><strong>confirma-</strong></span> 
     </span>
     <span class='ocr_line' id='line_1_38' title="bbox 287 2490 1746 2543; baseline -0.002 -11"><span class='ocrx_word' id='word_1_355' title='bbox 287 2494 393 2539; x_wconf 88' lang='lat' dir='ltr'><strong>bitis,</strong></span> <span class='ocrx_word' id='word_1_356' title='bbox 413 2500 452 2531; x_wconf 88' lang='lat' dir='ltr'><strong>et</strong></span> <span class='ocrx_word' id='word_1_357' title='bbox 470 2505 621 2543; x_wconf 87' lang='lat' dir='ltr'><strong>semper</strong></span> <span class='ocrx_word' id='word_1_358' title='bbox 653 2498 755 2529; x_wconf 84' lang='lat' dir='ltr'><strong>ratas</strong></span> <span class='ocrx_word' id='word_1_359' title='bbox 783 2491 1008 2529; x_wconf 84' lang='lat' dir='ltr'><strong>exhibebitis</strong></span> <span class='ocrx_word' id='word_1_360' title='bbox 1039 2490 1212 2528; x_wconf 90' lang='lat' dir='ltr'><strong>omnibus</strong></span> <span class='ocrx_word' id='word_1_361' title='bbox 1241 2502 1369 2526; x_wconf 86' lang='lat' dir='ltr'><strong>earum</strong></span> <span class='ocrx_word' id='word_1_362' title='bbox 1400 2502 1512 2540; x_wconf 88' lang='lat' dir='ltr'><strong>opem</strong></span> <span class='ocrx_word' id='word_1_363' title='bbox 1542 2490 1746 2542; x_wconf 89' lang='lat' dir='ltr'><strong>imploran-</strong></span> 
     </span>
     <span class='ocr_line' id='line_1_39' title="bbox 288 2546 1747 2603; baseline -0.003 -9"><span class='ocrx_word' id='word_1_364' title='bbox 288 2556 405 2594; x_wconf 88' lang='lat' dir='ltr'><strong>tibus.</strong></span> <span class='ocrx_word' id='word_1_365' title='bbox 445 2555 504 2592; x_wconf 86' lang='lat' dir='ltr'><strong>Ita</strong></span> <span class='ocrx_word' id='word_1_366' title='bbox 523 2561 562 2591; x_wconf 87' lang='lat' dir='ltr'><strong>et</strong></span> <span class='ocrx_word' id='word_1_367' title='bbox 580 2554 686 2603; x_wconf 88' lang='lat' dir='ltr'><strong>leges</strong></span> <span class='ocrx_word' id='word_1_368' title='bbox 707 2565 772 2603; x_wconf 89' lang='lat' dir='ltr'><strong>per</strong></span> <span class='ocrx_word' id='word_1_369' title='bbox 794 2566 861 2590; x_wconf 87' lang='lat' dir='ltr'><strong>vos</strong></span> <span class='ocrx_word' id='word_1_370' title='bbox 882 2554 999 2590; x_wconf 82' lang='lat' dir='ltr'><strong>firmae</strong></span> <span class='ocrx_word' id='word_1_371' title='bbox 1020 2557 1124 2594; x_wconf 90' lang='lat' dir='ltr'><strong>sunt,</strong></span> <span class='ocrx_word' id='word_1_372' title='bbox 1146 2558 1185 2588; x_wconf 87' lang='lat' dir='ltr'><strong>et</strong></span> <span class='ocrx_word' id='word_1_373' title='bbox 1203 2546 1271 2588; x_wconf 88' lang='lat' dir='ltr'><strong>vos</strong></span> <span class='ocrx_word' id='word_1_374' title='bbox 1291 2563 1358 2600; x_wconf 88' lang='lat' dir='ltr'><strong>per</strong></span> <span class='ocrx_word' id='word_1_375' title='bbox 1377 2550 1496 2601; x_wconf 80' lang='lat' dir='ltr'><strong>leges.</strong></span> <span class='ocrx_word' id='word_1_376' title='bbox 1540 2552 1612 2588; x_wconf 88' lang='lat' dir='ltr'><strong>Hae</strong></span> <span class='ocrx_word' id='word_1_377' title='bbox 1633 2552 1747 2603; x_wconf 83' lang='lat' dir='ltr'><strong>igitur</strong></span> 
     </span>
     <span class='ocr_line' id='line_1_40' title="bbox 290 2609 1749 2664; baseline -0.003 -9"><span class='ocrx_word' id='word_1_378' title='bbox 290 2618 345 2656; x_wconf 90' lang='lat' dir='ltr'><strong>ita</strong></span> <span class='ocrx_word' id='word_1_379' title='bbox 373 2622 463 2654; x_wconf 91' lang='lat' dir='ltr'><strong>sunt</strong></span> <span class='ocrx_word' id='word_1_380' title='bbox 491 2609 761 2660; x_wconf 75' lang='lat' dir='ltr'><strong>defendendae,</strong></span> <span class='ocrx_word' id='word_1_381' title='bbox 797 2620 841 2650; x_wconf 88' lang='lat' dir='ltr'><strong>ut</strong></span> <span class='ocrx_word' id='word_1_382' title='bbox 870 2614 1039 2664; x_wconf 88' lang='lat' dir='ltr'><strong>seipsum</strong></span> <span class='ocrx_word' id='word_1_383' title='bbox 1068 2613 1330 2662; x_wconf 86' lang='lat' dir='ltr'><strong>unusquisque</strong></span> <span class='ocrx_word' id='word_1_384' title='bbox 1365 2612 1567 2650; x_wconf 85' lang='lat' dir='ltr'><strong>defensum</strong></span> <span class='ocrx_word' id='word_1_385' title='bbox 1603 2615 1749 2651; x_wconf 53' lang='lat' dir='ltr'><strong>ab‘inss</strong></span> 
     </span>
     <span class='ocr_line' id='line_1_41' title="bbox 282 2673 1746 2731; baseline -0.003 -15"><span class='ocrx_word' id='word_1_386' title='bbox 282 2680 386 2731; x_wconf 85' lang='lat' dir='ltr'><strong>juria</strong></span> <span class='ocrx_word' id='word_1_387' title='bbox 416 2676 544 2721; x_wconf 85' lang='lat' dir='ltr'><strong>vellet,</strong></span> <span class='ocrx_word' id='word_1_388' title='bbox 574 2675 783 2726; x_wconf 83' lang='lat' dir='ltr'><strong>legumque</strong></span> <span class='ocrx_word' id='word_1_389' title='bbox 816 2675 1044 2712; x_wconf 84' lang='lat' dir='ltr'><strong>violationes</strong></span> <span class='ocrx_word' id='word_1_390' title='bbox 1073 2673 1263 2724; x_wconf 86' lang='lat' dir='ltr'><strong>pertinere</strong></span> <span class='ocrx_word' id='word_1_391' title='bbox 1294 2673 1344 2711; x_wconf 87' lang='lat' dir='ltr'><strong>ad</strong></span> <span class='ocrx_word' id='word_1_392' title='bbox 1374 2686 1506 2712; x_wconf 90' lang='lat' dir='ltr'><strong>omnes</strong></span> <span class='ocrx_word' id='word_1_393' title='bbox 1544 2681 1634 2712; x_wconf 90' lang='lat' dir='ltr'><strong>sunt</strong></span> <span class='ocrx_word' id='word_1_394' title='bbox 1668 2675 1746 2715; x_wconf 84' lang='lat' dir='ltr'><strong>exi-</strong></span> 
     </span>
     <span class='ocr_line' id='line_1_42' title="bbox 289 2735 1746 2787; baseline -0.003 -10"><span class='ocrx_word' id='word_1_395' title='bbox 289 2738 504 2782; x_wconf 60' lang='lat' dir='ltr'><strong>animandae,</strong></span> <span class='ocrx_word' id='word_1_396' title='bbox 524 2737 562 2774; x_wconf 89' lang='lat' dir='ltr'><strong>in</strong></span> <span class='ocrx_word' id='word_1_397' title='bbox 582 2748 812 2787; x_wconf 88' lang='lat' dir='ltr'><strong>quocunque</strong></span> <span class='ocrx_word' id='word_1_398' title='bbox 843 2735 1193 2785; x_wconf 85' lang='lat' dir='ltr'><strong>deprehendantur,</strong></span> <span class='ocrx_word' id='word_1_399' title='bbox 1218 2747 1343 2785; x_wconf 86' lang='lat' dir='ltr'><strong>neque</strong></span> <span class='ocrx_word' id='word_1_400' title='bbox 1364 2735 1468 2772; x_wconf 86' lang='lat' dir='ltr'><strong>obita</strong></span> <span class='ocrx_word' id='word_1_401' title='bbox 1487 2748 1656 2780; x_wconf 85' lang='lat' dir='ltr'><strong>munera,</strong></span> <span class='ocrx_word' id='word_1_402' title='bbox 1677 2748 1746 2773; x_wconf 89' lang='lat' dir='ltr'><strong>ne-</strong></span> 
     </span>
     <span class='ocr_line' id='line_1_43' title="bbox 289 2795 1746 2850; baseline -0.002 -14"><span class='ocrx_word' id='word_1_403' title='bbox 289 2812 363 2850; x_wconf 94' lang='lat' dir='ltr'><strong>que</strong></span> <span class='ocrx_word' id='word_1_404' title='bbox 391 2799 507 2836; x_wconf 92' lang='lat' dir='ltr'><strong>homo</strong></span> <span class='ocrx_word' id='word_1_405' title='bbox 536 2797 648 2842; x_wconf 88' lang='lat' dir='ltr'><strong>ullus,</strong></span> <span class='ocrx_word' id='word_1_406' title='bbox 674 2809 798 2846; x_wconf 88' lang='lat' dir='ltr'><strong>neque</strong></span> <span class='ocrx_word' id='word_1_407' title='bbox 817 2795 1006 2833; x_wconf 83' lang='lat' dir='ltr'><strong>calliditas</strong></span> <span class='ocrx_word' id='word_1_408' title='bbox 1025 2795 1105 2832; x_wconf 92' lang='lat' dir='ltr'><strong>ulla</strong></span> <span class='ocrx_word' id='word_1_409' title='bbox 1123 2795 1289 2846; x_wconf 88' lang='lat' dir='ltr'><strong>reperiri,</strong></span> <span class='ocrx_word' id='word_1_410' title='bbox 1318 2802 1387 2833; x_wconf 87' lang='lat' dir='ltr'><strong>aut</strong></span> <span class='ocrx_word' id='word_1_411' title='bbox 1414 2796 1621 2846; x_wconf 92' lang='lat' dir='ltr'><strong>quicquam</strong></span> <span class='ocrx_word' id='word_1_412' title='bbox 1641 2796 1746 2834; x_wconf 85' lang='lat' dir='ltr'><strong>aliud</strong></span> 
     </span>
     <span class='ocr_line' id='line_1_44' title="bbox 290 2856 1444 2909; baseline -0.003 -11"><span class='ocrx_word' id='word_1_413' title='bbox 290 2861 419 2903; x_wconf 81' lang='lat' dir='ltr'><strong>(lebet,</strong></span> <span class='ocrx_word' id='word_1_414' title='bbox 440 2859 542 2909; x_wconf 87' lang='lat' dir='ltr'><strong>quod</strong></span> <span class='ocrx_word' id='word_1_415' title='bbox 563 2858 692 2908; x_wconf 80' lang='lat' dir='ltr'><strong>legum</strong></span> <span class='ocrx_word' id='word_1_416' title='bbox 712 2857 934 2895; x_wconf 87' lang='lat' dir='ltr'><strong>violatorem</strong></span> <span class='ocrx_word' id='word_1_417' title='bbox 952 2869 974 2894; x_wconf 89' lang='lat' dir='ltr'><strong>a</strong></span> <span class='ocrx_word' id='word_1_418' title='bbox 994 2856 1130 2894; x_wconf 85' lang='lat' dir='ltr'><strong>dandis</strong></span> <span class='ocrx_word' id='word_1_419' title='bbox 1150 2857 1275 2907; x_wconf 89' lang='lat' dir='ltr'><strong>poenis</strong></span> <span class='ocrx_word' id='word_1_420' title='bbox 1295 2857 1444 2907; x_wconf 83' lang='lat' dir='ltr'><strong>eripiat.</strong></span> 
     </span>
    </p>

    <p class='ocr_par' dir='ltr' id='par_1_4' title="bbox 345 2917 1746 2969">
     <span class='ocr_line' id='line_1_45' title="bbox 345 2917 1746 2969; baseline -0.002 -9"><span class='ocrx_word' id='word_1_421' title='bbox 345 2923 409 2960; x_wconf 83' lang='lat'><strong>63.</strong></span> <span class='ocrx_word' id='word_1_422' title='bbox 440 2921 514 2964; x_wconf 81' lang='lat' dir='ltr'><strong>Qui</strong></span> <span class='ocrx_word' id='word_1_423' title='bbox 538 2919 843 2959; x_wconf 81' lang='lat' dir='ltr'><strong>Bacchanalibus</strong></span> <span class='ocrx_word' id='word_1_424' title='bbox 857 2919 895 2957; x_wconf 87' lang='lat' dir='ltr'><strong>in</strong></span> <span class='ocrx_word' id='word_1_425' title='bbox 912 2917 1103 2957; x_wconf 86' lang='lat' dir='ltr'><strong>theatrum</strong></span> <span class='ocrx_word' id='word_1_426' title='bbox 1119 2918 1398 2969; x_wconf 83' lang='lat' dir='ltr'><strong>ingredientem</strong></span> <span class='ocrx_word' id='word_1_427' title='bbox 1414 2917 1599 2957; x_wconf 86' lang='lat' dir='ltr'><strong>videbatis</strong></span> <span class='ocrx_word' id='word_1_428' title='bbox 1615 2919 1746 2964; x_wconf 87' lang='lat' dir='ltr'><strong>istum,</strong></span> 
     </span>
    </p>
   </div>
  </div>
 </body>
</html>
