1923 3149
743 348 791 401 A
818 347 868 401 U
892 347 948 401 G
971 346 1020 400 E
1045 347 1099 399 R
1126 346 1147 399 l

789 487 1113 537 ANALYSIS

531 620 959 664 ORATIONIS
1011 620 1104 661 DE
1152 617 1358 661 PACE.

821 743 1061 789 Propositum.

263 823 380 865 Quum
396 833 490 857 vana
507 823 808 868 pollicitationum
826 822 944 866 specie
963 821 1150 865 Philippus
1164 819 1368 854 induxisset
1385 818 1627 853 Athenienses
1641 822 1681 853 ut

215 888 337 913 secum
365 888 492 922 pacem
517 879 686 920 facerent,
706 878 826 911 statim
849 876 1114 920 Thermopylas
1142 873 1347 918 occupavit,
1373 885 1415 907 ac
1433 873 1682 907 phocensibus

216 932 344 977 injecit
358 935 524 966 terrorem
544 933 605 978 qui
621 932 687 966 sibi
706 931 918 975 semetipsos
935 930 1164 965 dediderunt.
1189 930 1296 963 Tunc
1314 932 1513 962 convocato
1531 928 1684 973 Amphi-

217 991 391 1031 ctyonum
415 988 579 1030 concilio,
599 998 642 1021 eo
660 998 736 1022 rem
763 986 920 1021 adduxit
936 989 978 1019 ut
1004 987 1221 1019 statueretur
1236 983 1476 1019 Phocensium
1498 983 1604 1017 urbes
1621 994 1684 1027 pc-

215 1043 314 1076 nitus
340 1053 418 1077 csse
443 1042 648 1084 diruendas,
667 1053 709 1075 ac
738 1042 811 1076 sore
833 1043 874 1074 ut
891 1041 966 1086 ipse
983 1040 1019 1074 in
1035 1050 1160 1073 eorum
1190 1040 1268 1073 loco
1286 1040 1411 1084 postea
1427 1038 1569 1072 sederet
1588 1038 1685 1072 inter

216 1096 516 1141 Amphictyonas.
549 1097 655 1131 Misit
673 1096 922 1131 Macedonum
948 1107 1014 1129 rex
1034 1095 1079 1128 ad
1103 1095 1315 1129 Graecorum
1339 1092 1580 1138 quorumdam
1598 1091 1685 1126 civi·

217 1153 311 1185 tates
338 1152 402 1196 qui
431 1151 585 1185 concilio
611 1162 682 1186 non
712 1151 902 1191 assuerant,
925 1149 1200 1195 praesertimque
1230 1148 1522 1190 Atheniensium,
1550 1151 1592 1181 ut
1616 1147 1685 1192 ipsi

218 1209 336 1240 ratum
351 1206 526 1240 haberent
543 1207 641 1250 quod
659 1208 836 1239 statutum
850 1204 979 1238 fuerat.
996 1203 1274 1244 Demosthenes,
1289 1203 1454 1247 quamvis
1468 1213 1596 1246 pacem
1614 1212 1686 1235 nou

218 1260 396 1305 probaret,
416 1261 482 1294 hac
504 1260 668 1293 oratione
686 1260 816 1293 suadet
832 1260 905 1293 suis
921 1261 963 1293 ut
978 1259 1094 1303 petita
1114 1258 1331 1298 concedant,
1354 1268 1399 1290 ne
1417 1256 1556 1290 infestis
1573 1256 1686 1290 totius

219 1316 374 1349 Graeciae
393 1315 499 1349 armis
523 1317 791 1359 oppugnentur.
835 1313 959 1354 Quum
986 1317 1108 1347 autem
1126 1312 1257 1346 alicubi
1284 1314 1406 1346 orator
1432 1311 1597 1345 AEschini
1621 1322 1687 1345 ex-

218 1371 451 1415 probraverit,
475 1370 572 1415 quod
590 1380 685 1403 unus
703 1368 831 1403 faverit
848 1367 1018 1413 Philippo
1036 1368 1185 1412 petenti,
1200 1368 1304 1411 putat
1322 1366 1499 1400 Libanius
1516 1366 1686 1410 scriptam

218 1424 331 1459 fuisse
348 1426 558 1467 orationem,
583 1427 620 1457 at
642 1434 716 1457 non
736 1423 883 1465 dictam,
905 1434 950 1457 ne
977 1434 998 1456 a
1016 1423 1133 1466 seipso
1161 1422 1349 1455 dissentire
1366 1421 1533 1454 videatur
1550 1420 1687 1454 Demo-

219 1479 376 1513 sthenes.
402 1479 585 1523 Equidem
603 1477 757 1512 Libanio
773 1489 844 1512 non
860 1477 1054 1511 assentior:
1074 1488 1155 1511 nam
1171 1479 1416 1520 praeterquam
1431 1476 1528 1521 quod
1540 1487 1611 1510 non
1627 1487 1689 1521 ap-

220 1536 324 1578 paret
340 1545 404 1568 cur
426 1534 486 1567 ille
514 1545 585 1567 non
613 1533 804 1566 dicendam
829 1533 1030 1578 scripsisset
1058 1533 1269 1573 orationem,
1297 1543 1369 1565 non
1394 1531 1492 1565 idem
1519 1535 1588 1573 est,
1613 1533 1687 1566 imo

220 1589 327 1622 valde
345 1588 544 1629 diversum,
562 1589 671 1622 alicui
690 1588 828 1631 petenti
846 1589 978 1629 favere,
1002 1598 1043 1621 ac
1061 1588 1213 1621 suadere
1238 1590 1278 1620 ut
1305 1597 1377 1620 non
1402 1585 1610 1629 rejiciantur
1627 1598 1689 1632 pc-

222 1642 300 1686 tita,
317 1654 426 1676 causa
442 1643 625 1687 temporis,
643 1653 687 1675 ne
704 1642 789 1675 inde
804 1641 921 1685 majus
937 1642 1210 1676 incommodum
1228 1644 1415 1685 exsurgat.

852 1728 1057 1762 Exordium.

270 1798 438 1844 Exponit
453 1798 699 1833 difficultatem
723 1809 819 1833 nunc
839 1799 913 1833 suis
938 1798 1128 1841 suadendi,
1154 1800 1233 1832 tum
1257 1798 1304 1832 ob
1328 1809 1449 1832 rerum
1472 1803 1689 1843 praesentem

223 1857 371 1898 statum,
392 1858 469 1889 tum
488 1855 534 1888 ob
561 1854 724 1888 habitum
753 1854 966 1888 animorum.
1000 1853 1102 1887 Dicit
1126 1856 1249 1887 tamen
1278 1864 1321 1887 ea
1348 1864 1541 1888 suasurum
1569 1867 1606 1889 se
1625 1867 1690 1900 per

224 1919 306 1954 quae
323 1910 564 1944 emendentur
580 1909 774 1954 praesentia
789 1912 825 1943 et
843 1908 976 1942 amissa
993 1909 1263 1953 recuperentur.

830 1994 1070 2042 Confirmatio.

273 2072 322 2103 1⁰.
345 2069 435 2103 Tres
451 2069 559 2103 refert
575 2066 784 2102 occasiones
799 2068 836 2102 in
854 2068 986 2113 quibus
1003 2077 1051 2101 ex
1069 2077 1187 2101 rerum
1213 2067 1346 2100 eventu
1363 2067 1482 2110 patuit
1499 2079 1536 2102 se
1554 2068 1693 2113 optima

227 2122 369 2157 civitati
384 2123 550 2165 suasisse,
570 2123 679 2156 allata
696 2123 793 2167 prius
810 2133 920 2157 causa
931 2133 997 2155 eur
1015 2133 1057 2155 ea
1075 2121 1213 2164 praet'ari
1231 2120 1410 2154 statuerit.

273 2180 324 2212 20.
352 2177 524 2211 Ostendit
541 2187 649 2221 quam
664 2177 712 2210 ob
736 2178 916 2211 rationem
934 2176 999 2210 sibi
1014 2177 1059 2210 ad
1077 2176 1253 2221 populum
1270 2175 1535 2210 Atheniensem
1558 2177 1694 2213 dicenti

226 2235 329 2266 recta
346 2234 384 2266 et
399 2231 502 2266 utilia
519 2232 640 2265 statim
653 2235 858 2265 occurrant.

273 2290 324 2321 3⁰.
352 2287 459 2321 Ponit
475 2289 649 2331 tanquam
664 2286 893 2330 principium,
910 2295 982 2319 non
1000 2284 1238 2329 rumpendam
1255 2295 1334 2317 esse
1350 2295 1491 2329 pacem,
1509 2297 1581 2321 non
1595 2290 1696 2333 quod

228 2342 400 2388 praeclara
417 2341 473 2383 sit,
491 2342 554 2375 sed
573 2341 670 2386 quod
688 2340 803 2374 satius
820 2340 928 2374 fuerit
949 2351 1030 2374 eam
1049 2350 1122 2374 non
1148 2339 1222 2373 fieri
1246 2350 1355 2384 quam
1379 2340 1513 2375 factam
1531 2341 1695 2379 dissolvi.

274 2398 326 2431 4⁰.
355 2397 424 2430 Per
439 2395 629 2430 ratiocinia
647 2398 684 2430 et
701 2396 873 2440 exempla
888 2394 1004 2429 fusius
1022 2395 1130 2428 docet
1147 2393 1433 2429 Atheniensibus
1459 2407 1537 2430 esse
1558 2408 1697 2443 praeca-

229 2450 386 2484 vendum
404 2462 450 2485 ne
473 2451 625 2495 singulae
652 2450 828 2493 civitates,
852 2452 978 2484 contra
1005 2460 1106 2484 suam
1132 2449 1292 2494 ipsorum
1317 2450 1524 2493 utilitatem,
1547 2453 1697 2496 privatis

231 2504 381 2550 quidem
396 2505 593 2540 inimicitiis
611 2507 647 2539 et
673 2505 941 2548 offensionibus,
958 2507 996 2539 at
1012 2505 1197 2539 communi
1215 2506 1410 2548 praetextu,
1427 2506 1464 2539 in
1481 2506 1614 2542 bellum
1633 2509 1697 2542 ad-

231 2570 356 2594 versus
370 2559 466 2604 ipsos
487 2560 683 2606 rapiantur,
702 2571 744 2594 ac
768 2559 921 2604 proinde
941 2560 1192 2594 universorum
1209 2558 1418 2594 Graecorum
1434 2560 1592 2605 impetus
1608 2563 1697 2607 ipsis

233 2613 437 2649 sustinendi
455 2615 537 2649 sint.

279 2672 329 2704 5⁰.
362 2669 560 2703 Concludit
584 2668 836 2714 respondendo
851 2669 894 2703 iis
911 2669 974 2715 qui
991 2669 1175 2713 negabant
1189 2668 1274 2702 belli
1295 2673 1394 2703 metu
1425 2670 1591 2705 facienda
1615 2683 1696 2707 esse

234 2735 277 2758 ea
292 2735 375 2769 quae
394 2723 455 2758 alii
467 2724 654 2767 jusserint,
671 2726 710 2758 et
723 2725 826 2768 plura
843 2723 1162 2758 commemorando
1186 2734 1269 2768 quae
1287 2723 1527 2759 Athenienses
1545 2736 1695 2762 conces-

235 2781 344 2814 serint
360 2780 406 2813 ob
423 2790 549 2824 pacem
567 2780 624 2813 vcl
641 2779 878 2814 obtinendam
896 2780 954 2814 vel
968 2780 1194 2814 servandam.

282 2834 376 2869 Haec
394 2835 506 2869 oratio
521 2833 615 2868 dieta
633 2836 686 2868 est
704 2844 797 2868 anno
812 2835 917 2869 tertio
930 2834 1143 2879 olympiadis
1158 2842 1266 2876 cvm,
1281 2833 1346 2867 sub
1361 2833 1495 2868 Archia
1511 2834 1694 2871 archonte.
