1923 3149
350 211 422 248 136
648 210 848 249 ORATIO
879 210 985 249 PRO
1016 211 1476 250 MEGALOPOLITIS.

344 310 560 354 laeduntur;
589 317 627 348 et
644 310 716 349 hac
735 326 774 351 re
796 313 1013 352 labefactari
1033 315 1156 352 omnia
1172 314 1405 352 inveniemus
1437 321 1476 352 et
1505 314 1576 352 hoc
1597 314 1773 366 principi-

347 384 407 408 um
422 384 506 409 esse
524 371 708 410 malorum
727 375 908 421 omniurn,
927 375 1029 425 quod
1048 375 1218 412 homines
1240 375 1358 412 nolint
1372 388 1415 412 ea
1429 375 1645 425 simpliciter
1663 389 1775 426 agere

343 432 547 483 quaejusta
565 440 666 471 sunt.
723 434 778 473 Ut
807 449 853 474 ue
883 437 995 486 igitur
1027 436 1097 473 hoc
1124 436 1320 486 impediat,
1340 448 1414 486 quo
1435 435 1555 473 minus
1574 436 1774 474 Thebano-

344 506 426 530 rum
445 506 536 544 opes
557 494 786 541 minuantur,
811 503 850 535 et
880 497 1068 547 Thespias
1099 503 1137 534 et
1166 496 1330 534 Plataeas
1361 503 1398 533 et
1417 495 1699 534 Orchomenum
1719 498 1773 535 in-

345 555 503 592 staurari
532 562 704 606 oportere
733 557 928 601 dicamus3
959 566 1098 608 eosque
1119 558 1342 608 adjuvemus
1363 563 1401 595 et
1420 557 1514 595 alios
1532 557 1775 596 hortemur—-

342 622 402 654 est
426 617 525 654 enim
546 624 584 655 et
600 617 803 655 honestum
825 625 862 656 et
886 632 1140 669 aequum—ne
1172 625 1341 656 vetustas
1372 619 1483 656 urbes
1515 631 1666 656 eversas
1691 632 1775 656 esse

342 677 558 727 patiantur:
589 678 861 729 Megalopolim
882 686 1009 717 autem
1024 686 1063 717 et
1081 681 1299 717 Messenam
1319 679 1507 731 injur10sis
1527 691 1604 716 non
1621 680 1776 730 objicia-

343 750 441 784 mus,
475 751 599 788 neque
641 746 827 789 praetextu
859 740 1148 792 Thespiensium
1181 748 1219 779 et
1257 741 1526 778 Plataeensium
1563 742 1774 779 incolumes

343 799 455 836 urbes
477 813 638 850 quaeque
658 800 874 838 habitantur
892 802 1064 839 exscindi
1090 802 1269 839 sinamus.
1326 802 1441 844 Quod
1460 801 1490 839 si
1509 801 1591 839 liaec
1611 802 1777 852 promul-

343 866 434 909 gata
459 859 608 905 fuerint,
637 873 749 898 nemo
780 862 852 899 erit
876 862 967 912 quin
990 861 1193 900 Thebanos
1211 862 1302 899 velit
1329 862 1470 899 alienos
1490 875 1602 912 agros
1621 862 1775 899 tandem

342 921 530 959 amittere:
559 922 617 958 sin
636 922 773 968 minus,
793 924 954 973 primum
973 923 1011 960 hi
1031 924 1139 960 nobis
1155 923 1459 961 adversabuntur
1482 936 1529 960 ne
1557 923 1621 960 illa
1640 923 1777 961 confici

340 981 502 1032 possint,
521 995 592 1020 nec
611 983 760 1033 injuria,
789 996 905 1033 quum
933 984 1203 1021 existimabunt
1231 984 1380 1022 illarum
1413 985 1560 1022 urbium
1590 984 1777 1030 instaura-

342 1045 483 1082 tionem
526 1044 733 1082 exscidium
779 1046 850 1081 sibi
887 1044 1087 1082 allaturam
1104 1060 1114 1088 ;
1143 1045 1282 1082 deinde
1319 1046 1438 1082 nostri
1470 1051 1630 1082 conatus
1667 1053 1778 1082 erunt

339 1105 443 1144 irriti.
499 1105 598 1142 Nam
618 1105 702 1154 quis
722 1106 876 1142 tandem
896 1105 967 1142 erit
984 1106 1119 1150 exitus,
1135 1105 1165 1142 si
1184 1107 1296 1142 urbes
1311 1105 1521 1143 incolumes
1537 1105 1708 1143 exscindi
1727 1107 1777 1144 si-

341 1179 489 1211 nemus,
509 1165 697 1204 exscissas
717 1166 919 1203 instaurari
935 1165 1237 1216 postulabimus?

393 1229 430 1266 9.
460 1227 604 1265 Dicunt
626 1227 816 1277 porrovqui
838 1227 1055 1276 aequissima
1076 1226 1199 1264 dicere
1218 1226 1404 1272 videntur,
1424 1235 1595 1277 oportere
1616 1227 1780 1265 Arcades

341 1295 483 1326 erectas
501 1301 587 1325 cum
613 1288 803 1325 Thebanis
836 1287 1032 1325 columnas
1068 1286 1214 1333 tollere,
1243 1288 1273 1324 si
1307 1287 1418 1325 modo
1437 1289 1544 1327 nobis
1560 1285 1781 1326 constanter

343 1350 436 1388 socii
452 1362 534 1387 esse
554 1349 745 1386 debeant:
774 1348 835 1386 alii
866 1347 1061 1385 columnas
1093 1348 1146 1386 eis
1176 1360 1259 1386 esse
1292 1355 1448 1399 negant,
1484 1350 1550 1387 sed
1575 1350 1779 1388 utilitatem

342 1423 425 1448 esse
455 1423 541 1461 quae
569 1409 774 1447 amicitiam
807 1409 1012 1452 conciliet:
1043 1415 1082 1447 et
1113 1421 1177 1446 eos
1206 1409 1337 1447 haberi
1367 1423 1434 1460 pro
1453 1412 1578 1456 sociis,
1602 1424 1624 1448 a
1642 1412 1779 1462 quibus

342 1471 584 1522 adjuventur.
640 1471 723 1521 Ego
742 1483 845 1516 vero,
865 1470 894 1507 si
914 1470 1078 1508 maxime
1097 1470 1193 1507 tales
1209 1477 1310 1517 sunt,
1328 1471 1379 1508 ita
1397 1473 1542 1510 sentio:
1574 1472 1778 1510 Postulan-

343 1533 435 1570 dum
462 1545 548 1570 esse
568 1532 670 1577 dico,
693 1531 816 1577 simul,
830 1537 873 1568 ut
889 1531 928 1568 hi
947 1537 1091 1568 statuas
1110 1531 1261 1576 tollant,
1285 1531 1411 1577 simul,
1432 1540 1475 1570 ut
1494 1533 1777 1571 Lacedaemonii

341 1605 477 1644 pacem
497 1599 626 1643 agant.
684 1593 771 1630 Utri
791 1599 914 1629 autem
935 1592 987 1629 ita
1004 1592 1128 1629 facere
1143 1591 1344 1638 noluerint,
1360 1599 1438 1629 tum
1458 1594 1603 1631 scilicet
1623 1607 1688 1632 eos
1709 1594 1778 1632 ad-

343 1653 560 1692 sciscendos
589 1654 653 1703 qui
687 1653 789 1690 dicto
820 1653 961 1690 fuerint
992 1653 1216 1690 audientes:
1247 1653 1323 1690 sive
1344 1653 1443 1690 enim
1470 1668 1563 1704 pace
1578 1655 1781 1694 conciliata

344 1714 627 1765 Megalopolitae
651 1714 777 1751 adhuc
809 1713 1075 1750 Thebanorum
1107 1713 1278 1751 societati
1311 1713 1574 1760 adhaerebunt,
1605 1716 1779 1753 omnibus

343 1776 518 1813 nimirum
547 1774 789 1826 perspicuum
822 1774 891 1812 erit
923 1774 1152 1825 praecipuum
1190 1775 1431 1812 commodum
1459 1783 1498 1813 et
1525 1777 1781 1814 emolumenta

342 1836 624 1880 Thebanorum,
654 1848 729 1872 non
748 1834 979 1885 aequitatem,
999 1848 1064 1872 eos
1086 1835 1207 1884 sequi,
1237 1835 1315 1872 sive
1339 1836 1625 1887 Megalopolitae
1653 1837 1778 1874 socios

344 1909 412 1934 nos
429 1897 509 1934 sine
530 1895 662 1932 fraude
681 1895 818 1932 facient
833 1901 871 1931 et
891 1894 1165 1932 Lacedaemonii
1185 1907 1317 1945 pacem
1338 1897 1486 1933 turbare
1506 1904 1635 1934 tamen
1663 1909 1778 1934 cona-

342 1958 496 2002 buntur,
515 1956 637 1994 celare
653 1956 824 2005 profecto
844 1954 1030 1992 neminem
1050 1962 1229 2005 poterunt
1257 1969 1297 1993 se
1327 1969 1402 1993 non
1434 1957 1480 1994 de
1511 1956 1583 1994 hoc
1609 1957 1781 1995 laborare

345 2026 389 2056 ut
406 2017 578 2068 Thespiae
596 2017 866 2061 instaurentur,
894 2016 961 2053 sed
992 2022 1034 2052 ut
1061 2016 1250 2054 Thebanis
1268 2017 1340 2054 hoc
1359 2017 1461 2054 bello
1476 2017 1780 2056 conflictantibus

345 2079 494 2118 interim
513 2079 582 2129 ipsi
602 2077 910 2128 Peloponnesum
929 2076 1119 2127 subigant.

403 2142 463 2179 10.
495 2140 670 2176 Demiror
690 2145 816 2175 autem
835 2137 1033 2187 quosdam,
1054 2138 1115 2187 qui
1135 2137 1413 2176 formidandum
1436 2145 1606 2184 censent,
1628 2140 1659 2177 si
1676 2139 1780 2178 The-

345 2204 531 2241 banorum
550 2200 639 2238 socii
659 2199 1038 2237 Lacedaemoniorum
1063 2198 1193 2236 hostes
1217 2199 1317 2243 sint;
1349 2201 1418 2238 sed
1443 2201 1474 2238 si
1494 2200 1780 2240 Lacedaemonii

346 2265 431 2301 illos
450 2264 551 2314 ipsos
572 2261 786 2306 everterint,
807 2260 844 2297 id
861 2260 1141 2297 formidandum
1160 2273 1237 2297 non
1256 2269 1437 2299 censent:
1466 2262 1674 2311 praesertim
1693 2275 1780 2300 cum

346 2331 495 2375 tempus
527 2323 651 2373 reipsa
677 2334 745 2359 nos
778 2321 962 2367 docuerit,
982 2321 1186 2359 Thebanos
1207 2335 1351 2372 semper
1371 2322 1428 2358 his
1448 2322 1559 2359 sociis
1580 2322 1633 2360 uti
1649 2331 1782 2362 contra

350 2384 682 2425 Lacedaemonios;
715 2382 1021 2420 Lacedaemonios
1040 2390 1176 2427 autem,
1203 2383 1292 2419 dum
1314 2382 1468 2420 eosdem
1486 2383 1666 2430 habuere,
1687 2397 1780 2422 con—

348 2454 408 2484 tra
427 2458 496 2482 nos
516 2444 587 2481 illis
602 2443 720 2480 fuisse
738 2456 839 2480 usos.
896 2442 1058 2479 Proinde
1077 2442 1168 2479 illud
1189 2442 1302 2479 etiarn
1322 2443 1566 2492 cogitandum
1585 2456 1734 2490 censeo,
1748 2445 1780 2482 si

350 2520 418 2545 vos
450 2503 746 2555 Megalopolitas
772 2516 848 2540 non
883 2502 1109 2553 receperitiS,
1145 2504 1189 2540 iis
1226 2504 1456 2553 expugnatis
1486 2512 1525 2541 et
1555 2505 1778 2556 profligatis,

351 2564 660 2604 Lacedaemonios
677 2564 802 2601 statim
815 2563 893 2600 fore
907 2569 1082 2613 potentes
1102 2575 1111 2599 ε
1140 2564 1196 2600 sin
1217 2564 1312 2601 forte
1332 2565 1535 2602 manserint
1560 2565 1781 2612 incolumes,

352 2627 462 2666 sicuti
487 2625 668 2662 nonnulla
691 2624 770 2674 jam
803 2630 939 2673 praetcr
964 2636 1070 2673 spem
1104 2630 1323 2668 evenerunt,
1354 2624 1481 2662 firmos
1514 2625 1780 2664 Thebanorum

352 2687 476 2727 socios
497 2686 626 2723 merito
642 2685 800 2721 futuros.
859 2683 897 2721 Si
919 2691 1045 2721 autem
1065 2696 1130 2720 eos
1151 2696 1216 2721 vos
1237 2686 1466 2735 receperitis,
1495 2685 1655 2723 salutem
1674 2699 1781 2724 suam

352 2750 459 2787 vobis
480 2752 674 2797 acceptam
694 2744 898 2782 relaturos:
930 2757 1058 2781 verum
1078 2751 1252 2782 eventum
1282 2752 1320 2782 et
1349 2746 1507 2795 periculi
1533 2745 1780 2784 considerati-

356 2823 464 2848 onem
483 2807 751 2846 transferamus
766 2806 813 2842 ab
833 2804 1116 2854 illis„idemque
1138 2806 1330 2855 negotium
1350 2807 1386 2842 in
1405 2806 1593 2843 Thebanis
1608 2814 1646 2844 et
1666 2807 1782 2845 Lace-

357 2869 553 2908 daemoniis
581 2866 882 2905 consideremus.
921 2864 959 2902 Si
981 2864 1092 2914 igitur
1116 2865 1284 2904 Thebani
1304 2867 1418 2912 bcllo,
1439 2875 1478 2904 ut
1497 2867 1651 2912 debent,
1672 2869 1782 2906 suba-
