1923 3149
300 108 352 146 94
818 108 1130 149 PHILIPPICA
1161 109 1236 148 111.

295 209 540 249 consuetudo
566 210 752 249 malorum
781 213 951 251 omnium
976 225 1094 252 causa
1113 212 1196 258 fuit,
1220 212 1310 250 alibi
1329 227 1418 254 vero
1441 227 1650 267 nusquam:
1680 215 1749 254 sed

296 270 468 316 Eretriae,
490 279 692 322 postquam
714 272 889 322 digresso
904 273 1113 311 Plutarcho
1135 280 1172 311 et
1192 275 1403 324 peregrinis
1424 277 1606 315 militibus
1626 290 1749 329 popu-

295 331 356 368 lus
377 333 508 370 urbem
529 334 686 371 tenebat
704 341 744 371 et
759 333 1001 378 Porthmum,
1025 335 1087 372 alii
1109 348 1298 372 summam
1317 349 1442 373 rerum
1463 338 1513 375 ad
1532 351 1603 376 nos
1624 345 1748 376 trans-

296 392 484 440 ferebant,
504 393 567 432 alii
587 394 636 432 ad
663 394 897 445 Philippum.
955 395 1026 432 His
1047 395 1084 432 in
1114 395 1322 446 plerisque,
1352 410 1399 434 ac
1419 399 1546 448 potius
1569 400 1606 437 in
1626 400 1750 437 omni·

295 455 369 492 bus
401 456 662 494 auscultantes
695 455 822 493 miseri
854 461 894 493 et
921 455 1094 494 infelices
1134 456 1370 495 Eretrienses
1403 460 1558 496 tandem
1590 460 1748 498 adducti

296 523 400 563 sunt,
422 524 466 555 ut
495 531 560 556 eos
584 518 768 569 ejicerent
788 517 852 568 qui
871 531 951 569 ,pro
977 518 1113 568 seipsis
1139 518 1255 556 locuti
1283 527 1384 558 sunt.
1447 521 1612 559 Proinde
1632 522 1750 560 misso

296 578 536 630 Hipponico,
565 580 692 617 socius
721 586 761 617 et
785 579 929 617 amicus
957 592 1090 617 eorum
1119 579 1329 631 Philippus,
1351 588 1390 619 et
1404 583 1612 633 peregrinis
1633 583 1749 630 mille,

295 653 428 678 muros
450 640 624 678 Porthmi
643 640 758 678 diruit
777 647 816 679 et
836 648 913 679 tres
933 641 1114 692 imposuit
1141 648 1340 692 tyrannos,
1362 643 1646 694 Hipparchum,
1667 646 1750 683 Au-

294 701 572 748 tomedontem,
586 701 840 739 Clitarchum:
861 708 900 739 et
911 708 1044 753 postea
1060 702 1118 740 bis
1131 703 1284 753 regione
1298 705 1456 755 expulit,
1470 719 1558 743 cum
1571 706 1650 757 jam
1669 719 1749 744 ser-

294 762 374 800 vari
397 762 550 807 vellent,
576 763 703 801 missis
729 763 893 815 primum
919 763 993 802 illis
1021 776 1109 801 cum
1135 763 1355 816 Eurylocho
1384 766 1580 813 militibus,
1612 766 1749 805 deinde

295 822 378 861 aliis
398 836 488 861 cum
509 824 775 864 Parmenione.

352 884 414 922 13.
444 884 494 922 Et
513 885 604 935 quid
630 886 761 924 multis
787 900 882 938 opus
909 887 990 926 est?
1021 888 1066 926 In
1095 889 1198 926 Oreo
1224 888 1446 928 Philistides
1473 903 1627 940 operam
1657 890 1749 927 Phi-

294 945 400 996 lippo
420 947 585 983 navabat
611 954 651 984 et
675 947 885 998 Menippus
909 955 949 986 et
974 950 1152 987 Socrates
1174 957 1213 987 et
1240 950 1371 988 Thoas
1392 957 1429 988 et
1449 952 1664 1001 Agapeeus‚
1685 950 1749 1001 qui

293 1020 398 1045 nunc
418 1013 551 1045 tenent
570 1008 797 1046 urbem-——et
818 1008 903 1047 haec
928 1016 1068 1047 norant
1092 1023 1291 1058 omnes—,
1305 1011 1423 1049 homo
1447 1018 1574 1050 autem
1595 1012 1750 1062 quidam

295 1069 526 1120 Euphraeus,
548 1069 612 1119 qui
632 1069 839 1120 aliquando
857 1070 920 1108 hic
939 1071 1044 1122 apud
1064 1085 1134 1109 nos
1156 1087 1194 1109 eo
1219 1072 1417 1118 habitavit,
1436 1080 1478 1110 ut
1493 1073 1600 1110 liberi
1620 1079 1751 1111 essent

292 1131 388 1167 cives
406 1131 463 1167 sui
490 1136 529 1168 et
555 1131 695 1169 nemini
721 1131 919 1170 servirent.
975 1133 1013 1170 Is
1040 1146 1137 1183 quas
1154 1134 1388 1184 caeteroquin
1416 1134 1571 1185 injurias
1598 1141 1637 1172 et
1656 1147 1750 1173 con-

291 1191 470 1230 tumelias
483 1194 530 1230 ab
542 1192 685 1243 populo
697 1206 903 1244 perpessus
918 1194 979 1240 sit,
992 1194 1149 1245 longum
1159 1202 1264 1232 esset
1276 1195 1400 1232 dicere
1412 1208 1419 1232 :
1431 1209 1531 1233 anno
1542 1203 1669 1234 autem
1682 1209 1751 1234 an-

292 1259 332 1291 te
345 1261 498 1304 captam
511 1254 641 1291 urbem
655 1254 882 1304 proditionis
896 1268 1002 1293 reum
1012 1256 1104 1293 fecit
1117 1256 1357 1293 Philistidem
1368 1263 1406 1293 et
1417 1256 1543 1294 socios
1558 1257 1654 1308 ejus,
1669 1269 1751 1307 per-

294 1322 430 1366 specto
449 1316 541 1366 quid
561 1315 798 1354 molirentur.
857 1317 1024 1355 Connixi
1052 1323 1179 1355 autem
1208 1317 1382 1355 homines
1409 1318 1532 1363 multi,
1555 1324 1593 1355 et
1611 1317 1750 1368 praebi-

292 1383 415 1414 torem
433 1376 620 1415 habentes
641 1376 860 1428 Philippum
885 1385 925 1416 et
942 1378 1111 1416 consiliis
1131 1378 1214 1430 ejus
1234 1378 1425 1425 instructi,
1446 1379 1644 1417 abducunt
1667 1379 1748 1416 Eu-

293 1437 466 1489 phraeum
486 1438 523 1475 in
542 1451 748 1483 carcerem,
776 1445 819 1477 ut
838 1439 1058 1490 reipublicae
1083 1442 1400 1491 perturbatorem.
1457 1441 1555 1485 Quae
1581 1454 1668 1478 cum
1693 1441 1750 1479 vi-

295 1499 406 1538 deret
422 1500 589 1551 populus
613 1500 816 1545 Oritanus,
843 1500 944 1539 hunc
964 1501 1061 1539 adeo
1089 1515 1165 1539 non
1194 1502 1355 1552 adjuvit,
1376 1502 1538 1552 illosque
1558 1503 1597 1540 in
1626 1502 1749 1540 cruci-

294 1568 399 1599 atum
419 1562 511 1612 egit,
530 1569 572 1599 ut
588 1574 659 1600 nec
679 1562 737 1599 his
757 1562 994 1610 irasceretur,
1014 1569 1053 1600 et
1070 1563 1175 1600 illum
1190 1563 1324 1601 merito
1343 1563 1409 1600 illa
1428 1563 1524 1601 ferre
1540 1565 1687 1602 diceret
1697 1564 1751 1602 ei-

294 1635 371 1674 que
391 1623 607 1661 insultaret.
664 1623 862 1674 Deinceps
881 1623 936 1661 illi
958 1623 1180 1662 omnimoda
1207 1637 1293 1662 cum
1320 1624 1495 1662 libertate
1525 1625 1564 1662 id
1584 1626 1752 1676 agebant

293 1690 337 1721 ut
356 1685 446 1721 urbs
462 1690 679 1735 caperetur,
697 1691 736 1721 et
747 1697 827 1721 rem
844 1685 1062 1729 struebant;
1085 1684 1186 1735 quod
1204 1685 1235 1722 si
1256 1686 1341 1735 quis
1359 1698 1379 1722 e
1394 1686 1538 1737 populo
1554 1686 1752 1733 sensisset,

292 1746 447 1783 tacebat
464 1753 503 1783 et
521 1751 603 1782 erat
631 1746 831 1791 attonitus,
860 1759 1006 1784 memor
1034 1746 1126 1796 quid
1149 1746 1339 1796 Euphraeo
1360 1747 1580 1785 accidisset.
1637 1747 1752 1786 Adeo

294 1806 435 1845 misera
461 1814 590 1844 autern
620 1813 730 1844 erant
758 1807 993 1853 conditione,
1026 1814 1069 1845 ut
1100 1822 1178 1845 non
1208 1809 1312 1857 prius
1340 1809 1501 1846 auderet
1532 1808 1750 1859 quisquam,

292 1868 361 1905 tali
379 1868 602 1905 imminente
622 1868 736 1914 malo,
755 1881 889 1905 vocem
904 1882 1094 1919 rumpere,
1111 1882 1225 1918 quarn
1246 1868 1435 1907 instructa
1449 1869 1530 1907 acie
1552 1870 1601 1907 ad
1621 1882 1751 1908 muros

292 1928 523 1967 accederent
540 1929 691 1967 hostes:
714 1935 796 1966 tum
816 1930 970 1967 demum
988 1929 1028 1967 hi
1047 1930 1229 1980 oppidum
1248 1929 1521 1976 defendebant,
1542 1931 1596 1968 illi
1614 1931 1751 1982 prode-

292 1991 402 2028 bant.
459 1989 567 2036 Urbi,
594 1990 648 2027 ita
673 1997 797 2041 captae
816 1990 976 2041 turpiter
1000 1997 1040 2028 et
1057 1990 1262 2041 flagitiose,
1282 1990 1344 2028 isti
1365 1991 1612 2029 dominantur
1635 2000 1673 2030 et
1692 2000 1752 2044 ty-

291 2051 492 2089 rannidem
507 2058 701 2098 exercent,
722 2052 780 2098 iis,
803 2052 867 2103 qui
889 2059 966 2090 tum
991 2058 1030 2090 et
1048 2052 1275 2102 semetipsos
1305 2061 1344 2090 et
1364 2053 1598 2104 Euphraeum
1618 2054 1750 2092 defen-

294 2114 439 2152 debant
452 2119 491 2151 et
504 2112 656 2163 quidvis
677 2113 872 2164 suscipere
888 2113 1008 2164 parati
1027 2120 1149 2159 erant,
1169 2113 1306 2164 partim
1327 2114 1473 2165 ejectis,
1493 2116 1629 2165 partim
1649 2116 1750 2154 occi-

293 2175 365 2213 sis:
423 2173 638 2226 Euphraeus
665 2181 792 2212 autern
822 2174 885 2212 ille
915 2175 1162 2226 semetipsum
1184 2175 1390 2226 jugulavit,
1417 2176 1542 2226 reipsa
1571 2183 1750 2224 testatus,

293 2250 334 2276 se
347 2237 435 2288 jure
455 2243 493 2275 et
514 2237 659 2287 integre
679 2249 748 2287 pro
768 2236 912 2275 civibus
932 2236 1118 2275 restitisse
1134 2236 1326 2288 Philippo.

351 2301 411 2336 14.
444 2298 639 2342 Quidnam
665 2298 780 2348 igitur
798 2311 928 2336 causae
948 2298 1010 2344 sit,
1031 2298 1216 2335 miramini
1237 2298 1412 2343 fortasse,
1433 2312 1502 2336 cur
1521 2306 1558 2337 et
1576 2299 1749 2351 Olynthii

293 2368 332 2398 et
350 2360 587 2397 Eretrienses
609 2366 647 2396 ct
672 2359 792 2397 Oritae
814 2359 933 2410 magis
955 2358 1121 2409 Philippi
1150 2359 1416 2396 defensoribus
1437 2360 1610 2405 faverint,
1631 2373 1748 2410 quam

293 2422 397 2461 suis?
429 2422 575 2459 Eadem
597 2435 728 2466 causa,
754 2434 840 2471 quae
861 2431 900 2459 et
925 2421 1028 2471 apud
1048 2434 1131 2470 vos,
1161 2421 1263 2470 quod
1290 2421 1313 2457 ii
1335 2422 1398 2470 qui
1425 2421 1570 2472 reipub.
1591 2421 1747 2459 consul-

292 2490 375 2521 tum
395 2484 543 2527 volunt,
564 2496 610 2520 ne
631 2483 785 2533 quidem
807 2483 837 2519 si
861 2483 1030 2532 cupiant,
1055 2482 1262 2531 quicquam
1280 2482 1328 2518 ad
1349 2482 1509 2532 gratiam
1531 2483 1657 2521 dicere
1679 2483 1747 2521 ali-

291 2545 451 2597 quando
469 2552 651 2595 possunt2
684 2557 771 2581 narn
788 2557 848 2581 res
866 2544 956 2593 ipsae
974 2550 1014 2580 ut
1033 2543 1246 2580 incolumes
1263 2543 1350 2587 sint,
1369 2543 1648 2592 providendum
1669 2551 1747 2582 est:

291 2608 358 2653 illi,
380 2607 438 2644 his
454 2606 545 2657 ipsis
561 2619 647 2655 quae
666 2606 703 2642 in
724 2605 890 2655 Philippi
909 2604 1152 2642 commodum
1169 2612 1301 2654 agunt,
1325 2604 1484 2653 gratiam
1506 2605 1649 2642 ineunt.
1691 2606 1747 2642 Hi

292 2669 477 2707 tributum
498 2667 672 2706 conferre
686 2667 890 2717 jubebant,
908 2666 960 2703 illi
982 2665 1073 2702 nihil
1094 2678 1190 2715 opus
1213 2679 1297 2702 csse
1319 2665 1519 2703 dicebant:
1550 2667 1586 2702 hi
1604 2666 1747 2704 bellum

294 2731 507 2781 gerendum
527 2743 609 2767 esse
630 2737 667 2766 et
689 2727 956 2772 diffidendum,
976 2727 1029 2764 illi
1050 2739 1183 2777 pacem
1204 2727 1410 2776 agendam,
1437 2727 1561 2764 donec
1589 2727 1752 2764 circum-

294 2792 397 2830 venti
425 2798 526 2829 sunt.
585 2790 738 2828 Caetcra
769 2789 906 2826 codem
933 2788 1062 2832 modo,
1091 2789 1265 2832 arbitror,
1292 2787 1431 2832 omnia,
1459 2794 1502 2824 ut
1526 2801 1574 2825 ne
1599 2788 1752 2838 singula

294 2866 534 2892 recenseam:
576 2851 643 2899 illi,
673 2851 812 2904 quibus
845 2851 882 2889 iu
914 2850 1121 2902 praesentia
1151 2850 1468 2900 gratificarcntur‚
1499 2862 1544 2888 ca
1573 2851 1752 2890 dicebant
