1923 3149
375 1065 580 1107 LIBANII
609 1062 1009 1105 ARGUMENTUM
1040 1062 1231 1102 PRIMAE
1258 1064 1318 1102 IN
1348 1063 1652 1103 PHILIPPUM

856 1135 1169 1174 ORATIONIS.

288 1251 546 1285 ΑτΗΕΝῐΕΝει-ῑε,
562 1259 631 1278 cum
647 1248 760 1278 bellum
775 1246 937 1277 infeliciter
950 1251 1054 1277 contra
1071 1246 1249 1286 Philippum
1269 1253 1418 1287 gererent,
1434 1247 1464 1277 in
1481 1247 1656 1278 concionem
1670 1259 1742 1291 eon-

287 1315 434 1340 venerunt
448 1308 682 1348 desperabnndi.
727 1308 839 1337 Orator
862 1306 956 1346 igitur
981 1311 1012 1337 et
1034 1306 1152 1345 erigere
1175 1308 1311 1346 abjectos
1334 1307 1449 1337 animos
1473 1312 1611 1346 conatur,
1626 1308 1741 1349 (neque

274 1366 366 1398 'enim
383 1378 450 1398 esse
466 1367 587 1402 mirum,
601 1366 626 1396 si
644 1367 672 1395 in
690 1370 773 1395 tanta
788 1366 928 1395 socordia
943 1365 1016 1395 victi
1033 1364 1106 1405 sint)
1123 1369 1226 1404 etqua
1240 1366 1355 1396 ratione
1373 1366 1486 1396 bellum
1500 1367 1672 1397 rectissime
1690 1368 1743 1398 ad-

288 1427 469 1462 ministrent,
489 1427 589 1456 docet.
632 1426 726 1456 Jubet
748 1426 882 1465 geminas
899 1425 1003 1464 copias
1026 1425 1216 1463 comparari:
1242 1425 1352 1455 alteras
1368 1428 1498 1465 majores
1515 1427 1659 1463 urbanas,
1673 1437 1741 1466 quae

289 1486 372 1516 domi
386 1490 534 1520 maneant,
551 1485 579 1514 in
597 1494 714 1514 omnem
730 1488 873 1514 eventum
886 1488 1018 1522 paratae;
1041 1483 1149 1513 alteras
1162 1483 1306 1519 minores,
1323 1495 1389 1522 quae
1406 1484 1553 1514 militibus
1571 1485 1739 1524 peregrinis

288 1549 436 1580 constent,
461 1544 615 1583 permistae
638 1543 772 1580 civibus3
795 1546 826 1572 et
842 1553 908 1571 eum
926 1541 1089 1572 exercitum
1106 1553 1164 1572 non
1181 1543 1309 1572 Athenis
1331 1553 1465 1579 manere,
1490 1554 1588 1582 neque
1605 1554 1641 1574 ex
1664 1544 1740 1573 urbe

288 1613 377 1642 opem
394 1603 530 1632 conferre
543 1603 649 1641 jubet;
673 1602 726 1631 sed
743 1601 825 1631 circa
848 1601 1061 1631 Macedoniam
1078 1602 1204 1637 versari,
1218 1602 1447 1641 belligerantem
1471 1602 1679 1633 continenter:
1702 1613 1741 1633 ne

288 1662 362 1691 ssatu
380 1661 553 1690 Etesiarum
569 1660 730 1700 Philippus
754 1661 929 1695 observato,
949 1664 1000 1690 aut
1015 1661 1104 1690 etiam
1119 1661 1231 1697 hieme,
1250 1671 1318 1690 cum
1334 1660 1462 1690 Athenis
1480 1661 1509 1690 in
1526 1661 1740 1692 Macedoniam

289 1719 425 1758 navigari
440 1729 499 1749 non
514 1719 617 1754 liceat,
632 1729 695 1748 rein
711 1718 918 1758 aggrediatur,
930 1723 961 1748 et
976 1729 1031 1758 per
1045 1719 1208 1749 absentiam
1226 1719 1458 1750 Atheniensium
1471 1719 1571 1750 omnia
1587 1720 1740 1752 obtineat:

292 1778 347 1807 sed
363 1777 542 1814 exercitum,
557 1777 609 1816 qui
625 1787 694 1807 cum
711 1787 748 1807 eo
763 1777 898 1814 dimicet,
916 1776 1047 1808 vicinum
1063 1778 1165 1817 potius
1178 1777 1207 1807 ei
1223 1787 1292 1808 esse
1307 1783 1449 1818 oportere
1465 1783 1579 1809 censet.
1611 1818 1614 1822 Δ
