1923 3149
312 97 364 134 26
790 88 1151 128 OLYNTfflAcA
1184 89 1202 126 1
1232 89 1316 139 (11).

315 202 448 234 contra
467 191 650 231 dubitetis
670 191 773 230 exire
793 198 833 230 et
851 191 1019 242 segniter
1038 192 1242 230 conseratis
1263 205 1330 243 pro
1360 192 1451 242 ipsis
1467 192 1603 230 vestris
1618 204 1772 243 posses-

320 257 514 295 sionibus:
545 262 583 292 et
601 266 688 291 cum
708 266 810 304 saepe
831 252 925 290 alios
947 253 1201 298 servaveritis,
1223 265 1301 303 qua
1317 252 1528 298 universos,
1544 265 1620 303 qua
1639 253 1772 303 singu-

317 318 390 363 los,
407 315 542 354 vestris
555 314 701 352 amissis
716 314 852 364 opibus
869 313 1090 351 desideruis.
1122 314 1222 351 Haec
1243 314 1356 351 miror
1373 326 1381 351 :
1403 320 1517 364 atque
1532 313 1625 351 illud
1645 314 1773 360 etiam,

319 380 350 416 si
370 384 535 416 vestrum
552 389 664 414 nemo
684 383 859 426 reputare
881 375 1020 426 possit,
1040 375 1310 421 Athenienses,
1337 382 1480 426 quanto
1500 375 1581 425 jam
1602 384 1774 426 tempore

318 453 407 478 cum
427 438 603 488 Philippo
616 437 758 474 bellum
780 436 935 487 geratis,
950 436 1117 486 quidque
1131 437 1238 474 vobis
1255 436 1480 474 facientibus
1496 448 1608 473 omne
1623 435 1661 472 id
1676 442 1773 473 tern-

316 514 389 553 pus
408 498 644 552 praeterierit.
701 497 830 535 Nostis
849 497 947 535 enim
968 497 1041 534 hoc
1054 496 1211 542 scilicet,
1224 496 1464 534 cessantibus
1478 495 1775 546 vobismetipsis,

317 563 413 601 alios
434 560 625 612 quosdam
656 572 735 597 rem
767 566 946 609 gesturos
979 559 1236 609 sperantibus,
1270 558 1352 596 aliis
1384 558 1479 596 alios
1513 557 1773 609 culpantibus,

316 625 356 662 in
370 623 556 675 judicium
576 621 817 667 vocantibus,
837 634 967 659 rursus
997 620 1254 671 sperantibuS‚
1282 620 1416 658 eadem
1450 621 1528 658 fere
1560 633 1646 670 quae
1672 631 1775 656 nunc

318 683 535 736 agentibus,
562 683 781 720 universum
809 688 961 733 tempus
1001 681 1153 719 abiisse.
1211 681 1362 719 Deinde
1399 680 1547 718 adeone
1584 679 1773 731 desipitis,

322 746 591 791 Athenienses,
611 750 654 781 ut
673 744 810 794 quibus
827 743 1040 781 rationibus
1060 756 1081 781 e
1096 743 1276 781 secundis
1292 742 1462 780 adversae
1481 755 1543 781 res
1557 742 1670 780 factae
1686 746 1777 779 sunt

319 806 498 852 civitatis,
518 805 561 843 iis
582 805 675 856 ipsis
692 805 852 855 speretis
871 817 936 842 eas
956 817 1001 842 ex
1019 803 1189 842 adversis
1210 804 1287 842 fore
1304 803 1524 842 secundas?
1579 803 1632 840 At
1649 814 1774 852 neque

314 867 450 906 rationi
469 871 769 904 consentaneum
803 878 925 915 neque
954 871 1100 902 naturae
1130 865 1204 903 hoc
1233 871 1316 908 est;
1347 865 1469 902 multo
1500 864 1600 902 enim
1622 863 1774 901 facilius

321 929 465 980 adepta
482 935 680 966 servantur
703 928 843 972 omnia,
863 940 978 977 quam
997 933 1294 977 comparantur:
1324 933 1363 964 et
1382 939 1486 964 nunc
1505 925 1664 974 quidem
1682 937 1775 976 pos·

321 991 534 1029 sessionum
553 995 723 1027 veterum
741 989 846 1038 quod
867 994 1059 1038 tueamur,
1086 986 1179 1024 nihil
1206 1000 1229 1024 a
1259 986 1363 1025 bello
1387 994 1448 1025 est
1478 986 1677 1037 reliquum,
1704 986 1775 1024 sed

319 1051 367 1089 de
382 1052 532 1099 integro
546 1049 729 1099 parandae
744 1055 856 1086 sunt:
877 1055 1050 1086 nostrum
1064 1048 1178 1099 igitur
1193 1048 1413 1099 ipsorum'id
1427 1049 1507 1100 jam
1521 1048 1683 1086 officium
1701 1054 1774 1086 est.

373 1111 410 1147 9.
441 1111 570 1150 Quare
591 1108 754 1152 suadeo,
769 1114 813 1144 ut
835 1108 1039 1156 pecuniam
1067 1109 1285 1157 conferatis,
1304 1109 1377 1160 ipsi
1396 1108 1565 1147 militetis
1586 1109 1774 1155 alacriter,

321 1171 509 1211 neminem
528 1168 691 1218 culpetis
713 1168 934 1218 priusquam
954 1181 1079 1205 rerum
1099 1176 1296 1219 compotes
1326 1169 1421 1216 sitis,
1437 1176 1481 1207 ut
1499 1176 1581 1207 tum
1610 1170 1657 1207 ab
1678 1170 1774 1220 ipsis

319 1234 433 1271 rebus
454 1230 571 1282 gestis
590 1229 692 1267 sacto
713 1228 872 1276 judicio,
895 1234 935 1266 et
957 1227 1071 1266 laude
1100 1228 1239 1280 dignos
1264 1231 1486 1276 honoribus,
1511 1237 1550 1268 et
1578 1231 1776 1269 maleficos

320 1292 443 1345 poenis
481 1289 669 1337 afficiatis,
709 1301 926 1340 causasque
953 1301 1089 1327 omnes
1118 1291 1346 1340 negligentiae
1381 1291 1599 1342 praecidatis
1639 1298 1678 1330 et
1701 1297 1777 1330 ‘ve-

323 1361 442 1392 strum
462 1352 631 1403 ipsorum
663 1350 916 1389 omissiones:
946 1363 1070 1401 neque
1099 1350 1203 1388 enim
1236 1351 1294 1388 sas
1326 1357 1386 1389 est
1417 1352 1454 1389 in
1485 1351 1643 1390 aliorum
1672 1353 1778 1391 facta

321 1416 458 1454 acerbe
471 1412 674 1463 inquirere,
688 1411 762 1449 nisi
774 1425 797 1449 a
816 1412 923 1452 vobis
936 1411 1116 1462 imprimis
1132 1418 1344 1462 suppetant
1362 1412 1490 1451 omnia
1503 1427 1590 1464 quae
1609 1421 1776 1464 oportet.

324 1475 429 1521 Quid
444 1475 545 1514 enim
564 1487 690 1512 eausae
708 1474 853 1525 putatis
866 1485 968 1520 esse,
985 1472 1260 1519 Athenienses,
1277 1487 1345 1511 cur
1359 1474 1514 1524 fugiant
1532 1475 1685 1525 quidem
1700 1475 1776 1514 hoc

322 1538 467 1576 bellum
479 1548 610 1574 omnes
630 1547 727 1586 quos
752 1534 899 1572 mittitis
931 1533 1193 1585 imperatores,
1226 1535 1399 1584 privatim
1429 1541 1555 1572 autem
1576 1535 1780 1587 exquirant

324 1599 442 1645 bella,
471 1598 503 1636 si
531 1597 636 1649 quod
664 1609 724 1634 res
754 1603 814 1634 est
843 1595 957 1634 etiam
984 1595 1033 1633 de
1055 1595 1218 1638 ducibus
1247 1602 1308 1633 est
1334 1595 1568 1638 dicendum?
1596 1597 1698 1647 quod
1711 1597 1778 1635 hic

323 1659 495 1712 praemia,
516 1658 563 1695 de
576 1658 712 1707 quibus
731 1655 875 1694 bellum
897 1655 1049 1706 geritur,
1067 1661 1193 1694 vestra
1212 1662 1327 1699 sunt3
1355 1656 1597 1707 Amphipolis
1618 1657 1648 1694 si
1663 1664 1778 1708 capta

327 1723 457 1766 suerit,
471 1734 538 1758 vos
550 1732 636 1757 eam
650 1731 671 1756 e
681 1718 844 1768 vestigio
853 1717 1058 1768 recipietis:
1079 1717 1251 1768 pericula
1263 1723 1390 1755 autem
1406 1725 1495 1755 sunt
1507 1718 1776 1769 imperatorum

325 1784 487 1836 privata,
500 1793 649 1818 merces
669 1779 797 1816 nulla:
826 1778 916 1823 illic,
937 1785 979 1815 ut
991 1778 1162 1829 pericula
1180 1777 1340 1825 minora,
1360 1777 1414 1816 sic
1431 1778 1689 1817 emolumenta
1703 1779 1777 1818 du-

328 1857 418 1883 cum
430 1847 520 1880 sunt
539 1848 578 1880 et
595 1841 770 1886 militum,
794 1839 1042 1890 Lampsacus,
1073 1839 1243 1890 Sigeum,
1270 1838 1422 1889 navigia
1449 1853 1536 1890 quae
1567 1840 1776 1890 spoliarint.

327 1906 375 1944 Id
393 1904 507 1955 igitur
520 1904 660 1953 quique
674 1907 899 1952 sequuntur,
912 1901 1016 1951 quod
1037 1914 1057 1938 e
1079 1914 1116 1938 re
1142 1913 1214 1938 sua
1243 1907 1314 1937 est.
1344 1900 1424 1938 Vos
1455 1907 1596 1948 autern,
1623 1914 1710 1939 cum
1736 1902 1776 1939 in

329 1978 388 2003 res
415 1963 614 2001 intuemini
638 1975 771 2013 parum
790 1975 1006 2013 prosperaS‚
1037 1962 1241 2012 praefectos
1273 1961 1312 1998 in
1339 1960 1524 2011 judicium
1558 1963 1777 2002 arcessitis:

327 2025 393 2064 ubi
425 2037 516 2062 vero
546 2024 649 2061 facta
673 2023 828 2060 dicendi
858 2029 1048 2074 potestate
1068 2023 1318 2061 necessitates
1351 2023 1436 2061 illas
1464 2023 1673 2070 audieritis,
1692 2039 1778 2064 reos

331 2085 534 2125 dimittitis.
589 2083 710 2123 Vobis
739 2084 852 2134 igitur
884 2084 923 2121 id
951 2091 1012 2122 est
1037 2083 1238 2134 reliquum,
1257 2090 1300 2121 ut
1330 2084 1428 2122 inter
1446 2097 1513 2122 vos
1549 2085 1706 2135 litigetis
1739 2096 1779 2126 ct

330 2146 559 2192 dissideatis,
589 2145 672 2183 aliis
699 2144 802 2182 aliud
837 2145 1103 2191 sentientibus,
1136 2145 1354 2196 respublica
1372 2158 1461 2183 vero
1493 2146 1591 2184 male
1620 2145 1778 2186 habeat.

333 2209 437 2247 Olim
461 2207 574 2252 enim,
609 2206 876 2251 Athenienses,
906 2207 1050 2245 tributa
1084 2206 1339 2245 conserebatis
1372 2219 1439 2257 per
1472 2206 1632 2252 classes,
1676 2222 1780 2248 nunc

331 2268 608 2319 rempublicam
625 2266 752 2317 geritis
765 2280 832 2318 per
849 2267 1010 2305 classes.
1040 2267 1180 2305 Orator
1199 2274 1446 2316 utrarumque
1465 2266 1545 2304 dux
1562 2275 1632 2313 est,
1653 2275 1691 2306 et
1709 2269 1780 2307 im-

331 2337 484 2383 perator
503 2328 557 2366 illi
576 2328 786 2379 subjectus,
809 2335 848 2366 et
866 2329 1036 2374 trecenti,
1064 2330 1128 2378 qui
1149 2328 1427 2380 suffragentur:
1458 2327 1591 2378 reliqui
1611 2331 1782 2370 attributi

336 2389 592 2441 estis,partim
609 2388 681 2433 his,
702 2389 838 2439 partim
858 2389 943 2426 illis.
1002 2389 1072 2427 His
1087 2389 1202 2439 igitur
1219 2402 1320 2427 nunc
1339 2388 1476 2427 saltem
1490 2390 1633 2428 relictis
1654 2392 1782 2431 vobis—

333 2465 407 2504 que
424 2451 474 2490 ad
493 2449 745 2500 vosmetipsos
760 2450 1021 2496 redeuntibus,
1041 2458 1120 2488 turn
1140 2450 1308 2495 dicendi,
1322 2457 1401 2488 tum
1422 2451 1678 2499 consultandi,
1698 2460 1781 2493 tum

335 2513 474 2565 agendi
503 2524 629 2548 munus
656 2524 857 2548 commune
891 2511 1107 2564 faciendum
1141 2519 1212 2550 est.
1269 2512 1335 2548 Sin
1362 2512 1565 2561 aliquibus,
1598 2520 1781 2565 tanquam

334 2586 494 2625 regnum
525 2572 764 2622 possideant,
793 2572 1002 2622 imperandi
1032 2573 1141 2610 vobis
1174 2573 1368 2611 licentiam
1406 2573 1665 2622 permiseritis,
1695 2575 1779 2614 aliis

331 2633 642 2674 instruendarum
662 2632 882 2678 triremium,
899 2634 1025 2670 tributi
1041 2633 1275 2680 conferendi,
1295 2633 1482 2671 militandi
1514 2635 1783 2674 necessitatem

334 2695 550 2746 imponetis,
580 2694 663 2731 aliis
695 2695 732 2730 id
763 2695 899 2744 negotii
919 2695 1048 2732 dabitis
1078 2701 1121 2731 ut
1152 2702 1287 2733 contra
1319 2695 1389 2732 hos
1424 2695 1578 2733 decreta
1595 2695 1783 2736 duntaxat

335 2757 478 2795 saciant
496 2755 645 2806 aliaque
666 2767 704 2793 re
725 2754 831 2793 nulla
859 2767 1015 2806 operam
1048 2762 1202 2803 navent,
1232 2755 1322 2794 nihil
1349 2755 1452 2808 quod
1484 2769 1578 2794 usus
1609 2757 1783 2812 postulat.
