1923 3149
647 175 959 216 PHILIPPICA
991 175 1065 213 111.
1533 176 1585 213 93

129 280 304 321 civilibus
324 280 459 333 copiis,
480 280 636 319 domum
661 279 845 319 rediisse:
875 278 973 316 adeo
992 283 1122 315 autern
1144 277 1260 316 veteri
1285 277 1530 330 simplicitate
1551 290 1592 318 se

130 350 346 394 gesserunt,
366 342 427 380 vel
445 342 573 394 potius
601 341 798 386 civilitate,
827 346 871 377 ut
889 353 936 376 ne
958 338 1122 389 pecunia
1142 338 1297 388 quidem
1315 340 1523 390 quicquam
1545 341 1593 380 ab

130 405 211 443 ullo
231 405 479 454 redimerent,
500 404 570 442 sed
592 416 680 441 esse
700 401 911 453 legitimam
936 399 1133 450 quandam
1161 412 1240 437 rem
1262 407 1301 438 et
1325 409 1493 452 apertam
1513 403 1595 441 bel-

130 467 224 504 lum.
269 466 387 504 Nunc
406 473 534 504 autem
551 464 688 502 videtis
706 463 839 513 utique
855 460 1019 511 plurima
1032 460 1271 512 proditorum
1287 474 1406 513 opera
1420 463 1595 513 periisse,

133 529 226 567 nihil
259 529 297 566 in
327 529 409 566 acie
439 534 506 565 aut
535 538 666 577 pugna
693 525 797 576 geri:
829 523 1051 574 Philippum
1073 535 1164 561 vero
1197 523 1352 571 auditis,
1384 537 1462 562 non
1492 526 1597 576 quod

133 590 261 642 gravis
281 597 483 628 armaturae
502 588 714 639 phalangas
734 586 866 632 ducat,
886 584 1080 637 proficisci
1100 597 1178 636 quo
1197 584 1302 632 velit,
1323 585 1392 623 sed
1412 586 1518 636 quod
1539 587 1597 625 fe-

133 652 331 700 rentarios,
351 652 512 702 equites,
533 649 767 701 sagittarios,
787 648 1023 700 peregrinos,
1044 648 1138 698 quod
1159 647 1272 685 istius
1290 647 1397 685 modi
1416 648 1600 687 conflavit

133 714 357 752 exercitum.
389 712 540 755 Quibus
555 712 647 750 dum
665 710 799 763 pollet,
820 723 909 749 cum
927 710 968 747 in
988 722 1053 747 eos
1077 709 1187 747 irruit
1206 709 1272 760 qui
1291 708 1488 748 discordia
1501 710 1600 749 inter

135 788 178 813 se
197 775 387 821 laborant,
407 786 570 824 cumque
589 785 704 811 nemo
725 785 794 824 pro
815 771 897 823 agri
922 770 1147 809 defensione
1167 776 1322 822 propter
1341 770 1599 810 diffidentiam

134 837 275 888 prodit,
296 835 475 874 adductis
495 834 683 874 machinis
705 834 791 872 illos
812 839 1026 886 oppugnat.
1084 832 1135 870 Et
1159 838 1272 870 taceo
1299 831 1394 870 nihil
1419 846 1508 871 eum
1527 833 1600 872 ha-

134 899 225 936 bere
246 898 474 936 discriminis
493 897 590 936 inter
609 902 785 936 aestatem
805 902 844 934 et
862 895 1052 947 hyemem,
1073 907 1201 945 neque
1219 893 1342 931 ullum
1358 894 1413 932 illi
1434 895 1484 933 sit
1502 901 1600 933 tem-

136 973 209 1012 pus
230 960 410 998 eximium
425 959 531 1011 quod
550 960 791 998 intermittat.
833 959 932 1001 Quae
948 970 1036 995 cum
1052 969 1184 995 omnes
1204 955 1332 995 sciatis
1347 963 1386 994 et
1399 956 1602 995 vobiscum

137 1022 334 1072 reputetis,
360 1035 439 1060 non
469 1028 623 1074 oportet
648 1035 717 1059 vos
742 1020 888 1059 bellum
912 1020 952 1057 in
979 1025 1148 1057 vestram
1176 1018 1361 1061 ditionem
1385 1019 1602 1067 admittere,

138 1097 263 1135 neque
283 1090 327 1122 ut
344 1084 437 1122 dum
459 1084 509 1122 ad
536 1082 715 1122 Laconici
738 1082 831 1121 belli
852 1081 1137 1133 simplicitatem
1161 1081 1351 1132 respicitis
1375 1081 1477 1120 colla
1497 1082 1602 1120 fran-

138 1146 252 1196 gatis,
273 1146 343 1183 sed
372 1158 489 1196 quam
516 1145 731 1184 diutissime
757 1152 848 1182 ante
874 1144 1104 1190 cavendum,
1132 1155 1177 1181 ac
1204 1143 1319 1181 rebus
1352 1143 1533 1194 gerendis
1564 1149 1604 1181 et

139 1207 384 1257 apparatibus
405 1219 454 1245 ne
475 1208 574 1244 domo
594 1219 636 1244 se
658 1212 810 1244 moveat
833 1205 1095 1250 efficiendum,
1115 1217 1192 1242 non
1208 1205 1398 1243 consertis
1425 1205 1604 1243 manibus

137 1267 430 1307 decertandum.
488 1268 590 1306 Nam
618 1267 667 1307 ad
695 1267 840 1306 bellum
863 1267 995 1304 multae
1016 1275 1155 1305 natura
1174 1266 1286 1305 nobis
1313 1273 1406 1305 sunt
1431 1279 1603 1305 commo-

137 1330 295 1375 ditates,
316 1331 434 1369 modo
449 1344 496 1369 ea
515 1330 642 1369 facere
658 1331 834 1376 velimus,
854 1342 940 1381 quae
956 1328 1155 1376 debemus,
1174 1328 1445 1375 Athenienses,
1466 1336 1607 1367 natura

138 1393 307 1443 regionis
327 1406 414 1444 quae
434 1393 490 1430 illi
508 1398 633 1444 paret,
660 1392 771 1444 cujus
799 1404 981 1443 magnam
1000 1397 1149 1442 partem
1174 1383 1365 1429 hostiliter
1384 1390 1547 1442 diripere
1567 1398 1607 1429 et

138 1454 320 1493 infestare
334 1455 560 1506 poterimus,
576 1455 649 1493 alia
665 1460 869 1493 sexcenta:
899 1453 968 1492 sed
984 1453 1034 1492 ad
1049 1453 1224 1504 praelium
1238 1452 1374 1491 melius
1389 1453 1468 1499 ille,
1488 1466 1606 1505 quam

140 1529 227 1563 nOS,
249 1523 308 1554 est
327 1523 588 1567 comparatus,

199 1579 259 1615 ll.
290 1577 426 1628 Neque
446 1590 536 1616 vero
556 1577 680 1615 solum
699 1577 753 1615 ita
773 1577 1018 1615 sentiendum
1038 1582 1111 1623 est,
1131 1583 1199 1615 aut
1216 1576 1281 1614 ille
1308 1576 1399 1615 belli
1427 1577 1606 1628 operibus

142 1638 404 1683 ulciscendus,
429 1639 498 1676 sed
519 1646 558 1676 et
584 1639 713 1677 animo
738 1645 777 1676 et
805 1639 1040 1688 cogitatione
1070 1639 1305 1685 detestandi,
1325 1639 1390 1690 qui
1415 1639 1514 1690 apud
1536 1653 1606 1678 vos

142 1700 226 1751 ejus
254 1713 412 1738 causam
438 1706 608 1746 tuentur,
636 1700 965 1750 cogitandumque
994 1713 1072 1737 non
1099 1713 1211 1751 posse
1240 1713 1309 1738 vos
1334 1701 1467 1739 hostes
1496 1709 1609 1739 extra.

142 1762 274 1798 urbem
291 1774 484 1812 superare,
504 1761 727 1812 priusquam
749 1774 815 1798 eos
835 1762 901 1811 qui
917 1762 1016 1798 intra
1035 1762 1169 1799 urbem
1184 1761 1258 1798 illis
1275 1774 1430 1812 operam
1451 1770 1607 1809 navant,

140 1822 381 1874 puniveritis.
440 1823 571 1868 Quod,
590 1823 645 1860 ita
663 1835 724 1860 me
745 1830 849 1860 amet
867 1822 1023 1873 Jupiter
1042 1822 1181 1873 aliique
1204 1823 1273 1860 dii!
1303 1836 1428 1873 neque
1448 1825 1609 1874 potestis

142 1897 210 1922 vos
230 1885 357 1922 facere
379 1897 504 1935 neque
521 1884 648 1929 vultis,
667 1883 734 1921 sed
753 1896 798 1921 eo
817 1884 988 1936 prolapsi
1012 1885 1104 1922 estis
1127 1884 1303 1922 stultitiae
1324 1885 1385 1922 vel
1402 1885 1608 1924 dementiae

141 1946 203 1984 vel
223 1946 351 1984 nescio
380 1945 474 1996 quid
501 1946 954 1997 dicam—saepenumero
987 1948 1090 1985 enim
1115 1946 1208 1984 mihi
1235 1947 1352 1984 etiam
1375 1947 1470 1985 illud
1490 1949 1609 1986 vereri

143 2007 260 2053 subit,
280 2020 328 2045 ne
348 2019 492 2045 numen
512 2007 668 2058 aliquod
683 2020 744 2045 res
771 2007 1006 2058 agitet‚—ut
1025 2007 1188 2046 convicii
1205 2015 1272 2046 aut
1286 2007 1439 2046 invidiae
1461 2017 1528 2047 aut
1550 2010 1608 2047 di-

139 2068 247 2105 cterii
264 2069 387 2119 gratia
411 2075 477 2107 aut
501 2082 732 2120 quacunque
753 2069 909 2107 demum
932 2070 982 2108 de
1002 2083 1118 2108 causa
1135 2069 1310 2108 homines
1331 2071 1607 2117 mercenarios,

142 2142 308 2179 quorum
327 2129 483 2180 quidam
501 2130 607 2167 haud
627 2131 803 2180 negaturi
824 2131 900 2168 sint
919 2144 960 2169 se
979 2145 1067 2170 esse
1087 2131 1199 2176 tales,
1226 2131 1354 2170 dicere
1368 2132 1552 2183 jubeatiS,
1573 2141 1612 2171 et

143 2189 314 2236 rideatis,
344 2190 376 2228 si
395 2190 533 2241 quibus
554 2191 728 2228 convicia
743 2191 916 2230 fecerint.
975 2193 1112 2244 Neque
1142 2193 1216 2230 hoc
1246 2207 1464 2243 summopere
1493 2207 1610 2244 grave

144 2258 218 2299 est,
237 2265 460 2304 quanquam
480 2265 615 2304 grave:
649 2252 718 2290 sed
739 2260 778 2290 et
800 2252 896 2291 illud
916 2254 970 2292 eis
1000 2254 1177 2300 dedistis,
1204 2259 1247 2292 ut
1264 2254 1413 2293 minore
1433 2268 1521 2293 cum
1541 2269 1610 2308 pe-

144 2313 266 2351 riculo
296 2315 470 2366 rempub.
502 2320 652 2366 gerant,
679 2327 795 2365 quam
822 2315 939 2353 vestri
968 2315 1209 2354 defensores.
1274 2316 1395 2367 Atqui
1422 2323 1609 2368 spectate,

146 2381 293 2423 quanta
311 2388 360 2413 ex
382 2389 427 2414 eo
443 2376 547 2414 mala
561 2375 765 2423 exsistant,
782 2376 886 2427 quod
908 2390 974 2415 eos
995 2377 1061 2427 qui
1085 2377 1183 2415 tales
1210 2384 1302 2415 sunt
1327 2378 1461 2417 audire
1480 2379 1611 2418 vultis.

148 2434 287 2474 Dicam
307 2444 435 2475 autem
456 2451 515 2483 ea,
537 2451 625 2488 quae
642 2451 776 2476 omnes
795 2451 883 2476 esse
903 2438 1008 2477 facta
1027 2440 1262 2490 agnoscetis,

206 2498 267 2534 12.
284 2497 444 2537 ERANT
461 2499 635 2551 Olynthi,
651 2513 698 2536 ex
709 2500 754 2538 iis
769 2499 835 2550 qui
849 2500 964 2538 rebus
979 2501 1232 2552 praefuerunt,
1252 2501 1427 2539 nonnulli
1443 2502 1611 2553 quicum

149 2557 330 2609 Philippo
349 2560 543 2599 faciebant
562 2561 673 2611 eique
694 2562 731 2598 in
752 2562 928 2600 omnibus
950 2562 1257 2610 subserviebant,
1275 2564 1449 2602 nonnulli
1465 2564 1544 2615 qui,
1568 2570 1613 2601 ut

149 2618 295 2669 optima
313 2620 469 2659 valeant
486 2623 634 2660 consilia
652 2630 691 2660 et
715 2636 762 2660 ne
785 2623 957 2661 servituti
977 2624 1079 2662 cives
1101 2625 1349 2671 dederentur,
1370 2625 1611 2663 laborabant.

149 2680 237 2719 Utri
257 2695 350 2732 ergo
369 2683 532 2733 patriam
550 2684 814 2735 perdiderunt,
837 2692 905 2723 aut
920 2686 992 2723 utri
1013 2687 1163 2736 equites
1184 2687 1449 2739 prodiderunt,
1472 2689 1610 2738 quibus

148 2743 324 2793 proditis,
347 2744 541 2796 Olynthus
562 2746 724 2784 interiit?
754 2747 831 2790 Qui
846 2747 1014 2799 Philippi
1029 2750 1292 2798 sequebantur
1304 2755 1446 2800 partes,
1468 2749 1612 2801 quique

149 2812 245 2852 tum,
267 2819 356 2844 cum
381 2814 500 2845 staret
528 2808 677 2853 civitas,
712 2809 853 2859 optime
875 2810 1123 2848 consulentes
1150 2811 1253 2848 cives
1280 2812 1329 2848 ita
1351 2811 1553 2849 calumniis
1574 2819 1614 2850 et

148 2867 370 2906 criminibus
390 2869 701 2919 proscindebant,
732 2878 775 2907 ut
795 2871 910 2909 etiam
934 2871 983 2908 ad
1003 2872 1231 2923 ejiciendum
1250 2871 1520 2923 Apollonidem
1539 2886 1612 2924 po-

149 2929 266 2978 pulus
287 2929 560 2982 Olynthiorum
584 2931 856 2982 impelleretur.
914 2933 1053 2983 Neque
1074 2946 1163 2971 vero
1184 2933 1287 2984 apud
1315 2933 1384 2973 hos
1415 2934 1518 2974 solos
1540 2935 1614 2974 ista
