1923 3149
582 113 895 155 PHILIPPICA
925 113 1119 152 PRIMA.
1539 112 1583 149 11

131 226 244 266 quam
264 226 440 254 curamus
459 215 546 268 ipsi,
568 223 685 267 atque
712 215 787 254 hoc
806 214 984 253 effectum
1016 213 1239 266 reddiderit,
1260 213 1396 253 scitote
1415 211 1533 263 quod,
1554 212 1590 251 si

128 276 168 314 in
190 278 402 328 propinquo
422 279 516 324 sitis,
531 278 645 316 rebus
665 277 826 315 turbatis
851 277 1029 314 omnibus
1050 276 1302 320 imminentes,
1318 276 1372 314 ita
1393 282 1436 313 ut
1450 274 1587 313 voletis

133 351 197 376 eas
218 340 480 378 administrarc
499 340 689 391 poteritiS:
720 347 762 376 ut
777 352 865 376 vero
885 352 987 377 nunc
1007 338 1116 383 estis,
1137 351 1209 375 nec
1237 337 1269 374 si
1287 337 1393 374 vobis
1412 344 1587 387 tempora

131 400 266 438 darent
290 402 564 453 Amphipolim,
585 402 756 452 accipere
777 415 853 438 eam
870 400 1049 451 possetis,
1068 399 1203 438 vestris
1223 406 1262 438 et
1281 398 1525 450 apparatibus
1547 404 1587 436 et

134 463 333 500 sententiis
353 464 598 502 fluctuantes.

188 526 225 562 6.
255 526 441 576 Oportere
457 526 571 576 igitur
589 539 723 564 omnes
742 531 895 576 paratos
911 538 996 563 esse
1012 538 1098 575 quae
1115 525 1152 562 in
1178 523 1335 574 singulos
1353 523 1590 561 conveniunt

131 585 233 624 ultro
253 587 392 632 facere,
413 594 596 638 tanquam
628 587 837 626 scientibus
859 587 967 624 vobis
994 594 1108 637 atque
1133 586 1342 637 persuasis,
1373 585 1515 622 diutius
1532 583 1590 621 di·

131 647 255 686 cendo
290 661 366 686 non
393 649 594 687 immoror:
623 649 808 688 rationem
837 662 927 687 ¹vero
953 656 1173 699 apparatus,
1201 660 1316 698 quem
1343 645 1486 684 talibus
1516 657 1588 683 vos

133 709 299 759 negotiis
330 710 579 752 liberaturum
612 725 696 749 esse
728 718 874 763 putem,
901 717 939 749 et
969 710 1275 761 magnitudinem
1307 715 1492 760 quantam
1515 721 1592 745 esse

129 778 283 820 oportet,
305 784 348 809 ac
365 772 532 811 rationes
553 774 724 824 pecuniae
744 773 1018 824 comparandae
1038 785 1240 823 quasnam,
1260 777 1476 820 caeteraque
1492 781 1591 820 quo-

130 833 246 871 modo
266 833 356 870 mihi
376 835 516 885 optime
532 842 646 885 atque
666 835 860 873 celerrime
875 835 1052 872 videntur
1070 833 1309 878 instruenda,
1324 832 1454 882 utique
1471 842 1591 868 cona-

127 895 202 938 bor
214 895 356 942 dicere,
375 895 449 933 hoc
465 904 612 934 tantum
627 910 710 943 vos,
728 896 1002 941 Athenienses,
1013 900 1208 946 precatus.
1235 894 1449 944 Postquam
1461 890 1592 929 omnia

133 958 344 1005 audieritis,
364 959 550 1010 judicate,
580 973 652 998 nec
671 974 747 1010 quoe
775 973 840 1010 ego
859 960 1020 996 dicturus
1039 972 1116 995 sum
1135 956 1367 1008 anticipate3
1395 968 1533 1006 neque,
1558 953 1592 992 si

133 1019 196 1058 cui
215 1019 322 1057 initio
341 1020 473 1058 videar
491 1034 632 1059 novum
653 1029 881 1073 apparatum
911 1020 1054 1065 dicere,
1074 1033 1133 1057 res
1152 1032 1176 1057 a
1193 1032 1255 1056 me
1273 1016 1542 1068 procrastinari
1560 1016 1592 1054 is

130 1082 208 1117 ideo
237 1080 441 1120 existimet.
498 1083 652 1133 Quippe
686 1097 763 1121 non
796 1082 862 1133 qui
898 1086 923 1103 “
939 1081 1062 1120 illico''
1092 1089 1209 1132 atque
1245 1084 1270 1102 “
1285 1079 1423 1118 hodie”
1443 1079 1592 1124 dicunt,

131 1142 298 1180 maxime
326 1142 376 1179 ad
404 1143 607 1180 utilitatem
634 1144 1023 1193 loquuntur—neque
1043 1142 1145 1179 enim
1176 1154 1382 1192 possumus
1410 1142 1593 1191 quaejam

130 1205 363 1243 exstiterunt
375 1206 483 1251 mala,
503 1204 562 1242 his
578 1218 664 1254 quae
683 1218 788 1242 nunc
804 1204 990 1242 mittimus
1006 1203 1166 1248 auxiliis,
1182 1203 1594 1254 reprimere--Jerum

131 1267 303 1318 quisquis
325 1266 551 1312 ostenderit,
566 1266 691 1316 qualis
711 1272 918 1317 apparatus
939 1266 1034 1302 vobis
1053 1271 1315 1315 comparatus,
1335 1272 1594 1316 quantusque,

132 1335 171 1365 et
190 1329 293 1367 unde
311 1334 533 1366 sustentatas
552 1328 690 1366 durare
707 1328 861 1379 poterit,
882 1327 1012 1377 quoad
1033 1334 1099 1364 aut
1117 1326 1260 1364 bellum
1275 1327 1450 1378 persuasi
1462 1326 1595 1363 finive-

129 1391 262 1437 rimus,
282 1397 350 1428 aut
367 1390 498 1429 hostes
513 1391 840 1442 superaverimus:
868 1389 921 1427 ita
935 1390 1034 1427 enim
1047 1388 1163 1426 nullis
1179 1388 1216 1426 in
1232 1395 1430 1440 posterum
1445 1386 1594 1437 injuriis

128 1452 378 1491 lacessemur.
436 1453 520 1503 Ego
532 1452 648 1503 igitur
659 1453 743 1490 haec
757 1452 885 1491 dicere
901 1464 962 1489 me
977 1465 1091 1503 posse
1105 1451 1278 1497 arbitror,
1290 1463 1368 1488 non
1380 1449 1594 1500 impediens

130 1514 163 1552 si
187 1515 271 1565 quis
305 1514 400 1552 alius
426 1514 631 1566 pollicetur
660 1514 815 1565 aliquid.
873 1514 1112 1552 Promissum
1131 1513 1246 1564 igitur
1277 1512 1375 1551 adeo
1396 1524 1596 1563 magnum,

124 1575 216 1626 >ipsa
234 1589 324 1613 vero
340 1589 400 1613 res
420 1576 458 1613 in
478 1589 639 1613 examen
653 1576 734 1626 jam
747 1576 895 1614 veniet:
923 1576 1075 1627 judices
1095 1588 1162 1612 vos
1179 1574 1298 1613 eritis.

188 1639 224 1674 7.
256 1637 425 1675 Primum
466 1637 596 1687 igitur,
629 1637 900 1682 Athenienses,
933 1637 1108 1675 triremes
1140 1637 1421 1687 quinquaginta
1456 1635 1595 1674 instrui

131 1706 308 1750 oportere
327 1698 434 1736 dico:
453 1699 593 1736 deinde
609 1712 676 1736 vos
693 1712 740 1736 eo
755 1700 882 1736 animo
903 1712 1002 1744 esse,
1021 1705 1077 1744 ut,
1098 1698 1224 1748 siquid
1242 1711 1340 1749 opus
1354 1697 1482 1744 fuerit,
1498 1697 1593 1749 ipsis

132 1761 171 1799 in
192 1774 257 1798 eas
278 1760 633 1800 conscendentibus
655 1761 704 1799 sit
723 1761 999 1811 navigandum.
1069 1760 1277 1806 Praeterea,
1298 1761 1467 1798 dimidiae
1486 1760 1595 1812 equi-

132 1829 214 1860 tum
236 1821 333 1872 parti
352 1821 523 1860 triremes
544 1835 631 1872 quae
652 1835 774 1872 equos
787 1822 941 1867 vehant,
962 1828 1000 1859 et
1020 1822 1113 1860 satis
1134 1822 1276 1859 multas
1296 1822 1456 1873 insuper
1476 1836 1595 1861 naves

132 1883 258 1921 ornari
285 1884 414 1932 jubeo.
476 1883 573 1922 Haec
595 1884 777 1934 equidem
798 1896 936 1921 censeo
961 1890 1106 1933 praesto
1132 1897 1219 1923 esse
1244 1890 1433 1934 oportere,
1459 1892 1597 1924 contra

131 1945 350 1996 repentinas
365 1945 446 1997 ejus
461 1959 481 1983 e
494 1958 564 1983 sua
576 1945 731 1995 regione
746 1944 1029 1996 expeditiones,
1046 1945 1093 1983 ad
1110 1945 1408 1996 Thermopylas,
1423 1952 1462 1984 et
1475 1946 1595 1985 Cher-

131 2019 330 2054 sonesum,
352 2014 469 2058 atque
490 2006 721 2058 Olynthum,
740 2020 813 2045 nec
832 2020 909 2045 non
923 2020 1000 2058 quo
1018 2007 1132 2045 libet:
1163 2021 1327 2059 namque
1347 2007 1432 2046 haee
1452 2009 1491 2050 in
1511 2010 1596 2061 ejus

134 2068 262 2106 animo
283 2068 486 2107 excitanda
503 2075 564 2110 est
584 2069 726 2120 opinio,
746 2081 814 2107 vos
836 2082 882 2107 ex
907 2068 1114 2107 immodica
1134 2069 1208 2107 hac
1227 2070 1478 2121 negligentia,
1498 2071 1596 2109 sicut

133 2131 182 2168 ad
201 2130 402 2176 Euboeam,
423 2137 460 2168 et
477 2131 580 2181 prius
599 2131 824 2181 aliquando,
844 2138 888 2168 ut
907 2131 1048 2177 ferunt,
1069 2131 1119 2169 ad
1137 2131 1369 2178 Haliartum,
1390 2138 1429 2169 et
1446 2139 1596 2183 postre-

133 2205 195 2230 mo
214 2205 335 2244 nuper
357 2192 407 2230 ad
426 2192 719 2244 Thermopylas,
735 2193 900 2231 fortasse
925 2200 1141 2244 erupturos.
1200 2194 1291 2231 Non
1306 2194 1476 2241 omnino,
1496 2201 1596 2233 tam-

134 2254 208 2292 etsi
236 2268 315 2292 non
345 2253 525 2300 feceritis,
558 2261 601 2291 ut
636 2267 711 2305 ego
738 2253 959 2294 faciendum
991 2268 1077 2293 esse
1100 2254 1203 2301 dico,
1228 2255 1342 2293 fuerit
1368 2256 1430 2293 hoc
1462 2263 1598 2295 conte-

135 2316 363 2361 mnendum,
385 2322 428 2353 ut
447 2316 508 2353 vel
523 2329 602 2367 prae
620 2322 738 2361 metu,
752 2315 784 2353 si
808 2315 935 2354 scierit
953 2322 1109 2367 paratos
1136 2329 1223 2354 esse
1242 2324 1473 2355 vos—-certo
1493 2318 1595 2357 enirn

135 2377 249 2415 sciet:
279 2384 369 2415 sunt
396 2377 512 2423 enim,
532 2384 623 2416 sunt
646 2377 751 2428 apud
769 2390 837 2416 vos
858 2377 975 2428 ipsos,
995 2378 1060 2428 qui
1086 2378 1137 2416 de
1162 2379 1340 2416 omnibus
1366 2379 1481 2417 rebus
1505 2392 1596 2418 eum

133 2439 331 2477 certiorem
347 2439 506 2487 faciunt,
521 2440 651 2491 plures
667 2453 783 2490 quam
802 2440 1023 2490 expedit—,
1040 2440 1161 2479 otium
1179 2446 1285 2491 agat,
1302 2440 1364 2479 vel
1382 2441 1442 2478 his
1457 2441 1597 2493 despe-

133 2500 220 2545 ctis,
231 2500 408 2540 incautus
423 2502 680 2553 opprimatur;
701 2502 819 2542 nihilo
834 2504 1012 2541 obstante
1027 2515 1106 2555 quo
1125 2501 1252 2542 minus
1268 2502 1308 2543 in
1322 2503 1405 2555 ejus
1420 2516 1597 2555 regnum,

135 2559 168 2598 si
191 2561 433 2601 occasionem
454 2563 617 2610 dederit,
637 2563 840 2614 navigetis.

188 2624 222 2659 8.
257 2622 355 2660 Haec
374 2623 489 2673 igitur
507 2631 609 2671 sunt,
638 2639 726 2675 quae
747 2638 770 2663 a
786 2624 895 2663 vobis
922 2626 1077 2664 decerni
1103 2632 1279 2678 oportere
1303 2627 1404 2674 dico,
1432 2640 1597 2679 quaeque

135 2690 181 2721 ut
212 2683 449 2722 instruantur
477 2686 682 2724 convenire
721 2686 893 2725 arbitror.
961 2687 1108 2726 Praeter
1139 2689 1238 2734 haec,
1265 2689 1397 2740 copias
1434 2689 1597 2739 aliquas,

134 2746 404 2791 Athenienses,
423 2747 462 2784 in
489 2749 689 2798 procinctu
714 2749 916 2788 habendas
935 2763 1090 2797 censeo,
1116 2764 1205 2801 quae
1226 2751 1467 2789 continenter
1485 2751 1597 2790 belli-

137 2805 274 2858 gerent
300 2814 339 2845 et
363 2807 471 2845 illurn
493 2808 687 2849 infestent.
744 2811 805 2849 Ne
833 2811 925 2849 mihi
956 2812 1034 2861 quis
1057 2812 1155 2849 dicat
1180 2811 1309 2850 decies
1334 2812 1438 2850 mille
1470 2826 1598 2864 neque

120 2869 257 2911 xit-ies
278 2869 381 2911 mille
397 2871 634 2926 peregrinos,
654 2885 780 2927 neque
803 2872 1128 2926 epistolaresillos
1148 2872 1359 2919 exercitus3
1386 2873 1490 2914 hune
1509 2874 1597 2914 volo
