1923 3149
303 158 379 193 212
884 153 955 191 DE
984 152 1222 191 CORONA.

309 265 376 303 sed
393 272 432 302 et
451 271 541 302 totoe
560 263 735 301 civitates
747 268 787 300 et
812 262 999 307 nationes,
1017 267 1160 311 quanto
1175 261 1321 311 aequius
1347 269 1404 300 est
1423 270 1461 300 et
1479 264 1603 300 verius
1633 275 1736 300 com-

308 339 460 364 munem
475 325 639 363 omnium
661 323 868 369 hominum,
889 330 932 360 ut
958 322 1136 360 credibile
1153 330 1224 367 est,
1244 323 1433 361 fortunam
1452 330 1490 362 et
1507 337 1737 362 concursum

306 387 494 438 quendam
508 400 627 424 rerum
644 398 783 423 saevum
803 392 915 435 atque
935 384 1140 421 infaustum
1161 384 1296 421 horum
1313 397 1466 422 causam
1482 385 1595 424 fuisse
1609 386 1737 423 existi*-

305 448 436 488 mare?
465 449 516 486 At
536 454 587 493 tu,
605 448 664 484 his
683 447 844 491 omissis,
871 459 930 483 me
949 445 1012 495 qui
1032 445 1133 495 apud
1160 444 1230 482 hos
1258 458 1374 496 remp.
1397 446 1499 496 gessi
1517 447 1738 492 criminaris,

303 511 418 562 idque
437 523 521 548 cum
543 510 652 553 scias,
681 508 711 544 si
738 519 814 544 nou
832 513 968 552 totum,
996 514 1142 556 partem
1169 514 1271 544 certe
1291 507 1482 544 maledicti
1503 507 1557 543 tui
1582 519 1669 544 cum
1688 507 1738 544 ad

303 585 434 611 omnes
453 578 530 608 tum
550 570 598 607 ad
618 576 654 606 te
675 568 837 605 maxime
855 568 1052 618 pertinere.
1110 567 1209 604 Nam
1229 568 1259 604 si
1278 580 1364 617 ego,
1385 580 1534 605 summa
1549 574 1738 618 potestate

302 633 500 684 praeditus,
522 643 588 681 per
606 642 666 666 me
696 630 775 680 ipse
794 628 842 665 de
866 629 976 666 rebus
995 628 1152 665 consilia
1172 628 1377 673 inivissem,
1408 628 1577 666 licuisset
1609 629 1738 677 utique

300 694 408 732 vobis
428 692 510 730 aliis
527 691 736 729 oratoribus
755 702 813 726 me
832 689 1040 726 criminari:
1070 696 1108 726 at
1128 689 1158 726 si
1177 702 1244 726 vos
1261 702 1412 739 semper
1430 690 1467 727 in
1487 689 1737 727 concionibus

299 755 478 798 aderatis,
499 753 529 789 si
558 750 808 789 communiter
834 749 1007 787 omnibus
1035 749 1083 787 ad
1111 749 1396 787 deliberandum
1425 751 1515 801 quid
1544 749 1741 800 expediret

301 814 516 866 respublica
532 813 781 864 proponebat,
804 811 835 848 si
862 811 943 848 haec
962 824 1047 848 curn
1068 811 1242 848 omnibus
1268 824 1313 848 eo
1334 818 1503 862 tempore
1524 811 1665 862 optima
1683 811 1737 848 vi·

300 878 488 915 debantur
505 881 587 911 tum
605 874 767 910 maxime
781 871 990 917 tibi,-—uon
1005 872 1103 908 enim
1123 872 1390 909 benevolentia
1408 872 1610 915 adductus,
1630 884 1737 921 spem

299 938 474 989 gratiam,
492 936 670 978 honores,
687 947 772 984 quae
791 933 917 970 omnia
934 933 1080 970 inerant
1099 933 1135 969 in
1155 932 1198 969 iis
1218 945 1303 981 quae
1323 939 1411 970 tunc
1431 946 1454 969 a
1471 946 1531 970 me
1552 933 1736 981 gereban-

298 1007 372 1045 tur,
385 999 476 1036 mihi
491 996 745 1040 concedebas,
766 994 835 1032 sed
855 994 1013 1031 veritate
1031 993 1153 1030 victus
1171 993 1318 1030 scilicet
1336 1000 1375 1030 et
1392 994 1481 1044 quia
1492 993 1585 1030 nihil
1603 992 1738 1030 melius

299 1060 401 1111 quod
421 1060 565 1097 diceres
595 1057 824 1099 haberes—,
855 1066 932 1091 non
964 1061 1004 1090 tu
1034 1053 1172 1103 injuste
1197 1054 1442 1103 improbeque
1470 1054 1577 1098 facis,
1599 1055 1664 1104 qui
1692 1066 1738 1091 ea

298 1133 399 1158 nunc
418 1117 677 1170 reprehendis,
697 1116 834 1166 quibus
852 1121 933 1152 tum
953 1113 1088 1152 afferre
1106 1127 1181 1151 non
1201 1122 1352 1164 poteras
1370 1113 1552 1152 meliora?

352 1183 413 1218 83.
448 1179 560 1230 Apud
581 1178 674 1216 alios
695 1176 869 1226 equidem
889 1175 1061 1211 homines
1086 1173 1169 1211 haec
1197 1172 1480 1224 quodammodo
1506 1173 1616 1211 video
1643 1174 1737 1212 defi-

295 1244 375 1281 nita
392 1255 477 1280 esse
496 1240 636 1291 passim
656 1245 695 1276 et
718 1237 903 1275 ordinata.
938 1235 1047 1273 Facit
1070 1235 1205 1285 aliquis
1225 1235 1397 1286 injuriam
1426 1235 1591 1285 sponte?
1618 1236 1673 1273 ira
1700 1242 1739 1273 et

294 1317 419 1355 poenae
438 1302 621 1340 adversus
642 1311 728 1336 eum
745 1303 934 1347 parantur.
981 1295 1128 1333 Erravit
1146 1295 1280 1345 aliquis
1301 1295 1467 1332 invitus?
1496 1296 1644 1333 veniam
1670 1309 1737 1347 pro

296 1363 482 1415 supplicio
500 1362 687 1412 impetrat.
738 1358 820 1396 Nec
839 1357 1010 1408 injuriam
1030 1356 1118 1394 fecit
1135 1355 1219 1406 quis
1240 1369 1310 1393 nec
1329 1356 1479 1401 erravit,
1499 1356 1568 1393 sed
1585 1369 1672 1393 cum
1694 1352 1735 1394 se

294 1432 418 1463 totum
437 1424 482 1461 iis
512 1436 599 1473 quae
630 1420 797 1459 omnium
820 1418 994 1470 opinione
1023 1417 1226 1455 commoda
1250 1418 1476 1455 videbantur
1503 1417 1734 1463 tradidisset,

295 1498 478 1523 successu
496 1484 617 1521 caruit
629 1482 768 1532 pariter
784 1493 828 1529 ae
843 1478 1002 1528 reliqui?
1031 1490 1109 1515 non
1123 1478 1348 1528 exprobrare
1367 1490 1487 1527 neque
1509 1478 1736 1518 maledicere

293 1546 381 1584 huic
401 1545 465 1582 tali
491 1543 680 1588 convenit,
700 1541 769 1578 sed
786 1552 864 1577 una
883 1552 970 1576 cum
989 1538 1053 1575 illo
1072 1538 1212 1575 dolere.
1256 1538 1385 1588 Atque
1404 1539 1486 1576 haec
1505 1540 1632 1576 omnia
1659 1552 1736 1577 non

295 1607 416 1645 solum
433 1606 583 1655 legibus
599 1601 784 1641 contineri
799 1600 1044 1650 reperientur,
1063 1611 1193 1635 verum
1208 1598 1321 1635 etiam
1337 1599 1417 1648 ipsa
1437 1607 1574 1637 natura
1587 1600 1736 1650 legibus

293 1683 370 1708 non
391 1669 539 1718 scriptis
558 1665 826 1713 hominumque
851 1661 1020 1698 moribus
1040 1659 1221 1698 definivit.
1260 1659 1464 1698 AEschines
1484 1661 1596 1711 igitur
1613 1674 1735 1711 usque

294 1731 389 1769 adeo
409 1741 541 1767 omnes
558 1725 735 1764 mortales
755 1722 980 1761 crudelitate
1000 1728 1038 1758 et
1052 1720 1310 1758 calumniandi
1325 1720 1452 1758 studio
1473 1722 1677 1771 superavit,
1693 1729 1736 1758 ut

292 1792 404 1829 etiam
417 1803 475 1836 ea,
495 1789 542 1826 de
556 1787 692 1837 quibus
713 1785 794 1835 ipse
808 1791 991 1833 tanquam
1011 1782 1059 1818 de
1078 1780 1294 1818 infortuniis
1315 1781 1537 1827 disserebat,
1556 1782 1644 1819 mihi
1665 1782 1734 1819 cri-

293 1852 403 1890 minis
423 1854 508 1890 loco
527 1854 656 1899 ponat.

351 1913 414 1948 84.
451 1909 502 1946 Et
520 1914 656 1958 praeter
674 1912 825 1949 caetera,
845 1903 953 1953 quasi
983 1902 1062 1953 ipse
1081 1901 1300 1951 simpliciter
1328 1908 1443 1952 atque
1471 1902 1615 1952 optimo
1643 1915 1735 1953 erga

292 1984 360 2010 vos
380 1970 509 2008 animo
539 1973 677 2005 cuncta
695 1964 868 2009 dixisset,
888 1964 1089 2001 observare
1123 1975 1190 1999 vos
1221 1975 1282 1999 me
1308 1970 1347 2000 et
1377 1975 1511 2001 cavere
1531 1962 1658 2013 jussit,
1686 1976 1735 2001 ne

290 2033 419 2070 fucum
434 2030 571 2068 faciam
584 2040 678 2065 neve
693 2025 884 2070 seducam,
898 2024 1076 2062 callidum
1092 2030 1130 2060 et
1143 2022 1455 2073 praestigiatorem
1469 2030 1507 2060 et
1526 2023 1734 2074 sophistam

290 2092 400 2131 ethis
417 2089 551 2128 similia
570 2101 629 2126 me
649 2086 844 2138 appellans
861 2099 870 2123 ε
902 2085 1012 2135 quasi
1030 2095 1118 2121 vero
1141 2083 1171 2120 si
1191 2083 1273 2133 quis
1293 2084 1392 2133 prior
1411 2083 1518 2121 alteri
1537 2084 1736 2134 impegerit

289 2166 376 2204 quae
394 2153 431 2189 in
450 2164 490 2189 se
510 2150 651 2194 insunt,
670 2160 716 2185 ea
738 2148 791 2185 sic
811 2153 941 2184 essent
958 2145 1164 2183 adhaesura
1194 2157 1319 2194 neque
1352 2157 1522 2194 unquam
1541 2143 1732 2183 auditores

290 2214 367 2251 sint
385 2211 591 2263 quaesituri,
612 2209 734 2260 qualis
749 2207 904 2246 tandem
921 2207 953 2245 is
973 2207 1055 2256 ipse
1071 2206 1119 2243 sit
1134 2204 1198 2255 qui
1212 2205 1285 2242 ista
1300 2204 1415 2242 dicat.
1449 2204 1533 2254 Ego
1547 2217 1636 2242 vero
1651 2206 1732 2244 scio

289 2275 444 2327 quidem
472 2274 586 2310 istum
618 2271 725 2308 vobis
753 2276 886 2307 notum
913 2281 1000 2307 esse
1028 2267 1218 2313 omnibus,
1243 2279 1384 2316 vosque
1414 2266 1585 2303 arbitrari
1612 2267 1733 2305 multo

291 2335 414 2385 magis
440 2334 524 2370 haec
553 2333 591 2368 in
620 2343 704 2368 eum
727 2342 840 2380 quam
874 2330 911 2367 in
931 2342 989 2366 me
1009 2328 1226 2365 convenire.
1273 2326 1375 2369 Quin
1404 2333 1442 2363 et
1470 2325 1563 2369 illud
1581 2339 1731 2377 quoque

289 2400 523 2445 compertum
536 2393 670 2436 habeo,
692 2403 813 2428 meam
834 2390 872 2427 in
891 2389 1054 2428 dicendo
1075 2388 1433 2426 facultatem—esto
1452 2388 1565 2425 enim.
1599 2389 1732 2431 Quan-

289 2468 403 2507 quam
425 2466 499 2504 ego
518 2453 628 2490 video
647 2451 823 2500 equidem
844 2463 973 2489 eorum
989 2449 1052 2500 qui
1068 2449 1200 2486 dicunt
1214 2448 1441 2497 eloquentiae
1457 2448 1634 2487 dominos
1648 2463 1734 2487 esse

288 2525 332 2554 ut
351 2515 553 2567 plurimum
571 2513 766 2550 auditores
785 2525 794 2549 ι
823 2518 866 2549 ut
876 2512 976 2549 enim
997 2523 1063 2547 vos
1077 2509 1245 2560 accipitis
1262 2516 1300 2546 et
1314 2508 1581 2547 benevolentia
1599 2522 1731 2560 quem-

289 2591 362 2629 que
380 2573 663 2628 prosequimini,
682 2573 734 2609 ita
753 2573 782 2609 is
801 2572 865 2621 qui
884 2572 974 2609 dicit
999 2583 1129 2621 sapere
1154 2570 1312 2607 videtur.
1352 2569 1430 2607 Sed
1457 2576 1584 2608 tamen
1605 2570 1636 2607 si
1655 2583 1732 2620 qua

292 2638 381 2676 mihi
397 2638 446 2675 sit
463 2633 683 2684 hujusmodi
702 2632 920 2670 exercitatio
937 2631 1100 2674 dicendi,
1119 2631 1218 2668 lianc
1238 2643 1305 2668 vos
1325 2630 1519 2681 reperietis
1538 2642 1671 2668 omnes
1690 2631 1730 2668 in

289 2699 402 2737 rebus
430 2694 693 2735 communibus
713 2705 782 2742 pro
807 2692 912 2729 vobis
944 2704 1091 2742 semper
1115 2704 1197 2728 esse
1226 2698 1412 2728 versatam
1442 2697 1482 2729 et
1512 2697 1644 2729 contra
1662 2703 1730 2728 vos

291 2770 487 2810 nunquam
503 2769 551 2794 ne
570 2754 743 2806 privatim
763 2753 930 2803 quidem,
945 2753 1054 2790 istius
1079 2760 1205 2790 autem
1222 2753 1451 2802 eloquentiam
1469 2752 1555 2790 huic
1575 2759 1728 2790 eontra-

291 2822 397 2864 riam,
418 2832 494 2856 non
522 2817 645 2855 solum
673 2815 720 2853 ad
751 2814 916 2851 hostium
945 2814 1132 2864 agendam
1166 2826 1321 2851 causam
1347 2813 1568 2858 adhibitam,
1598 2827 1728 2851 verum

289 2881 402 2918 etiam
423 2880 454 2917 si
473 2878 556 2929 quis
581 2877 746 2916 animum
767 2875 847 2926 ejus
868 2874 1069 2913 solicitavit
1097 2882 1161 2913 aut
1187 2873 1324 2912 alicubi
1351 2873 1522 2920 offendit,
1545 2874 1728 2914 adversus
