1923 3149
705 188 778 225 DE
807 185 1051 225 CORONA.
1520 181 1594 216 215

211 330 276 367 89.
707 327 1056 366 EPIGRAMMA.

477 408 537 436 Pro
554 406 650 445 patria
666 407 697 435 hi
711 406 818 436 tellure
834 415 887 434 sua
899 403 1046 442 quondam
1063 412 1145 432 arma
1162 402 1301 437 ferentes,

542 457 694 486 Hostilem
712 455 811 485 valida
828 455 886 484 vim
904 453 1041 493 repulere
1059 463 1157 482 manu.

477 509 556 537 Dum
574 518 629 546 pro
645 517 677 536 se
693 506 801 546 positis
815 509 931 534 certant
948 504 1061 533 virtute
1077 507 1232 542 metuque,

538 558 703 587 Commune
717 556 763 585 liis
775 556 887 584 lethum
904 554 1003 592 palma
1019 555 1107 583 beata
1119 553 1187 589 suit,

475 607 593 638 Graecia
604 612 692 645 capta
706 607 770 636 fero
782 616 818 635 ne
832 605 977 635 subderet
991 615 1043 634 ora
1053 609 1181 643 tyranno

537 658 606 688 Neu
623 667 714 696 grave
731 657 849 687 servitii
865 657 959 685 ferret
975 656 1081 685 adacta
1093 657 1211 694 jugum.

474 708 578 738 Patria
593 708 648 738 sed
665 708 779 747 gremio
791 708 938 736 sessorum
952 706 1146 745 amplectitur
1162 716 1243 741 ossa,

536 760 613 789 Nam
628 760 726 798 legem
741 759 880 789 humanis
896 759 972 787 hanc
989 758 1065 787 deus
1079 757 1236 796 imposuit.

471 810 524 840 Nil
538 820 661 850 peccare
676 810 765 840 deum
782 814 831 839 est
846 813 989 847 rectoque
1005 807 1097 847 agere
1111 807 1210 837 omnia
1225 817 1326 842 cursu,

540 860 600 890 Sed
615 860 668 891 fati
684 865 768 891 certa
783 864 899 889 estnec
916 858 1057 898 fugienda
1070 868 1187 888 manus.

160 944 293 991 Audis,
315 944 510 992 AEschine,
530 946 643 983 etiam
664 946 701 983 in
716 945 788 983 hoc
805 945 887 996 ipso
903 945 1170 995 epigrammate,
1183 943 1285 993 quod
1305 942 1374 979 nil
1400 956 1512 993 pecc
1525 956 1604 981 are

159 1005 298 1044 deum
316 1013 391 1044 est
413 1014 660 1057 rectoque
685 1019 835 1057 agere
876 1006 1042 1043 omnia
1073 1017 1184 1042 curs
1198 1017 1234 1041 u.
1281 1004 1371 1041 Non
1391 1004 1603 1041 consiliario

160 1066 379 1105 facultatem
398 1068 449 1105 rei
464 1068 560 1105 bene
578 1067 755 1118 gerendae
777 1068 824 1104 ab
845 1066 1110 1104 dimicantibus
1128 1065 1342 1115 adscripsit,
1363 1065 1431 1103 sed
1444 1065 1516 1103 diis
1536 1066 1605 1102 im-

160 1128 393 1165 mortalibus.
424 1128 526 1171 Quid
546 1129 658 1179 igitur
673 1128 775 1173 mihi,
795 1141 817 1165 o
832 1128 971 1173 scelus,
984 1127 1042 1165 his
1060 1127 1107 1164 de
1124 1126 1249 1164 causis
1265 1126 1464 1164 maledicis
1485 1140 1606 1177 eaque

159 1186 339 1236 loqueris,
359 1202 443 1238 quae
458 1189 493 1225 in
511 1197 618 1226 tuum
638 1197 868 1238 tuorumque
887 1196 1002 1239 caput
1021 1188 1072 1225 dii
1092 1187 1344 1226 convertant?

214 1248 276 1285 90.
315 1249 415 1285 Cum
436 1249 556 1286 multa
575 1250 689 1300 igitur
704 1250 790 1295 alia,
812 1249 1081 1293 Athenienses,
1104 1248 1193 1285 mihi
1209 1249 1355 1286 crimini
1381 1248 1489 1286 dedit
1511 1256 1549 1287 et
1568 1251 1604 1288 in

158 1320 219 1346 me
238 1310 419 1348 mentitus
439 1316 510 1356 est,
531 1323 648 1347 unum
668 1310 833 1348 maxime
854 1310 1062 1347 demiratus
1083 1323 1178 1355 sum,
1200 1309 1318 1360 quod,
1338 1309 1430 1346 dum
1457 1323 1503 1347 ea
1522 1323 1607 1359 quae

158 1376 238 1407 tum
259 1372 402 1418 civitati
430 1377 574 1409 nostrae
607 1372 831 1410 acciderunt
857 1378 1185 1416 commemoraret,
1210 1383 1288 1408 non
1315 1378 1358 1408 ut
1379 1372 1607 1409 benevolum

154 1433 379 1484 justumque
412 1433 544 1471 decuit
573 1434 694 1472 civem
716 1433 877 1472 affectus
903 1441 975 1479 est,
997 1446 1074 1471 non
1093 1432 1358 1484 illacrymavit,
1387 1445 1464 1470 non
1486 1433 1608 1470 ullum

158 1493 275 1531 talem
295 1494 332 1531 in
353 1501 479 1532 mente
500 1508 656 1532 sensum
676 1495 820 1541 habuit,
840 1495 907 1532 sed
927 1495 1028 1532 elata
1046 1507 1140 1532 voce
1161 1501 1199 1531 et
1218 1494 1462 1531 laetabundus
1482 1501 1521 1531 et
1539 1508 1608 1544 gu-

158 1553 234 1591 lam
254 1554 419 1593 dilatans
438 1557 600 1606 putabat
619 1569 658 1593 se
673 1556 763 1592 mihi
778 1556 919 1593 crimen
943 1556 1080 1593 inferre
1101 1555 1260 1600 scilicet,
1281 1555 1460 1593 indicium
1481 1563 1606 1593 autem

158 1622 292 1652 contra
312 1629 351 1653 se
371 1616 453 1667 ipse
472 1617 630 1663 ferebat,
651 1617 687 1653 in
708 1617 926 1668 reipublicae
947 1617 1121 1654 cladibus
1142 1629 1384 1667 nequaquam
1411 1630 1451 1654 se
1472 1623 1515 1654 ut
1534 1630 1611 1655 cae-

159 1682 261 1714 teros
276 1677 459 1714 afflictum
472 1678 605 1716 fuisse.
636 1678 752 1728 Atqui
768 1691 854 1715 eum
869 1678 932 1727 qui
951 1677 1021 1715 sibi
1040 1677 1147 1727 leges
1163 1684 1200 1714 et
1217 1677 1491 1727 rempublicam
1507 1691 1610 1715 curae

158 1751 242 1776 esse
262 1738 367 1785 dicit,
386 1739 710 1789 quemadmodum
729 1739 801 1777 iste
820 1752 935 1784 nunc,
955 1738 985 1776 si
1005 1738 1098 1775 nihil
1119 1738 1235 1784 aliud,
1254 1738 1328 1775 hoc
1348 1744 1450 1776 certe
1468 1739 1609 1778 habere

158 1800 349 1845 convenit,
369 1806 411 1836 ut
429 1800 563 1837 iisdem
580 1802 692 1837 rebus
707 1801 840 1837 doleat
857 1800 1069 1850 iisdemque
1089 1799 1253 1845 laetetur,
1274 1800 1411 1849 quibus
1431 1801 1609 1852 populus,

158 1872 281 1910 neque
305 1860 343 1897 in
370 1860 533 1911 publicis
562 1861 727 1898 consiliis
756 1861 1000 1898 instituendis
1032 1862 1079 1898 ab
1106 1860 1407 1898 adversariorum
1437 1863 1608 1912 partibus

159 1929 284 1964 stare3
315 1921 420 1972 quod
452 1928 493 1959 tu
514 1935 616 1959 nunc
638 1928 769 1973 aperte
789 1922 898 1968 facis,
917 1923 981 1972 qui
1001 1935 1059 1959 me
1079 1922 1248 1959 omnium
1277 1934 1433 1959 causam
1453 1935 1539 1960 esse
1569 1931 1608 1962 et

158 1994 225 2032 per
245 1995 305 2019 me
325 1982 364 2019 in
390 1982 585 2020 molestias
605 1983 779 2021 incidisse
801 1983 897 2021 dicis
917 1983 1121 2029 civitatem,
1141 1995 1229 2020 cum
1257 1995 1339 2029 vos,
1364 1983 1608 2031 Athenienses,

160 2055 236 2079 non
257 2056 344 2080 mea
373 2037 699 2080 administratione
725 2056 847 2093 neque
870 2043 1044 2080 instituto
1070 2043 1228 2080 adducti
1256 2042 1404 2080 Graecis
1432 2044 1610 2095 opitulari

159 2104 362 2154 coeperitis.
407 2104 508 2141 Nam
529 2105 562 2141 si
580 2104 670 2141 mihi
688 2105 761 2143 hoc
790 2118 813 2142 a
833 2105 938 2143 vobis
960 2105 1128 2149 daretur,
1150 2117 1210 2142 me
1230 2111 1385 2142 auctore
1408 2111 1608 2156 tantopere

159 2178 226 2203 vos
246 2164 494 2202 dominationi
515 2165 569 2202 illi
587 2165 785 2212 restitisse,
804 2179 890 2216 quae
910 2166 949 2203 in
979 2165 1140 2203 Graecos
1160 2166 1465 2215 comparabatur,
1486 2170 1606 2215 majus

156 2227 286 2276 utique
301 2226 391 2263 mihi
404 2226 548 2263 donum
567 2226 808 2273 tribueretur,
823 2240 936 2277 quam
952 2240 1038 2276 quae
1058 2226 1140 2264 aliis
1159 2239 1328 2275 unquam
1347 2228 1606 2267 concessistis.

159 2287 236 2324 Sed
252 2300 376 2338 neque
396 2300 468 2337 ego
488 2287 571 2324 haec
591 2288 852 2338 praedicarim3
882 2287 1058 2339 injuriam
1076 2287 1175 2324 enim
1195 2287 1362 2324 facerem
1380 2288 1506 2326 vobis:
1536 2303 1605 2327 ne-

157 2361 232 2398 que
250 2362 332 2395 vos,
346 2355 451 2386 certo
468 2349 559 2394 scio,
582 2349 855 2387 concederetis.
883 2349 935 2386 At
954 2348 1040 2395 iste,
1061 2349 1092 2386 si
1101 2348 1247 2399 justum
1268 2361 1309 2385 se
1328 2349 1499 2398 praebere.
1524 2352 1605 2389 vel-

157 2410 224 2456 let,
238 2423 432 2461 nunquam
450 2410 653 2461 ejusquam
668 2423 728 2448 me
744 2424 830 2448 cum
848 2410 946 2462 gerit
959 2409 1165 2448 inimicitiae
1182 2422 1311 2454 causa,
1329 2409 1605 2460 gloriosissima

157 2483 204 2508 ex
222 2471 356 2508 vestris
374 2472 607 2520 ornamentis
626 2472 876 2510 labefactaret
894 2478 932 2509 et
950 2471 1149 2510 calumniis
1167 2470 1444 2521 proscinderet.

212 2536 276 2572 91.
308 2533 382 2571 Sed
403 2547 585 2584 quorsum
606 2547 679 2585 ego
697 2534 783 2572 haec
803 2534 970 2585 inculpo,
990 2547 1078 2572 cum
1099 2533 1174 2570 alia
1193 2532 1313 2570 multo
1330 2534 1517 2571 atrociora
1535 2536 1602 2572 ob-

152 2595 288 2647 jecerit
306 2607 352 2632 ac
372 2596 574 2632 ementitus
595 2595 672 2633 sit?
728 2596 828 2634 Nam
848 2595 913 2646 qui
944 2595 1034 2632 mihi
1067 2593 1232 2644 Philippi
1252 2594 1434 2639 studium,
1456 2608 1478 2631 o
1504 2602 1604 2633 terra

160 2657 286 2707 diique
315 2660 466 2693 omnes!
495 2656 638 2707 objicit,
658 2656 749 2706 quid
783 2657 844 2695 hie
878 2657 1003 2694 dicere
1025 2669 1103 2694 non
1122 2655 1291 2693 audeat?
1347 2655 1477 2705 Atqui,
1499 2656 1599 2693 Her-

157 2718 282 2756 culem
301 2716 469 2766 deosque
490 2723 609 2754 testor
627 2719 840 2757 universos!
872 2718 904 2755 si
931 2716 1083 2768 quidem
1100 2730 1188 2755 vere
1218 2723 1392 2767 spectare
1413 2723 1598 2766 oporteat,

158 2777 365 2817 mendaciis
396 2784 434 2815 et
466 2778 512 2814 ab
532 2777 620 2815 odio
651 2779 830 2829 profectis
861 2779 1099 2817 sermonibus
1119 2778 1292 2824 sublatis,
1313 2778 1377 2827 qui
1395 2789 1526 2815 revera
1544 2778 1599 2817 illi

159 2841 235 2878 sint
263 2839 299 2876 in
323 2851 483 2890 quorum
502 2838 629 2889 capita
645 2852 776 2877 eorum
795 2854 883 2890 quae
902 2840 1126 2879 acciderunt
1143 2840 1295 2890 culpam
1315 2837 1488 2875 conferre
1515 2852 1596 2877 om-

157 2913 226 2940 nes
245 2901 420 2948 debeant,
433 2899 608 2939 homines
626 2899 733 2940 istius
754 2901 895 2941 similes
922 2914 985 2940 eos
1011 2914 1095 2940 esse
1128 2901 1166 2939 in
1195 2899 1354 2951 singulis
1385 2899 1596 2940 civitatibus
