1923 3149
279 110 351 148 166
826 111 899 150 DE
930 112 1169 153 CORONA.

273 211 388 249 etiam
409 217 489 248 tum
507 211 705 253 maleficiis
722 222 899 267 expetere
920 217 1098 264 debebat,
1119 217 1150 255 si
1169 230 1245 269 qua
1263 218 1453 259 delatione
1472 221 1589 273 digna
1607 234 1711 260 com-

273 272 422 310 mittere
441 285 503 311 me
522 273 682 322 videret,
700 275 847 315 deferre
867 284 982 330 atque
1007 279 1080 316 hac
1114 279 1176 317 via
1200 292 1261 318 me
1287 281 1325 317 in
1348 281 1533 329 judicium
1561 295 1712 330 vocare,

272 332 331 371 sin
349 334 512 373 scribere
530 337 720 376 contraria
745 337 909 390 legibus,
936 340 1160 378 violatarum
1178 339 1307 391 legum
1326 342 1544 393 postulare:
1574 345 1638 382 hac
1656 345 1713 381 in—

272 409 375 445 quam
393 397 455 434 via
466 399 763 448 progrediendum
778 407 871 446 erat,
892 415 1015 452 neque
1036 403 1136 439 enim
1156 402 1448 453 Ctesiphontem
1475 417 1579 442 reum
1604 417 1712 456 pera-

273 469 361 508 gere
379 464 508 509 potest
526 471 594 510 per
612 473 716 498 meas
735 462 1010 508 criminationes,
1031 469 1070 500 et
1091 463 1122 501 si
1142 476 1200 501 me
1215 464 1390 501 convinci
1409 477 1520 514 posse
1539 465 1713 503 credide--

271 520 331 566 rit,
357 520 489 571 utique
515 521 621 559 illum
651 536 847 574 nunquam
867 524 1139 564 accusavisset.
1196 525 1416 568 Quinetiam
1437 526 1468 563 si
1492 526 1584 576 quid
1610 527 1712 564 aliud

269 593 415 627 eorum,
434 594 519 631 quae
538 583 652 620 modo
672 583 907 622 calumniose
925 587 1178 635 percurrebat,
1208 592 1275 624 aut
1305 586 1456 636 quidvis
1483 587 1624 638 alioqui
1653 600 1713 625 me

271 641 310 678 in
323 654 391 680 vos
410 642 630 693 delinquere
649 643 981 693 animadverteret,
997 653 1087 684 sunt
1102 647 1208 697 leges
1229 647 1277 684 de
1298 648 1476 685 omnibus
1496 649 1712 694 constitutoe,

271 709 312 741 et
329 703 499 741 actiones
519 710 558 740 et
565 703 713 754 judicia
731 710 771 742 et
790 705 985 756 supplicia,
1000 719 1086 757 quae
1099 709 1256 745 acerbas
1271 714 1386 758 atque
1401 720 1561 758 magnas
1581 722 1713 747 secum

271 763 438 802 afferunt
454 763 631 802 mulctas.
662 765 790 816 Atque
808 766 866 804 his
884 767 938 804 illi
957 767 1065 805 licuit
1086 769 1264 806 omnibus
1289 769 1345 806 uti
1363 776 1498 807 contra
1518 783 1592 817 me,
1608 783 1713 808 cum-

270 839 345 876 que
364 826 449 864 hoec
469 839 555 864 eum
573 827 713 866 fecisse
744 835 940 867 constaret
969 843 1013 868 ac
1046 830 1120 868 ista
1138 843 1290 868 mecum
1309 831 1448 881 agendi
1466 832 1610 870 ratione
1631 845 1714 870 esse

269 899 398 934 usum,
416 900 503 925 eum
522 888 603 939 ejus
619 889 721 927 facto
739 890 976 928 consentiret
995 891 1202 929 accusatio.
1260 891 1374 929 Nunc
1389 899 1530 939 autem,
1550 899 1655 932 recta
1676 901 1714 931 et

262 950 372 996 justa
383 948 445 986 via
458 948 639 987 derelicta
651 950 846 1000 vitataque
863 957 957 989 tunc
977 964 1064 989 cum
1083 964 1143 989 res
1162 957 1381 1003 gererentur
1403 953 1636 1004 coarguendi
1651 966 1715 992 oc-

269 1009 438 1057 casione,
466 1015 575 1048 tanto
604 1016 692 1062 post
718 1012 901 1062 temporis
933 1012 1135 1050 intervallo
1162 1012 1382 1051 criminibus
1415 1019 1454 1051 et
1479 1013 1645 1052 dicteriis
1676 1021 1716 1053 et

269 1070 488 1109 maledictis
510 1072 745 1110 coacervatis
771 1072 997 1111 histrionem
1027 1073 1130 1124 agit:
1160 1087 1249 1111 cum
1278 1087 1338 1112 me
1366 1081 1535 1120 accuset,
1554 1074 1656 1113 hunc
1675 1075 1713 1113 in

264 1131 451 1183 judicium
470 1139 594 1179 vocat,
616 1140 655 1170 et
680 1133 770 1171 huic
799 1133 869 1171 toti
901 1134 1137 1172 accusationi
1170 1134 1385 1173 inimicitias
1411 1148 1560 1173 mecum
1582 1148 1713 1174 susce-

269 1201 358 1245 ptas
377 1195 594 1246 praetendit,
614 1208 804 1246 nusquam
820 1203 949 1234 tamen
971 1209 1122 1234 mecum
1138 1196 1399 1247 congreditur,
1422 1197 1491 1235 sed
1510 1197 1617 1235 alteri
1635 1198 1714 1235 exi-

272 1255 528 1294 stimationem
548 1270 658 1295 suam
677 1257 822 1308 eripere
835 1257 963 1308 palam
982 1264 1153 1296 conatur.
1194 1258 1327 1308 Itaque
1338 1264 1476 1309 praeter
1489 1258 1564 1297 alia
1576 1259 1713 1304 omnia,

266 1330 355 1367 quae
368 1318 474 1369 juste
506 1318 592 1369 quis
626 1318 751 1356 dicere
776 1331 844 1369 pro
871 1319 1124 1370 Ctesiphonte
1149 1319 1283 1370 possit,
1320 1319 1587 1366 Athenienses,
1619 1320 1712 1357 illud

266 1378 359 1416 mihi
390 1379 543 1430 quidem
576 1379 689 1417 etiam
719 1380 911 1431 aptissime
937 1380 1012 1418 dici
1044 1394 1157 1431 posse
1187 1380 1350 1426 videtur,
1380 1394 1532 1430 aequum
1561 1394 1645 1419 esse
1672 1388 1715 1418 ut

266 1439 482 1478 inimicitias
514 1448 666 1479 nostras
696 1441 768 1492 ipsi
798 1442 895 1479 inter
923 1455 994 1480 nos
1027 1442 1298 1493 disceptemus,
1331 1454 1422 1487 non,
1447 1442 1712 1493 praetermissis

266 1502 404 1540 nostris
430 1501 529 1540 inter
552 1515 624 1540 nos
644 1503 968 1550 contentionibus,
987 1503 1149 1542 alterum
1167 1503 1411 1554 quaeritemus
1430 1503 1491 1541 cui
1510 1504 1602 1541 mali
1620 1503 1712 1555 quid

265 1562 494 1601 afferamus:
526 1576 641 1614 supra
653 1563 811 1601 modum
830 1564 931 1602 enim
950 1563 1119 1615 iniquum
1140 1564 1214 1601 hoc
1233 1569 1305 1601 est.

318 1625 356 1661 7.
386 1624 528 1662 Omnia
545 1624 660 1675 igitur
680 1625 937 1663 accusationis
966 1625 1092 1676 capita
1120 1637 1229 1675 aeque
1257 1637 1340 1662 esse
1358 1630 1398 1662 et
1422 1637 1444 1662 a
1456 1624 1608 1676 justitia
1634 1631 1672 1662 et
1691 1638 1714 1663 a

265 1684 423 1723 veritate
444 1685 569 1723 aliena
599 1699 645 1723 ex
662 1686 720 1723 his
737 1686 949 1737 persentire
969 1686 1085 1723 licet:
1114 1685 1204 1722 volo
1223 1692 1354 1723 tamen
1380 1685 1534 1736 singula
1553 1686 1712 1723 seorsim

265 1745 494 1791 examinare,
515 1751 632 1796 atque
651 1759 696 1783 ea
711 1748 898 1796 praecipue
912 1760 998 1796 quae
1014 1746 1062 1783 de
1081 1758 1176 1795 pace
1192 1758 1236 1783 ac
1252 1746 1444 1796 legatione
1458 1747 1495 1783 in
1511 1759 1570 1783 me
1585 1759 1712 1783 emen-

265 1807 358 1844 titus
379 1813 450 1852 est,
471 1806 548 1844 suis
568 1819 654 1856 quae
676 1806 892 1844 Philocrate
912 1807 1016 1843 socio
1030 1806 1193 1856 patravit
1208 1806 1441 1844 facinoribus
1459 1807 1495 1843 in
1508 1820 1568 1844 me
1587 1815 1711 1845 trans-

264 1868 366 1906 latis.
402 1868 473 1905 Est
490 1874 617 1905 autem
637 1868 897 1904 necessarium
917 1873 957 1904 et
973 1880 995 1904 a
1014 1879 1132 1904 causa
1149 1867 1288 1918 pariter
1307 1881 1383 1905 non
1397 1867 1573 1914 alienum,
1594 1868 1712 1905 Athe-

264 1929 434 1974 nienses,
457 1941 534 1980 quo
554 1935 643 1966 tunc
664 1928 844 1978 temporis
859 1941 919 1967 res
940 1935 1069 1966 essent
1088 1928 1187 1974 loco,
1210 1929 1249 1965 in
1268 1928 1487 1967 memoriam
1500 1929 1607 1967 vobis
1626 1928 1711 1966 red-

264 1990 380 2040 igere,
414 1996 458 2027 ut
489 1989 641 2040 singula
671 1996 785 2040 prout
813 1989 999 2040 cujusque
1033 1995 1184 2040 tempus
1216 2003 1256 2027 se
1285 1990 1430 2028 serebat
1461 1990 1711 2041 perspiciatis.

264 2052 377 2090 Bello
413 2051 528 2102 igitur
565 2051 759 2088 Phocensi
797 2051 1093 2088 conflato—non
1125 2063 1195 2102 per
1223 2063 1303 2089 me:
1333 2051 1504 2089 nondum
1533 2052 1633 2090 enim
1661 2052 1710 2089 ad

265 2112 538 2164 rempublicam
558 2113 1012 2163 accesseram—primum
1033 2113 1086 2150 ita
1104 2125 1172 2150 vos
1201 2112 1336 2151 animis
1368 2113 1494 2151 affecti
1519 2113 1647 2158 eratis,
1668 2121 1710 2150 ut

266 2174 487 2212 Phocenses
514 2173 640 2211 salvos
659 2185 743 2210 esse
760 2173 924 2220 velletis,
955 2173 1125 2224 quamvis
1145 2187 1278 2225 parum
1291 2177 1399 2222 juste
1426 2186 1539 2225 agere
1559 2186 1625 2211 eos
1654 2174 1708 2210 vi-

265 2235 418 2281 deretis,
438 2234 629 2273 Thebanis
649 2242 776 2272 autem
795 2241 1133 2286 quantumcunque
1153 2236 1244 2273 mali
1264 2235 1469 2273 accidisset
1486 2236 1620 2273 essetis
1640 2235 1708 2273 Ιεε-7

262 2298 390 2344 taturi,
408 2310 534 2347 neque
553 2298 698 2346 absque
710 2298 855 2335 ratione
874 2311 997 2349 neque
1010 2298 1146 2349 injuria
1159 2297 1232 2335 illis
1254 2297 1335 2335 irati
1353 2310 1360 2334 :
1394 2310 1591 2336 successus
1607 2298 1707 2335 enim

263 2371 353 2398 suos
373 2359 423 2397 ad
456 2359 617 2396 Leuctra
635 2371 769 2409 parum
789 2359 957 2397 tulerunt
975 2359 1184 2397 moderate.
1233 2358 1382 2396 Deinde
1411 2366 1491 2397 tota
1518 2358 1706 2411 Pelopon—

263 2435 379 2459 nesus
403 2420 568 2459 dissidiis
595 2421 806 2465 laborabat,
838 2433 908 2458 nec
938 2420 1002 2472 qui
1021 2419 1335 2458 Lacedaemonios
1367 2420 1528 2457 oderant
1557 2426 1706 2458 tantum

263 2483 455 2530 valebant,
482 2489 526 2519 ut
556 2494 622 2519 eos
643 2488 805 2532 possent
831 2489 1012 2528 evertere,
1040 2494 1164 2531 neque
1197 2481 1258 2531 qui
1282 2489 1395 2519 antea
1413 2480 1563 2518 illorum
1593 2494 1708 2533 opera

259 2545 498 2595 imperabant
525 2543 695 2581 civitates
725 2542 762 2579 in
784 2556 853 2580 sua
879 2549 1069 2594 potestate
1094 2542 1296 2587 habebant,
1327 2543 1394 2580 sed
1423 2542 1599 2593 quaedam
1628 2551 1709 2582 erat

263 2604 492 2656 inexplicata
511 2610 550 2642 et
568 2603 670 2654 apud
698 2603 768 2641 hos
789 2611 828 2642 et
848 2605 951 2655 apud
972 2605 1064 2642 alios
1093 2605 1288 2642 universos
1318 2604 1362 2641 lis
1391 2611 1430 2641 et
1456 2604 1704 2655 perturbatio.

265 2668 361 2705 Haec
375 2679 463 2704 cum
477 2664 621 2703 videret
639 2665 1020 2716 Philippus—neque
1041 2666 1138 2702 enim
1155 2672 1262 2704 erant
1279 2665 1705 2716 obscura—largitioni-

262 2730 336 2766 bus
358 2729 394 2765 in
416 2727 650 2778 singularum
672 2727 867 2764 civitatum
888 2727 1097 2777 proditores
1118 2726 1259 2772 effusis,
1279 2740 1344 2764 eas
1363 2739 1494 2764 omnes
1515 2727 1705 2765 commisit

264 2797 304 2827 ct
329 2790 427 2827 inter
444 2802 485 2826 se
518 2787 734 2833 concitavit,
761 2788 898 2825 deinde
928 2802 1003 2838 quo
1033 2796 1200 2838 tompore
1230 2788 1290 2826 alii
1311 2788 1475 2839 graviter
1489 2789 1704 2838 peccabant

264 2850 436 2900 maleque
456 2849 682 2895 sentiebant,
701 2849 782 2900 ipse
809 2849 955 2888 interim
986 2863 1026 2887 se
1055 2850 1230 2888 instruxit
1256 2850 1371 2900 inque
1389 2848 1555 2887 omnium
1576 2850 1699 2901 perni-
