1923 3149
736 131 1144 172 ARGUMENTUM.
1588 133 1660 170 163

218 230 276 261 tio
285 241 304 262 u
313 242 330 262 e
356 231 365 261 i
376 242 394 261 n
405 236 416 262 t
426 243 442 262 e
453 243 496 272 ge
505 244 520 263 r
546 244 578 263 re
589 244 609 273 p
618 244 635 264 e
643 235 674 264 ri
686 246 703 265 a
713 239 724 265 t
736 246 752 265 u
763 246 787 265 r.
811 235 979 266 Secundam
996 244 1069 265 vero
1083 235 1182 274 legem
1198 235 1316 271 recitat,
1331 246 1398 274 quae
1407 245 1547 266 coronam
1556 234 1662 265 donari

212 282 300 321 jubet
319 282 349 312 in
364 284 471 323 Pnyce
495 285 525 315 in
551 286 706 323 concione,
720 286 805 317 cives
829 286 1003 318 criminatus
1019 287 1070 326 qni
1087 287 1302 317 Demosthenis
1317 298 1456 318 coronam
1476 288 1505 318 in
1527 288 1661 319 Theatro

216 333 378 373 praedioari
409 336 619 367 concederent.
672 338 714 368 At
737 338 825 368 tertia
848 338 898 368 lex
921 338 960 367 ad
986 336 1160 367 universum
1178 338 1248 367 vitae
1275 338 1491 369 Demosthenis
1513 344 1544 369 et
1559 349 1661 369 rerum

215 384 340 424 publice
367 391 519 426 gestarum
543 398 669 419 examen
693 393 828 428 spectat:
856 393 939 418 vetat
963 389 1043 419 enim
1069 400 1105 418 ne
1129 389 1212 418 salsae
1239 399 1368 428 unquam
1390 389 1487 420 literae
1509 390 1540 419 in
1563 391 1660 420 aedem

214 436 324 466 Matris
354 438 444 468 deum
470 439 653 477 deferantur,
676 439 726 470 ubi
752 450 854 469 omnes
879 444 1065 478 reponuntur
1083 439 1180 469 literoe
1201 439 1343 479 publicae.
1377 439 1496 469 Falsa
1526 446 1659 471 autem

214 486 334 518 dixit
360 499 470 526 reus,
503 489 613 529 inquit,
649 500 732 520 cum
758 490 1064 521 Demosthenis
1091 491 1417 522 benevolentiae
1448 501 1494 521 ac
1518 492 1660 522 studii

211 536 242 567 in
266 549 380 579 remp.
412 541 695 571 testimonium
725 540 866 570 dedit:
900 551 986 571 nam
1017 551 1045 570 m
1060 541 1260 572 alevolus
1284 542 1432 581 potius
1454 546 1490 572 et
1514 541 1661 572 hostili

212 590 250 619 in
272 602 292 630 p
303 601 319 620 a
331 595 366 620 tr
376 591 386 620 i
398 602 415 621 a
425 602 453 621 m
481 592 581 622 anim
593 602 611 621 o
638 602 679 622 re
691 602 710 631 p
721 592 777 622 eri
791 596 830 622 tu
840 603 865 623 r.
889 593 959 623 Hac
975 593 1066 623 tertia
1078 594 1158 632 lege,
1174 603 1262 633 quam
1279 604 1383 624 exusu
1396 603 1451 624 suo
1463 604 1532 624 esse
1541 593 1662 624 videret

212 642 334 678 Orator,
346 646 485 683 tanquam
500 644 631 673 anchora
646 644 774 683 quadam
791 644 952 683 prehensa,
976 644 1185 675 adversarium
1208 645 1290 675 lucta
1304 645 1481 685 prostravit,
1493 645 1610 678 ratione
1627 644 1660 674 in

211 698 416 723 accusatorem
440 693 637 724 solertissima
653 703 724 726 usus
741 700 772 725 et
794 695 1038 735 sapientissima:
1062 695 1133 726 inde
1148 696 1227 726 enim
1249 706 1352 726 ansam
1372 696 1477 726 babuit
1498 696 1595 726 hostis
1610 706 1661 726 ca-

209 743 313 783 piendi
327 749 416 783 atque
433 744 636 784 expugnandi.
660 746 798 785 Namque
814 746 925 776 alteras
940 746 1016 777 duas
1031 746 1129 786 leges,
1142 748 1181 778 de
1195 747 1339 778 obnoxiis
1353 747 1470 778 scilicet
1483 751 1514 777 et
1528 747 1567 777 de
1579 756 1661 787 prae-

209 795 310 831 conio,
323 795 353 825 in
366 796 495 826 mediam
513 796 678 827 orationem
692 797 834 837 conjecit,
849 808 935 829 more
951 798 1158 838 imperatorio,
1171 799 1182 829 i
1195 809 1242 838 gn
1255 809 1300 828 av
1312 798 1322 828 i
1333 809 1346 829 s
1374 799 1384 829 i
1397 810 1414 828 n
1437 810 1465 829 m
1476 810 1493 829 e
1505 798 1572 829 dio
1596 798 1658 829 col-

208 845 330 882 locatis,
344 847 514 885 potentiora
529 858 604 879 vero
620 847 651 878 in
673 849 820 880 extremis
835 849 978 890 utrinque
991 849 1130 889 partibus
1146 841 1309 891 disposuit,
1329 849 1516 889 reliquorum
1533 849 1658 880 infirmi-

209 901 302 928 tatem
319 899 479 938 utrobique
492 901 704 931 corroborans.
731 900 860 932 Videtur
875 907 977 932 autem
994 906 1025 932 et
1040 902 1076 932 ad
1093 901 1256 932 utilitatem
1270 901 1437 932 orationem
1448 901 1594 941 dirigere,
1607 911 1659 932 ne—

208 959 267 988 que
290 949 450 980 immodice
473 951 634 982 admodum
651 957 745 982 artem
761 957 924 983 ostentare.
965 954 1045 984 Nam
1065 964 1133 983 cum
1149 953 1290 984 videatur
1305 953 1335 983 in
1351 951 1505 994 principio
1520 952 1602 992 quod
1618 952 1658 982 de

206 999 327 1039 legibus
350 1001 511 1031 dicendum
531 1007 596 1032 erat
609 1003 779 1042 praeterire,
796 1003 828 1033 id
849 1005 970 1034 tandem
994 1005 1054 1035 alio
1069 1004 1159 1034 modo
1177 1003 1344 1044 usurpavit.
1379 1005 1496 1043 Legem
1517 1002 1598 1033 enim
1619 1002 1658 1032 de

207 1051 327 1082 coronis
336 1052 478 1082 recitarat
489 1053 651 1084 AEschines
663 1055 780 1091 salsam,
796 1055 929 1086 cnidum
945 1055 1112 1096 respondet
1127 1056 1249 1091 Orator,
1266 1054 1457 1085 occasionem
1473 1052 1588 1084 invenit
1604 1063 1658 1083 sua

207 1101 239 1131 in
261 1113 327 1141 rep.
343 1108 430 1142 gesta
447 1104 628 1143 proferendi,
654 1106 739 1144 quasi
761 1110 853 1145 caput
873 1106 1041 1147 legitimum
1065 1107 1103 1136 ad
1127 1117 1259 1147 pugnam
1281 1106 1449 1136 adhiberet.
1486 1103 1656 1145 Dispositio

203 1153 301 1193 igitur
317 1153 464 1184 orationis
478 1155 547 1185 talis
570 1161 637 1186 est:
659 1157 874 1187 firmamentum
891 1163 991 1188 autem
1007 1168 1105 1189 causae
1120 1157 1259 1188 AEschini
1276 1161 1325 1188 est
1347 1157 1527 1198 legitimum,
1543 1157 1657 1186 Demo-

205 1204 439 1243 sthenijustum,
449 1206 570 1245 utrique
586 1211 686 1238 autem
703 1218 861 1239 commune
877 1208 963 1246 utile,
979 1210 1064 1248 cujus
1081 1219 1138 1239 non
1153 1209 1312 1239 manifesta
1326 1212 1373 1238 est
1386 1207 1537 1238 enodatio.
1553 1207 1657 1237 Status

205 1259 254 1286 est
269 1255 301 1285 in
316 1256 432 1295 scripto
444 1257 576 1296 positus,
588 1259 750 1297 negotialis
765 1271 772 1289 :
798 1259 914 1299 scripto
930 1259 1008 1290 enim
1025 1264 1144 1290 constat
1160 1261 1336 1290 Decretum.

247 1308 414 1338 Accusatio
431 1308 555 1347 quidem
570 1310 715 1351 Philippo
731 1311 830 1341 adhue
848 1311 971 1341 vivente
988 1311 1017 1341 in
1029 1311 1181 1350 judicium
1201 1311 1335 1341 deducta
1358 1314 1415 1346 est,
1434 1308 1537 1339 habita
1557 1311 1654 1338 tamen

204 1359 302 1389 oratio
318 1363 349 1389 et
360 1358 637 1401 judiciumfuctum
656 1367 696 1391 est
711 1361 891 1391 Alexandro
903 1361 968 1403 jam
993 1361 1155 1401 imperium
1175 1365 1306 1392 tenente.
1340 1360 1418 1390 Nam
1434 1363 1594 1400 postquam
1609 1358 1654 1387 in-

204 1410 287 1442 teriit
302 1410 464 1451 Philippus
485 1416 516 1441 et
530 1412 668 1442 Thebani
692 1417 813 1452 sumpta
827 1412 938 1444 fiducia
954 1413 1129 1453 praesidium
1151 1413 1313 1452 ejecerant,
1335 1411 1512 1441 Alexander
1528 1420 1561 1440 se
1581 1419 1654 1439 con-

203 1461 297 1492 temni
311 1468 394 1492 ratus
411 1463 530 1492 Thebas
544 1462 681 1493 funditus
695 1463 816 1499 evertit,
836 1464 946 1495 deinde
963 1475 1032 1495 cum
1049 1475 1116 1494 eum
1133 1464 1205 1494 facti
1220 1462 1416 1504 poenituisset
1432 1473 1448 1492 e
1464 1459 1585 1492 Graecia
1599 1459 1652 1488 de-

202 1513 345 1553 migravit
373 1514 491 1553 pudore
515 1513 654 1551 affectus,
676 1519 709 1544 et
730 1515 869 1546 barbaris
892 1516 1006 1546 bellum
1030 1515 1149 1546 intulit:
1174 1515 1378 1546 Athenienses
1400 1521 1500 1544 autem
1519 1510 1651 1540 oblatam

202 1564 262 1595 sibi
287 1575 354 1596 esse
369 1565 559 1595 occasionem
575 1567 731 1605 putabant,
749 1571 781 1597 ut
798 1566 971 1605 proditores
988 1567 1064 1597 istos
1089 1567 1141 1607 qui
1164 1566 1317 1598 Graeciam
1334 1565 1442 1601 injuria
1463 1563 1604 1591 laeseraut
1620 1561 1651 1591 in

196 1618 249 1656 jus
266 1620 420 1652 vocarent,
444 1620 533 1656 atque
548 1616 592 1646 ita
608 1617 759 1656 judicium
775 1618 968 1648 commissum
985 1624 1042 1648 est.
1080 1618 1216 1648 Primum
1241 1617 1334 1657 igitur
1350 1613 1528 1653 prooemium
1544 1624 1651 1653 preca·

201 1667 284 1697 tione
299 1671 432 1703 constat,
448 1678 504 1706 per
518 1672 620 1706 partes
633 1668 800 1704 inductum,
817 1674 848 1699 et
864 1670 1108 1700 benevolentiam
1132 1673 1228 1708 parat,
1243 1677 1302 1706 qua
1318 1664 1366 1694 hic
1381 1664 1509 1695 maxime
1532 1664 1650 1705 indige-

201 1729 288 1749 mus:
313 1723 420 1757 estque
435 1718 510 1748 illud
525 1718 693 1748 Homerica
709 1719 876 1750 imitatione
892 1731 1083 1760 expressum,

548 1804 651 1842 Dique
668 1803 806 1844 Deaeque
823 1804 899 1838 meis
915 1815 1018 1835 omnes
1032 1801 1180 1833 attendite
1197 1798 1298 1828 dictis.

199 1888 282 1928 Quin
300 1892 332 1918 et
347 1887 408 1919 vim
434 1888 524 1918 habet
538 1891 570 1917 et
594 1887 849 1928 significationem
865 1888 983 1918 fiduciae
1002 1886 1032 1914 in
1048 1882 1221 1914 auditorum
1241 1881 1455 1912 benevolentia
1470 1882 1628 1913 collocatae
1643 1894 1649 1912 z

199 1950 298 1981 neque
314 1939 392 1969 enim
409 1950 495 1969 omne
509 1939 635 1969 deorum
647 1949 742 1979 genus
755 1938 921 1973 invocaret,
934 1935 994 1965 nisi
1009 1945 1044 1964 eo
1056 1933 1154 1964 animo
1164 1932 1282 1964 fnisset.
1305 1933 1440 1963 Verbum
1453 1938 1554 1964 autem
1569 1934 1647 1964 illud

199 1989 320 2020 διατελῶ
343 2000 381 2019 ex
407 1990 541 2018 Decreto
557 1994 709 2027 sumptum
727 1994 790 2018 est:
814 1987 964 2025 significat
979 1989 1080 2014 autem
1096 1994 1128 2013 se
1143 1988 1173 2013 et
1196 1983 1227 2013 in
1248 1982 1462 2013 benevolentia
1476 1993 1547 2024 erga
1572 1985 1645 2014 cives

198 2040 291 2069 vitam
307 2039 440 2079 degisse,
455 2039 642 2077 eandemque
658 2042 807 2077 perpetuo
820 2046 937 2071 curare,
957 2038 989 2065 et
1005 2034 1091 2074 prius
1107 2033 1236 2064 animam
1253 2033 1434 2064 amissurum
1451 2044 1531 2070 esse,
1555 2044 1642 2074 quam

195 2091 233 2120 ab
249 2089 308 2120 ista
321 2090 469 2120 sententia
483 2090 698 2120 discessurum.

623 2368 1205 2425 DEMOSTHENIS

459 2511 564 2560 DE
619 2512 979 2561 CORONA
1033 2509 1377 2560 ORATIO.

252 2628 284 2663 1.
315 2625 504 2664 Panum
541 2639 564 2664 a
599 2627 671 2665 diis
699 2627 921 2678 deabusque
963 2627 1139 2664 omnibus
1176 2624 1453 2664 immortalibus
1490 2636 1638 2675 precor,

193 2687 460 2732 Athenienses,
494 2694 537 2725 ut
562 2695 746 2738 quantum
777 2702 849 2740 ego
879 2702 1027 2740 semper
1058 2701 1152 2740 erga
1183 2694 1223 2726 et
1252 2687 1443 2726 civitatem
1472 2692 1635 2723 vestram

194 2762 339 2800 vosque
358 2750 556 2788 universos
576 2750 881 2789 benevolentiam
911 2750 1049 2798 habeo,
1081 2756 1190 2788 tanta
1213 2749 1304 2787 mihi
1333 2761 1356 2786 a
1379 2747 1486 2785 vobis
1505 2746 1542 2783 in
1561 2746 1636 2784 hoc

188 2810 334 2860 judicio
354 2810 560 2848 tribuatur:
590 2810 729 2848 deinde
747 2817 790 2849 ut
808 2825 894 2862 quae
912 2825 971 2850 res
992 2812 1042 2850 ad
1063 2824 1131 2850 vos
1151 2817 1392 2859 vestramque
1410 2807 1632 2858 religionem

193 2877 234 2909 et
252 2872 409 2922 gloriam
425 2873 621 2924 permagni
639 2873 806 2920 interest,
827 2886 912 2912 earn
942 2874 1047 2912 vobis
1076 2887 1156 2912 rem
1188 2872 1240 2911 dii
1268 2869 1496 2916 concedant,
1516 2875 1559 2907 ut
1586 2883 1634 2907 ne
