1923 3149
303 123 355 162 90
824 124 1144 166 PHILIPPICA
1173 127 1246 166 111.

297 231 338 264 et
352 230 508 277 gentem
533 231 681 266 tantam
700 225 960 269 Phocensium
979 229 1147 270 deletam
1175 238 1301 270 taceo.
1358 230 1438 270 Sed
1457 230 1667 271 Thessaliae
1687 231 1752 284 qui

300 292 425 325 status
445 287 531 326 est?
559 301 688 327 nonne
707 296 746 328 et
772 291 1013 342 respublicas
1039 299 1079 330 et
1098 294 1212 330 urbes
1234 293 1286 330 eis
1308 292 1452 331 ademit
1470 301 1508 332 et
1525 294 1753 332 tetrarchias

297 347 351 385 ibi
371 349 586 397 constituit,
607 358 651 389 ut
680 364 759 389 non
793 352 943 403 singula
972 354 1116 404 oppida
1143 354 1335 392 duntaxat
1369 355 1437 392 sed
1471 363 1603 405 gentes
1637 356 1752 393 etiam

299 409 514 448 servirent?
569 411 750 449 Euboicae
770 426 884 463 porro
905 414 1018 451 urbes
1040 414 1257 465 nonnejam
1273 415 1446 466 tyrannis
1467 423 1616 466 parent,
1634 417 1751 466 idque

295 469 337 508 in
354 469 483 510 insula
496 472 620 510 vicina
639 472 779 511 Thebis
799 481 837 511 et
859 473 1051 511 Athenis?
1108 475 1248 513 Nonne
1264 482 1391 526 aperte
1414 477 1547 514 scribit
1566 477 1602 513 in
1623 477 1752 522 literis,

297 531 397 570 Mihi
418 546 507 571 vero
533 547 608 585 pax
640 540 701 572 est
728 547 815 572 cum
848 535 903 581 iis,
923 536 986 586 qui
1010 535 1098 573 mihi
1127 549 1264 587 parere
1287 537 1449 574 volunt?
1506 537 1643 587 Neque
1663 550 1753 575 vero

295 592 382 632 haec
402 594 547 640 scribit,
570 595 692 646 reipsa
712 609 802 634 vero
828 609 905 634 non
926 597 1159 647 exsequitur,
1182 598 1250 635 sed
1273 598 1572 648 Hellespontum
1593 598 1751 643 invadit,

295 661 336 693 et
353 656 500 707 pridem
520 657 764 695 Ambraciam
787 671 995 708 aggressus
1025 658 1108 704 fuit,
1138 659 1292 697 Elidem
1326 660 1444 697 habet
1473 667 1619 697 tantam
1642 659 1754 697 Pelo-

293 718 458 767 ponnesi
476 719 623 763 urbem,
651 718 822 768 Megaris
851 733 974 770 nuper
993 720 1191 758 insidiatus
1222 728 1292 765 est,
1313 734 1434 771 neque
1457 721 1610 758 Graecia
1628 734 1754 770 neque

295 777 480 817 Barbaria
498 779 663 818 hominis
682 780 792 818 istius
813 781 1008 819 avaritiam
1038 781 1151 832 capit.
1211 782 1309 826 Quae
1341 795 1429 820 cum
1459 782 1586 820 Graeci
1620 794 1753 820 omnes

296 845 338 877 et
362 839 561 879 videamus
587 847 626 878 et
652 841 867 887 audiamus,
893 854 970 880 non
1001 840 1151 892 legatos
1185 842 1233 880 de
1260 842 1365 880 hisce
1396 843 1578 880 mittimus
1607 843 1670 880 alii
1702 842 1753 880 ad

297 900 407 947 alios,
428 915 505 940 non
524 902 780 953 indignamur,
805 903 860 940 sic
881 910 1010 941 autem
1029 904 1130 941 male
1151 903 1279 942 affecti
1301 917 1434 942 sumus
1455 912 1494 942 et
1513 904 1622 954 quasi
1637 904 1751 941 fossis

294 961 506 1012 interiectis
544 963 682 1002 divulsi
709 977 776 1015 per
806 963 979 1015 singulas
1008 964 1200 1010 civitates,
1222 972 1264 1001 ut
1295 964 1334 1002 in
1362 965 1464 1003 hunc
1493 978 1618 1016 usque
1649 965 1752 1003 diem

293 1037 420 1074 neque
439 1024 595 1062 utilitati
610 1025 810 1063 consulere
831 1038 953 1076 neque
978 1025 1104 1063 officio
1125 1025 1206 1064 ulla
1225 1039 1272 1064 ex
1291 1033 1398 1076 parte
1419 1026 1527 1076 fungi
1548 1027 1752 1077 possimus,

290 1097 416 1135 neque
435 1085 530 1123 inire
550 1086 809 1132 concordiam,
831 1100 957 1137 neque
977 1086 1200 1124 societatem
1228 1087 1358 1124 auxilii
1377 1093 1415 1124 et
1437 1088 1612 1125 amicitiae
1633 1087 1751 1126 ullam

292 1146 434 1194 facere,
455 1147 524 1186 sed
550 1148 784 1186 incrementa
802 1149 986 1199 potentiae
1013 1148 1181 1199 Philippi
1209 1162 1343 1186 secure
1365 1148 1620 1199 negligamus‚
1634 1149 1753 1200 idque

290 1214 445 1260 tempus
465 1209 558 1247 dum
587 1210 683 1248 alius
703 1210 813 1260 perit,
833 1210 1099 1260 unusquisque
1127 1210 1234 1247 lucro
1259 1210 1329 1248 sibi
1352 1210 1424 1260 ipsi
1444 1211 1524 1248 fore
1546 1211 1751 1258 existimet,

291 1276 336 1307 ut
354 1270 445 1307 mihi
466 1271 621 1322 quidem
637 1271 801 1318 videtur,
815 1285 892 1309 non
920 1271 968 1309 de
988 1271 1231 1322 procuranda
1251 1270 1475 1309 Graecorum
1501 1272 1624 1310 salute
1644 1272 1752 1323 cogi-

291 1332 448 1370 tationis
469 1333 613 1383 aliquid
638 1333 856 1384 laborisque
877 1333 1088 1383 suscipiat:
1119 1333 1305 1383 siquidem
1328 1346 1429 1379 eum,
1449 1340 1634 1384 tanquam
1655 1347 1751 1372 con-

290 1393 507 1432 versionem
523 1401 639 1446 atque
653 1395 916 1432 accessionem
936 1394 1050 1432 febris
1066 1401 1134 1432 aut
1151 1394 1307 1432 alterius
1327 1395 1432 1441 mali,
1452 1396 1564 1433 etiam
1584 1396 1623 1432 in
1643 1395 1751 1433 illum

292 1454 360 1505 qui
379 1455 450 1493 sibi
463 1456 599 1506 procul
611 1469 635 1494 a
651 1455 820 1508 periculo
835 1468 939 1494 nunc
966 1456 1104 1494 abesse
1121 1455 1286 1502 videtur,
1305 1456 1540 1503 invasurum,
1562 1468 1674 1494 nemo
1693 1461 1753 1494 est

293 1515 361 1566 qui
380 1516 544 1556 nesciat.

346 1578 383 1615 7.
415 1577 503 1617 Jam
519 1578 610 1617 illud
633 1593 789 1631 quoque
810 1579 943 1625 nostis,
963 1579 1144 1631 quicquid
1159 1592 1182 1617 a
1202 1578 1494 1617 Lacedemoniis
1510 1586 1579 1617 aut
1597 1592 1620 1618 a
1634 1579 1744 1618 nobis

292 1639 423 1678 Graeci
447 1641 618 1692 perpessi
638 1641 805 1687 fuerunt,
825 1654 872 1679 ea
891 1641 1027 1679 saltem
1053 1654 1076 1679 a
1094 1640 1284 1692 germanis
1306 1641 1469 1678 Graeciae
1498 1641 1644 1679 civibus
1664 1654 1749 1679 esse

289 1715 512 1754 perpessos,
532 1703 648 1753 idque
669 1704 827 1753 perinde
858 1703 1040 1741 aestimari
1058 1702 1194 1753 potuit,
1218 1715 1262 1740 ac
1290 1702 1321 1739 si
1348 1702 1447 1739 filius
1467 1709 1581 1739 natus
1609 1702 1647 1738 in
1667 1715 1749 1740 ma-

291 1764 379 1815 gnis
399 1764 648 1802 facultatibus
669 1765 864 1815 legitimus
881 1764 1025 1814 aliquid
1042 1777 1119 1801 non
1132 1765 1228 1801 bene
1244 1776 1370 1813 neque
1383 1769 1484 1800 recte
1504 1762 1748 1802 administra-

291 1832 363 1870 ret,
377 1839 465 1863 eum
485 1827 533 1863 ob
554 1825 592 1862 id
612 1825 734 1876 ipsum
747 1826 908 1876 dignum
927 1838 1014 1863 esse
1029 1824 1326 1876 reprehensione
1342 1830 1381 1861 et
1401 1824 1658 1870 accusatione,
1680 1825 1748 1863 sed

291 1899 380 1924 eum
399 1894 442 1924 ut
453 1887 619 1924 alienum
639 1893 707 1924 aut
726 1900 802 1924 non
822 1886 1015 1924 haeredem
1030 1899 1163 1924 eorum
1180 1886 1246 1923 illa
1267 1886 1406 1931 facere,
1426 1898 1503 1923 non
1524 1898 1639 1936 posse
1660 1886 1750 1925 dici.

292 1947 410 1990 Quod
423 1948 455 1985 si
470 1961 602 1985 servus
616 1954 683 1985 aut
694 1947 913 1986 subdititius
929 1961 974 1986 ea
985 1961 1071 1998 quae
1084 1946 1178 1984 nihil
1194 1946 1242 1984 ad
1256 1947 1379 1997 ipsum
1391 1946 1598 1984 attinerent
1611 1947 1751 1998 perde-

291 2016 352 2047 ret
367 2016 597 2058 etvastaret,
615 2023 637 2047 o
656 2010 848 2048 Hercules
865 2013 872 2046 !
903 2016 1047 2060 quanto
1068 2008 1108 2046 id
1128 2008 1281 2059 gravius
1301 2015 1341 2046 et
1359 2009 1414 2046 ira
1433 2008 1587 2059 dignius
1612 2022 1747 2048 omnes

292 2070 481 2109 dicerent!
513 2072 635 2122 Atqui
651 2084 895 2122 nequaquam
910 2083 1001 2122 erga
1016 2070 1234 2122 Philippum
1248 2077 1287 2108 et
1298 2070 1378 2121 ejus
1394 2070 1566 2108 actiones
1579 2070 1633 2109 ita
1645 2084 1747 2109 nunc

291 2132 420 2171 affecti
452 2140 555 2179 sunt,
584 2133 649 2182 qui
671 2139 817 2170 tantum
845 2133 956 2170 abest
981 2139 1022 2170 ut
1043 2132 1206 2169 Graecus
1229 2131 1278 2169 sit
1303 2131 1498 2169 Graecisve
1526 2131 1605 2168 ullo
1630 2131 1747 2170 modo

290 2194 535 2245 conjunctus,
555 2200 597 2231 ut
625 2206 695 2231 nec
723 2194 820 2231 inter
839 2194 1024 2231 barbaros
1055 2194 1104 2231 sit
1127 2192 1288 2230 honesto
1308 2192 1394 2230 loco
1415 2200 1541 2239 natus,
1571 2192 1639 2230 sed
1658 2205 1746 2244 per-

292 2255 397 2294 ditus
418 2256 601 2299 Macedo,
622 2255 725 2293 unde
746 2268 871 2305 neque
892 2255 1125 2305 mancipium
1145 2254 1245 2304 frugi
1265 2253 1353 2291 olim
1375 2253 1495 2290 ullum
1515 2253 1588 2291 emi
1607 2254 1747 2304 potuit.

291 2317 346 2355 At
359 2330 435 2367 qua
448 2325 616 2355 extrema
632 2317 868 2354 contumelia
881 2316 1076 2355 abstinet?
1105 2329 1231 2353 nonne
1245 2321 1497 2365 praeterquam
1514 2315 1618 2365 quod
1634 2317 1748 2354 urbes

293 2377 451 2416 Graecas
465 2379 612 2423 evertit,
632 2378 747 2415 etiam
768 2378 916 2428 Pythiis
931 2384 1084 2429 praeest,
1106 2376 1373 2414 communibus
1391 2376 1616 2414 Graecorum
1633 2377 1749 2424 ludis,

291 2440 398 2490 quod
418 2440 448 2476 si
473 2440 553 2490 ipsc
573 2452 650 2475 non
673 2439 850 2484 adfuerit,
871 2452 999 2476 servos
1023 2451 1112 2476 suos
1134 2437 1248 2474 mittit
1267 2436 1466 2474 certamini
1487 2433 1747 2487 praefuturos?

291 2515 422 2540 nonne
442 2501 558 2551 Pylas
585 2507 624 2538 et
644 2500 807 2537 Graeciae
827 2500 953 2537 aditus
974 2506 1094 2544 tenet,
1117 2511 1161 2536 ac
1190 2498 1377 2549 praesidiis
1399 2506 1437 2535 et
1458 2499 1658 2549 peregrino
1677 2500 1747 2537 mi-

289 2564 356 2602 lite
374 2564 459 2601 loca
474 2563 539 2600 illa
557 2561 710 2600 tuetur?
728 2575 853 2599 nonne
867 2563 981 2598 ctiam
997 2560 1291 2611 praerogativam
1312 2559 1428 2597 habet
1448 2559 1487 2596 in
1509 2561 1747 2599 consulendo

290 2625 484 2676 Apolline,
505 2624 665 2662 detrusis
696 2624 805 2661 nobis
835 2630 873 2659 et
894 2622 1094 2659 Thessalis
1115 2629 1154 2659 et
1183 2621 1440 2658 Doriensibus
1467 2627 1508 2659 et
1535 2621 1618 2659 aliis
1648 2624 1747 2660 Am-

289 2686 576 2738 phictyonibus,
596 2685 632 2722 in
663 2686 770 2735 cujus
801 2684 996 2733 dignitatis
1017 2683 1240 2721 societatem
1273 2695 1347 2719 nec
1368 2682 1497 2720 Groeci
1527 2695 1660 2721 omnes
1682 2697 1746 2722 ve-

290 2748 427 2786 niunt?
470 2760 597 2785 nonne
620 2745 813 2783 Thessalis
849 2744 1063 2794 praeseribit
1084 2743 1268 2780 rationem
1291 2743 1469 2793 gerendae
1495 2743 1745 2793 reipublicae?

289 2822 416 2847 nonne
438 2809 659 2859 peregrinos
690 2806 826 2843 milites
859 2806 908 2843 ad
939 2805 1162 2842 Portlnnum
1190 2804 1318 2850 mittit,
1344 2804 1525 2855 populum
1554 2804 1746 2844 Eretrien-

293 2872 390 2910 sium
409 2871 611 2922 ejecturos‚
632 2868 727 2907 alios
758 2866 905 2905 Oreum
934 2866 983 2905 ad
1008 2865 1252 2904 Philistidem
1279 2873 1481 2917 tyrannum
1507 2866 1748 2906 constituen-
