<?xml version="1.0" encoding="UTF-8"?>
<!DOCTYPE html PUBLIC "-//W3C//DTD XHTML 1.0 Transitional//EN"
    "http://www.w3.org/TR/xhtml1/DTD/xhtml1-transitional.dtd">
<html xmlns="http://www.w3.org/1999/xhtml" xml:lang="en" lang="en">
 <head>
  <title>
</title>
<meta http-equiv="Content-Type" content="text/html;charset=utf-8" />
  <meta name='ocr-system' content='tesseract 3.04.00' />
  <meta name='ocr-capabilities' content='ocr_page ocr_carea ocr_par ocr_line ocrx_word'/>
</head>
<body>
  <div class='ocr_page' id='page_1' title='image "./oratoresatticie15dobs_0266.png"; bbox 0 0 1923 3149; ppageno 0'>
   <div class='ocr_carea' id='block_1_1' title="bbox 246 179 1378 222">
    <p class='ocr_par' dir='ltr' id='par_1_1' title="bbox 246 179 1378 222">
     <span class='ocr_line' id='line_1_1' title="bbox 246 179 1378 222; baseline -0.002 -2"><span class='ocrx_word' id='word_1_1' title='bbox 246 184 325 220; x_wconf 78' lang='lat'><strong>250</strong></span> <span class='ocrx_word' id='word_1_2' title='bbox 554 181 626 220; x_wconf 90' lang='lat' dir='ltr'><strong>DE</strong></span> <span class='ocrx_word' id='word_1_3' title='bbox 659 182 808 221; x_wconf 90' lang='lat' dir='ltr'><strong>MALE</strong></span> <span class='ocrx_word' id='word_1_4' title='bbox 838 182 1011 222; x_wconf 66' lang='lat' dir='ltr'>GESOEA</span> <span class='ocrx_word' id='word_1_5' title='bbox 1041 179 1378 219; x_wconf 88' lang='lat' dir='ltr'>LEGATIONE.</span> 
     </span>
    </p>
   </div>
   <div class='ocr_carea' id='block_1_2' title="bbox 245 283 1710 1620">
    <p class='ocr_par' dir='ltr' id='par_1_2' title="bbox 245 283 1700 394">
     <span class='ocr_line' id='line_1_2' title="bbox 246 283 1700 332; baseline 0.001 -12"><span class='ocrx_word' id='word_1_6' title='bbox 246 284 355 321; x_wconf 84' lang='lat' dir='ltr'><strong>vobis</strong></span> <span class='ocrx_word' id='word_1_7' title='bbox 375 284 636 323; x_wconf 86' lang='lat' dir='ltr'><strong>festinandum</strong></span> <span class='ocrx_word' id='word_1_8' title='bbox 655 292 772 332; x_wconf 84' lang='lat' dir='ltr'><strong>esset,</strong></span> <span class='ocrx_word' id='word_1_9' title='bbox 792 285 1038 331; x_wconf 87' lang='lat' dir='ltr'><strong>desederunt,</strong></span> <span class='ocrx_word' id='word_1_10' title='bbox 1060 298 1148 324; x_wconf 90' lang='lat' dir='ltr'><strong>cum</strong></span> <span class='ocrx_word' id='word_1_11' title='bbox 1176 298 1266 324; x_wconf 87' lang='lat' dir='ltr'><strong>vero</strong></span> <span class='ocrx_word' id='word_1_12' title='bbox 1299 296 1377 323; x_wconf 88' lang='lat' dir='ltr'><strong>non</strong></span> <span class='ocrx_word' id='word_1_13' title='bbox 1403 283 1577 322; x_wconf 86' lang='lat' dir='ltr'><strong>eundum</strong></span> <span class='ocrx_word' id='word_1_14' title='bbox 1594 291 1700 322; x_wconf 85' lang='lat' dir='ltr'><strong>esset</strong></span> 
     </span>
     <span class='ocr_line' id='line_1_3' title="bbox 245 346 1092 394; baseline 0.004 -13"><span class='ocrx_word' id='word_1_15' title='bbox 245 351 334 382; x_wconf 87' lang='lat' dir='ltr'><strong>ante</strong></span> <span class='ocrx_word' id='word_1_16' title='bbox 357 346 622 386; x_wconf 86' lang='lat' dir='ltr'>caduceatoris</span> <span class='ocrx_word' id='word_1_17' title='bbox 641 348 819 394; x_wconf 89' lang='lat' dir='ltr'><strong>reditum,</strong></span> <span class='ocrx_word' id='word_1_18' title='bbox 841 348 1092 387; x_wconf 79' lang='lat' dir='ltr'><strong>festinarunt?</strong></span> 
     </span>
    </p>

    <p class='ocr_par' dir='ltr' id='par_1_3' title="bbox 246 406 1710 1620">
     <span class='ocr_line' id='line_1_4' title="bbox 300 406 1701 460; baseline 0.001 -18"><span class='ocrx_word' id='word_1_19' title='bbox 300 407 364 443; x_wconf 82' lang='lat'><strong>49.</strong></span> <span class='ocrx_word' id='word_1_20' title='bbox 396 406 484 450; x_wconf 86' lang='lat' dir='ltr'><strong>Quo</strong></span> <span class='ocrx_word' id='word_1_21' title='bbox 504 408 620 458; x_wconf 83' lang='lat' dir='ltr'><strong>igitur</strong></span> <span class='ocrx_word' id='word_1_22' title='bbox 640 416 810 460; x_wconf 90' lang='lat' dir='ltr'><strong>tempore</strong></span> <span class='ocrx_word' id='word_1_23' title='bbox 832 409 908 447; x_wconf 92' lang='lat' dir='ltr'><strong>illic</strong></span> <span class='ocrx_word' id='word_1_24' title='bbox 928 410 1085 452; x_wconf 84' lang='lat' dir='ltr'><strong>fuimus,</strong></span> <span class='ocrx_word' id='word_1_25' title='bbox 1110 415 1149 446; x_wconf 88' lang='lat' dir='ltr'><strong>et</strong></span> <span class='ocrx_word' id='word_1_26' title='bbox 1178 407 1298 446; x_wconf 87' lang='lat' dir='ltr'><strong>Pellae</strong></span> <span class='ocrx_word' id='word_1_27' title='bbox 1318 406 1553 451; x_wconf 85' lang='lat' dir='ltr'>desedimus,</span> <span class='ocrx_word' id='word_1_28' title='bbox 1575 407 1701 444; x_wconf 88' lang='lat' dir='ltr'><strong>consi-</strong></span> 
     </span>
     <span class='ocr_line' id='line_1_5' title="bbox 246 465 1701 520; baseline 0.001 -18"><span class='ocrx_word' id='word_1_29' title='bbox 246 465 376 504; x_wconf 87' lang='lat' dir='ltr'><strong>derate</strong></span> <span class='ocrx_word' id='word_1_30' title='bbox 395 468 488 518; x_wconf 88' lang='lat' dir='ltr'><strong>quid</strong></span> <span class='ocrx_word' id='word_1_31' title='bbox 507 470 670 520; x_wconf 89' lang='lat' dir='ltr'><strong>quisque</strong></span> <span class='ocrx_word' id='word_1_32' title='bbox 691 477 868 507; x_wconf 87' lang='lat' dir='ltr'><strong>nostrum</strong></span> <span class='ocrx_word' id='word_1_33' title='bbox 888 470 1012 508; x_wconf 84' lang='lat' dir='ltr'><strong>facere</strong></span> <span class='ocrx_word' id='word_1_34' title='bbox 1033 469 1248 507; x_wconf 85' lang='lat' dir='ltr'><strong>instituerit.</strong></span> <span class='ocrx_word' id='word_1_35' title='bbox 1304 469 1403 519; x_wconf 89' lang='lat' dir='ltr'><strong>Ego,</strong></span> <span class='ocrx_word' id='word_1_36' title='bbox 1422 468 1595 518; x_wconf 90' lang='lat' dir='ltr'><strong>captivos</strong></span> <span class='ocrx_word' id='word_1_37' title='bbox 1615 467 1701 505; x_wconf 76' lang='lat' dir='ltr'><strong>red-</strong></span> 
     </span>
     <span class='ocr_line' id='line_1_6' title="bbox 247 527 1703 582; baseline 0.001 -20"><span class='ocrx_word' id='word_1_38' title='bbox 247 527 365 565; x_wconf 89' lang='lat' dir='ltr'><strong>imere</strong></span> <span class='ocrx_word' id='word_1_39' title='bbox 395 536 434 566; x_wconf 91' lang='lat' dir='ltr'><strong>et</strong></span> <span class='ocrx_word' id='word_1_40' title='bbox 464 544 650 580; x_wconf 82' lang='lat' dir='ltr'><strong>quaerere,</strong></span> <span class='ocrx_word' id='word_1_41' title='bbox 680 539 717 568; x_wconf 89' lang='lat' dir='ltr'><strong>et</strong></span> <span class='ocrx_word' id='word_1_42' title='bbox 749 531 797 568; x_wconf 90' lang='lat' dir='ltr'><strong>de</strong></span> <span class='ocrx_word' id='word_1_43' title='bbox 825 544 911 569; x_wconf 91' lang='lat' dir='ltr'><strong>meo</strong></span> <span class='ocrx_word' id='word_1_44' title='bbox 944 531 1145 582; x_wconf 89' lang='lat' dir='ltr'><strong>pecuniam</strong></span> <span class='ocrx_word' id='word_1_45' title='bbox 1174 531 1380 576; x_wconf 84' lang='lat' dir='ltr'><strong>insumere,</strong></span> <span class='ocrx_word' id='word_1_46' title='bbox 1402 536 1441 567; x_wconf 90' lang='lat' dir='ltr'><strong>et</strong></span> <span class='ocrx_word' id='word_1_47' title='bbox 1473 542 1496 566; x_wconf 84' lang='lat' dir='ltr'><strong>a</strong></span> <span class='ocrx_word' id='word_1_48' title='bbox 1523 528 1703 579; x_wconf 91' lang='lat' dir='ltr'><strong>Philippo</strong></span> 
     </span>
     <span class='ocr_line' id='line_1_7' title="bbox 246 589 1703 643; baseline -0.001 -16"><span class='ocrx_word' id='word_1_49' title='bbox 246 596 388 640; x_wconf 84' lang='lat' dir='ltr'><strong>petere,</strong></span> <span class='ocrx_word' id='word_1_50' title='bbox 409 598 451 629; x_wconf 90' lang='lat' dir='ltr'><strong>ut</strong></span> <span class='ocrx_word' id='word_1_51' title='bbox 481 593 726 643; x_wconf 80' lang='lat' dir='ltr'>hospitalium</span> <span class='ocrx_word' id='word_1_52' title='bbox 760 605 963 630; x_wconf 91' lang='lat' dir='ltr'><strong>munerum</strong></span> <span class='ocrx_word' id='word_1_53' title='bbox 996 594 1090 639; x_wconf 90' lang='lat' dir='ltr'><strong>vice,</strong></span> <span class='ocrx_word' id='word_1_54' title='bbox 1125 606 1211 643; x_wconf 86' lang='lat' dir='ltr'><strong>quae</strong></span> <span class='ocrx_word' id='word_1_55' title='bbox 1240 591 1350 629; x_wconf 90' lang='lat' dir='ltr'><strong>nobis</strong></span> <span class='ocrx_word' id='word_1_56' title='bbox 1384 589 1582 636; x_wconf 88' lang='lat' dir='ltr'><strong>offerebat,</strong></span> <span class='ocrx_word' id='word_1_57' title='bbox 1616 589 1703 627; x_wconf 88' lang='lat' dir='ltr'><strong>illos</strong></span> 
     </span>
     <span class='ocr_line' id='line_1_8' title="bbox 246 650 1707 706; baseline 0 -18"><span class='ocrx_word' id='word_1_58' title='bbox 246 651 387 690; x_wconf 90' lang='lat' dir='ltr'><strong>missos</strong></span> <span class='ocrx_word' id='word_1_59' title='bbox 409 653 576 691; x_wconf 86' lang='lat' dir='ltr'><strong>faceret:</strong></span> <span class='ocrx_word' id='word_1_60' title='bbox 607 655 678 691; x_wconf 85' lang='lat' dir='ltr'><strong>iste</strong></span> <span class='ocrx_word' id='word_1_61' title='bbox 700 661 826 692; x_wconf 88' lang='lat' dir='ltr'><strong>autem</strong></span> <span class='ocrx_word' id='word_1_62' title='bbox 855 654 947 705; x_wconf 87' lang='lat' dir='ltr'><strong>quid</strong></span> <span class='ocrx_word' id='word_1_63' title='bbox 975 662 1162 706; x_wconf 88' lang='lat' dir='ltr'><strong>perpetuo</strong></span> <span class='ocrx_word' id='word_1_64' title='bbox 1192 653 1342 698; x_wconf 89' lang='lat' dir='ltr'><strong>fecerit,</strong></span> <span class='ocrx_word' id='word_1_65' title='bbox 1377 651 1506 690; x_wconf 88' lang='lat' dir='ltr'><strong>statim</strong></span> <span class='ocrx_word' id='word_1_66' title='bbox 1527 650 1707 690; x_wconf 90' lang='lat' dir='ltr'><strong>audietis.</strong></span> 
     </span>
     <span class='ocr_line' id='line_1_9' title="bbox 248 712 1703 766; baseline -0.001 -16"><span class='ocrx_word' id='word_1_67' title='bbox 248 712 354 754; x_wconf 85' lang='lat' dir='ltr'><strong>Quid</strong></span> <span class='ocrx_word' id='word_1_68' title='bbox 373 713 487 763; x_wconf 84' lang='lat' dir='ltr'><strong>igitur</strong></span> <span class='ocrx_word' id='word_1_69' title='bbox 504 715 599 751; x_wconf 93' lang='lat' dir='ltr'><strong>illud</strong></span> <span class='ocrx_word' id='word_1_70' title='bbox 619 715 729 752; x_wconf 76' lang='lat' dir='ltr'><strong>erat?</strong></span> <span class='ocrx_word' id='word_1_71' title='bbox 773 715 826 754; x_wconf 89' lang='lat' dir='ltr'><strong>Ut</strong></span> <span class='ocrx_word' id='word_1_72' title='bbox 843 715 1043 766; x_wconf 85' lang='lat' dir='ltr'>Philippus</span> <span class='ocrx_word' id='word_1_73' title='bbox 1072 716 1325 753; x_wconf 87' lang='lat' dir='ltr'><strong>communiter</strong></span> <span class='ocrx_word' id='word_1_74' title='bbox 1353 713 1558 766; x_wconf 89' lang='lat' dir='ltr'><strong>pecuniam</strong></span> <span class='ocrx_word' id='word_1_75' title='bbox 1590 712 1703 750; x_wconf 77' lang='lat' dir='ltr'><strong>nobis</strong></span> 
     </span>
     <span class='ocr_line' id='line_1_10' title="bbox 250 773 1706 828; baseline 0.001 -18"><span class='ocrx_word' id='word_1_76' title='bbox 250 773 467 824; x_wconf 84' lang='lat' dir='ltr'>largiretur.</span> <span class='ocrx_word' id='word_1_77' title='bbox 526 776 580 813; x_wconf 91' lang='lat' dir='ltr'><strong>Ut</strong></span> <span class='ocrx_word' id='word_1_78' title='bbox 607 783 734 814; x_wconf 90' lang='lat' dir='ltr'><strong>autem</strong></span> <span class='ocrx_word' id='word_1_79' title='bbox 766 789 836 814; x_wconf 91' lang='lat' dir='ltr'><strong>nec</strong></span> <span class='ocrx_word' id='word_1_80' title='bbox 865 776 960 814; x_wconf 89' lang='lat' dir='ltr'><strong>illud</strong></span> <span class='ocrx_word' id='word_1_81' title='bbox 992 776 1190 828; x_wconf 87' lang='lat' dir='ltr'><strong>ignoretis,</strong></span> <span class='ocrx_word' id='word_1_82' title='bbox 1211 777 1273 814; x_wconf 89' lang='lat' dir='ltr'><strong>ille</strong></span> <span class='ocrx_word' id='word_1_83' title='bbox 1294 789 1364 814; x_wconf 88' lang='lat' dir='ltr'><strong>nos</strong></span> <span class='ocrx_word' id='word_1_84' title='bbox 1384 775 1624 826; x_wconf 89' lang='lat' dir='ltr'><strong>periclitatus</strong></span> <span class='ocrx_word' id='word_1_85' title='bbox 1645 780 1706 811; x_wconf 85' lang='lat' dir='ltr'><strong>est</strong></span> 
     </span>
     <span class='ocr_line' id='line_1_11' title="bbox 248 834 1706 888; baseline -0.001 -14"><span class='ocrx_word' id='word_1_86' title='bbox 248 849 397 881; x_wconf 88' lang='lat' dir='ltr'><strong>omnes,</strong></span> <span class='ocrx_word' id='word_1_87' title='bbox 420 837 470 875; x_wconf 91' lang='lat' dir='ltr'><strong>ad</strong></span> <span class='ocrx_word' id='word_1_88' title='bbox 499 837 671 888; x_wconf 91' lang='lat' dir='ltr'><strong>singulos</strong></span> <span class='ocrx_word' id='word_1_89' title='bbox 698 838 875 888; x_wconf 88' lang='lat' dir='ltr'><strong>privatim</strong></span> <span class='ocrx_word' id='word_1_90' title='bbox 899 839 1107 883; x_wconf 85' lang='lat' dir='ltr'><strong>missitans,</strong></span> <span class='ocrx_word' id='word_1_91' title='bbox 1131 846 1170 875; x_wconf 92' lang='lat' dir='ltr'><strong>et</strong></span> <span class='ocrx_word' id='word_1_92' title='bbox 1188 838 1351 875; x_wconf 89' lang='lat' dir='ltr'><strong>multum</strong></span> <span class='ocrx_word' id='word_1_93' title='bbox 1382 850 1476 875; x_wconf 87' lang='lat' dir='ltr'><strong>sane</strong></span> <span class='ocrx_word' id='word_1_94' title='bbox 1504 836 1584 874; x_wconf 89' lang='lat' dir='ltr'><strong>auri</strong></span> <span class='ocrx_word' id='word_1_95' title='bbox 1611 834 1706 873; x_wconf 87' lang='lat' dir='ltr'><strong>offe-</strong></span> 
     </span>
     <span class='ocr_line' id='line_1_12' title="bbox 249 895 1703 949; baseline -0.001 -15"><span class='ocrx_word' id='word_1_96' title='bbox 249 910 349 935; x_wconf 74' lang='lat' dir='ltr'><strong>renS.</strong></span> <span class='ocrx_word' id='word_1_97' title='bbox 383 898 435 936; x_wconf 92' lang='lat' dir='ltr'><strong>Ut</strong></span> <span class='ocrx_word' id='word_1_98' title='bbox 455 906 584 936; x_wconf 85' lang='lat' dir='ltr'><strong>autem</strong></span> <span class='ocrx_word' id='word_1_99' title='bbox 605 899 745 936; x_wconf 87' lang='lat' dir='ltr'><strong>frustra</strong></span> <span class='ocrx_word' id='word_1_100' title='bbox 765 898 1034 949; x_wconf 85' lang='lat' dir='ltr'><strong>experiebatur</strong></span> <span class='ocrx_word' id='word_1_101' title='bbox 1053 910 1517 949; x_wconf 89' lang='lat' dir='ltr'><strong>quemcunque,——neque</strong></span> <span class='ocrx_word' id='word_1_102' title='bbox 1537 897 1638 934; x_wconf 89' lang='lat' dir='ltr'><strong>enim</strong></span> <span class='ocrx_word' id='word_1_103' title='bbox 1655 895 1703 932; x_wconf 87' lang='lat' dir='ltr'><strong>de</strong></span> 
     </span>
     <span class='ocr_line' id='line_1_13' title="bbox 248 958 1706 1009; baseline -0.001 -15"><span class='ocrx_word' id='word_1_104' title='bbox 248 971 308 996; x_wconf 92' lang='lat' dir='ltr'><strong>me</strong></span> <span class='ocrx_word' id='word_1_105' title='bbox 329 959 412 1009; x_wconf 91' lang='lat' dir='ltr'><strong>ipso</strong></span> <span class='ocrx_word' id='word_1_106' title='bbox 432 960 522 997; x_wconf 86' lang='lat' dir='ltr'><strong>mihi</strong></span> <span class='ocrx_word' id='word_1_107' title='bbox 543 959 748 997; x_wconf 89' lang='lat' dir='ltr'><strong>dicendum</strong></span> <span class='ocrx_word' id='word_1_108' title='bbox 768 967 839 1005; x_wconf 90' lang='lat' dir='ltr'><strong>est,</strong></span> <span class='ocrx_word' id='word_1_109' title='bbox 862 960 931 997; x_wconf 89' lang='lat' dir='ltr'><strong>sed</strong></span> <span class='ocrx_word' id='word_1_110' title='bbox 954 960 1060 997; x_wconf 87' lang='lat' dir='ltr'><strong>facta</strong></span> <span class='ocrx_word' id='word_1_111' title='bbox 1089 967 1129 997; x_wconf 91' lang='lat' dir='ltr'><strong>et</strong></span> <span class='ocrx_word' id='word_1_112' title='bbox 1161 973 1219 996; x_wconf 89' lang='lat' dir='ltr'><strong>res</strong></span> <span class='ocrx_word' id='word_1_113' title='bbox 1255 959 1351 1009; x_wconf 85' lang='lat' dir='ltr'><strong>ipsae</strong></span> <span class='ocrx_word' id='word_1_114' title='bbox 1383 958 1706 1002; x_wconf 88' lang='lat' dir='ltr'><strong>declarabunt—,</strong></span> 
     </span>
     <span class='ocr_line' id='line_1_14' title="bbox 247 1019 1708 1071; baseline -0.001 -15"><span class='ocrx_word' id='word_1_115' title='bbox 247 1021 499 1058; x_wconf 88' lang='lat' dir='ltr'><strong>communiter</strong></span> <span class='ocrx_word' id='word_1_116' title='bbox 520 1021 650 1058; x_wconf 85' lang='lat' dir='ltr'><strong>datam</strong></span> <span class='ocrx_word' id='word_1_117' title='bbox 680 1020 887 1071; x_wconf 90' lang='lat' dir='ltr'><strong>pecuniam</strong></span> <span class='ocrx_word' id='word_1_118' title='bbox 919 1021 1116 1069; x_wconf 89' lang='lat' dir='ltr'><strong>universos</strong></span> <span class='ocrx_word' id='word_1_119' title='bbox 1149 1021 1311 1070; x_wconf 86' lang='lat' dir='ltr'><strong>putabat</strong></span> <span class='ocrx_word' id='word_1_120' title='bbox 1331 1019 1458 1056; x_wconf 89' lang='lat' dir='ltr'><strong>statim</strong></span> <span class='ocrx_word' id='word_1_121' title='bbox 1481 1026 1622 1056; x_wconf 85' lang='lat' dir='ltr'><strong>temere</strong></span> <span class='ocrx_word' id='word_1_122' title='bbox 1643 1029 1708 1054; x_wconf 87' lang='lat' dir='ltr'><strong>ac-</strong></span> 
     </span>
     <span class='ocr_line' id='line_1_15' title="bbox 247 1077 1710 1131; baseline -0.001 -14"><span class='ocrx_word' id='word_1_123' title='bbox 247 1087 441 1131; x_wconf 87' lang='lat' dir='ltr'><strong>cepturos.</strong></span> <span class='ocrx_word' id='word_1_124' title='bbox 500 1081 578 1119; x_wconf 89' lang='lat' dir='ltr'><strong>Eos</strong></span> <span class='ocrx_word' id='word_1_125' title='bbox 610 1081 726 1131; x_wconf 76' lang='lat' dir='ltr'><strong>igitur</strong></span> <span class='ocrx_word' id='word_1_126' title='bbox 745 1081 783 1118; x_wconf 92' lang='lat' dir='ltr'><strong>in</strong></span> <span class='ocrx_word' id='word_1_127' title='bbox 814 1088 898 1119; x_wconf 93' lang='lat' dir='ltr'><strong>tuto</strong></span> <span class='ocrx_word' id='word_1_128' title='bbox 925 1081 1018 1127; x_wconf 86' lang='lat' dir='ltr'><strong>fore,</strong></span> <span class='ocrx_word' id='word_1_129' title='bbox 1038 1082 1103 1131; x_wconf 91' lang='lat' dir='ltr'><strong>qui</strong></span> <span class='ocrx_word' id='word_1_130' title='bbox 1122 1094 1162 1118; x_wconf 90' lang='lat' dir='ltr'><strong>se</strong></span> <span class='ocrx_word' id='word_1_131' title='bbox 1182 1080 1356 1131; x_wconf 80' lang='lat' dir='ltr'><strong>privatim</strong></span> <span class='ocrx_word' id='word_1_132' title='bbox 1377 1079 1657 1123; x_wconf 85' lang='lat' dir='ltr'><strong>vendidissent,</strong></span> <span class='ocrx_word' id='word_1_133' title='bbox 1678 1077 1710 1115; x_wconf 82' lang='lat' dir='ltr'><strong>si</strong></span> 
     </span>
     <span class='ocr_line' id='line_1_16' title="bbox 248 1139 1709 1192; baseline -0.001 -14"><span class='ocrx_word' id='word_1_134' title='bbox 248 1141 309 1178; x_wconf 90' lang='lat' dir='ltr'><strong>vel</strong></span> <span class='ocrx_word' id='word_1_135' title='bbox 336 1142 534 1179; x_wconf 90' lang='lat' dir='ltr'><strong>minimum</strong></span> <span class='ocrx_word' id='word_1_136' title='bbox 556 1143 808 1180; x_wconf 89' lang='lat' dir='ltr'><strong>communiter</strong></span> <span class='ocrx_word' id='word_1_137' title='bbox 837 1143 938 1180; x_wconf 83' lang='lat' dir='ltr'><strong>datae</strong></span> <span class='ocrx_word' id='word_1_138' title='bbox 957 1142 1131 1192; x_wconf 84' lang='lat' dir='ltr'><strong>pecuniae</strong></span> <span class='ocrx_word' id='word_1_139' title='bbox 1153 1142 1451 1192; x_wconf 84' lang='lat' dir='ltr'><strong>accepissemus.</strong></span> <span class='ocrx_word' id='word_1_140' title='bbox 1509 1140 1566 1177; x_wconf 90' lang='lat' dir='ltr'><strong>Eo</strong></span> <span class='ocrx_word' id='word_1_141' title='bbox 1587 1139 1709 1176; x_wconf 87' lang='lat' dir='ltr'><strong>daba-</strong></span> 
     </span>
     <span class='ocr_line' id='line_1_17' title="bbox 248 1203 1707 1255; baseline -0.001 -15"><span class='ocrx_word' id='word_1_142' title='bbox 248 1211 333 1241; x_wconf 82' lang='lat' dir='ltr'><strong>tur:</strong></span> <span class='ocrx_word' id='word_1_143' title='bbox 363 1204 570 1255; x_wconf 85' lang='lat' dir='ltr'><strong>hospitalia</strong></span> <span class='ocrx_word' id='word_1_144' title='bbox 589 1212 720 1242; x_wconf 88' lang='lat' dir='ltr'><strong>autem</strong></span> <span class='ocrx_word' id='word_1_145' title='bbox 739 1218 901 1242; x_wconf 90' lang='lat' dir='ltr'><strong>munera</strong></span> <span class='ocrx_word' id='word_1_146' title='bbox 927 1205 1252 1254; x_wconf 82' lang='lat' dir='ltr'><strong>praetexebantur.</strong></span> <span class='ocrx_word' id='word_1_147' title='bbox 1311 1203 1363 1241; x_wconf 91' lang='lat' dir='ltr'><strong>Ut</strong></span> <span class='ocrx_word' id='word_1_148' title='bbox 1382 1211 1507 1241; x_wconf 86' lang='lat' dir='ltr'><strong>autem</strong></span> <span class='ocrx_word' id='word_1_149' title='bbox 1528 1215 1602 1252; x_wconf 87' lang='lat' dir='ltr'><strong>ego</strong></span> <span class='ocrx_word' id='word_1_150' title='bbox 1620 1213 1707 1251; x_wconf 91' lang='lat' dir='ltr'><strong>pro-</strong></span> 
     </span>
     <span class='ocr_line' id='line_1_18' title="bbox 248 1263 1708 1315; baseline -0.001 -15"><span class='ocrx_word' id='word_1_151' title='bbox 248 1263 368 1309; x_wconf 90' lang='lat' dir='ltr'><strong>hibui,</strong></span> <span class='ocrx_word' id='word_1_152' title='bbox 381 1278 511 1302; x_wconf 90' lang='lat' dir='ltr'><strong>rursus</strong></span> <span class='ocrx_word' id='word_1_153' title='bbox 533 1264 595 1302; x_wconf 85' lang='lat' dir='ltr'><strong>isti</strong></span> <span class='ocrx_word' id='word_1_154' title='bbox 616 1265 664 1302; x_wconf 89' lang='lat' dir='ltr'><strong>de</strong></span> <span class='ocrx_word' id='word_1_155' title='bbox 685 1266 836 1315; x_wconf 81' lang='lat' dir='ltr'><strong>integro</strong></span> <span class='ocrx_word' id='word_1_156' title='bbox 856 1265 955 1302; x_wconf 89' lang='lat' dir='ltr'><strong>inter</strong></span> <span class='ocrx_word' id='word_1_157' title='bbox 969 1278 1009 1302; x_wconf 89' lang='lat' dir='ltr'><strong>se</strong></span> <span class='ocrx_word' id='word_1_158' title='bbox 1027 1264 1155 1315; x_wconf 89' lang='lat' dir='ltr'><strong>partiti</strong></span> <span class='ocrx_word' id='word_1_159' title='bbox 1176 1272 1278 1302; x_wconf 90' lang='lat' dir='ltr'><strong>sunt.</strong></span> <span class='ocrx_word' id='word_1_160' title='bbox 1311 1264 1410 1302; x_wconf 89' lang='lat' dir='ltr'><strong>Cum</strong></span> <span class='ocrx_word' id='word_1_161' title='bbox 1426 1276 1515 1301; x_wconf 79' lang='lat' dir='ltr'><strong>vero</strong></span> <span class='ocrx_word' id='word_1_162' title='bbox 1535 1269 1708 1313; x_wconf 86' lang='lat' dir='ltr'><strong>peterem</strong></span> 
     </span>
     <span class='ocr_line' id='line_1_19' title="bbox 249 1324 1705 1377; baseline -0.001 -16"><span class='ocrx_word' id='word_1_163' title='bbox 249 1337 271 1361; x_wconf 91' lang='lat' dir='ltr'><strong>a</strong></span> <span class='ocrx_word' id='word_1_164' title='bbox 291 1324 470 1376; x_wconf 89' lang='lat' dir='ltr'><strong>Philippo</strong></span> <span class='ocrx_word' id='word_1_165' title='bbox 490 1333 532 1362; x_wconf 87' lang='lat' dir='ltr'><strong>ut</strong></span> <span class='ocrx_word' id='word_1_166' title='bbox 558 1338 642 1363; x_wconf 92' lang='lat' dir='ltr'><strong>eam</strong></span> <span class='ocrx_word' id='word_1_167' title='bbox 662 1327 868 1376; x_wconf 91' lang='lat' dir='ltr'><strong>pecuniam</strong></span> <span class='ocrx_word' id='word_1_168' title='bbox 893 1326 932 1363; x_wconf 91' lang='lat' dir='ltr'><strong>in</strong></span> <span class='ocrx_word' id='word_1_169' title='bbox 952 1327 1122 1376; x_wconf 85' lang='lat' dir='ltr'><strong>captivos</strong></span> <span class='ocrx_word' id='word_1_170' title='bbox 1144 1326 1396 1377; x_wconf 88' lang='lat' dir='ltr'><strong>impenderet,</strong></span> <span class='ocrx_word' id='word_1_171' title='bbox 1417 1338 1541 1375; x_wconf 90' lang='lat' dir='ltr'><strong>neque</strong></span> <span class='ocrx_word' id='word_1_172' title='bbox 1564 1336 1705 1375; x_wconf 88' lang='lat' dir='ltr'><strong>oppor—</strong></span> 
     </span>
     <span class='ocr_line' id='line_1_20' title="bbox 249 1385 1709 1438; baseline -0.001 -16"><span class='ocrx_word' id='word_1_173' title='bbox 249 1393 386 1423; x_wconf 89' lang='lat' dir='ltr'><strong>tunum</strong></span> <span class='ocrx_word' id='word_1_174' title='bbox 404 1386 458 1423; x_wconf 90' lang='lat' dir='ltr'><strong>illi</strong></span> <span class='ocrx_word' id='word_1_175' title='bbox 476 1387 548 1424; x_wconf 87' lang='lat' dir='ltr'><strong>fuit</strong></span> <span class='ocrx_word' id='word_1_176' title='bbox 568 1388 660 1425; x_wconf 91' lang='lat' dir='ltr'><strong>istos</strong></span> <span class='ocrx_word' id='word_1_177' title='bbox 680 1387 856 1438; x_wconf 86' lang='lat' dir='ltr'><strong>prodere,</strong></span> <span class='ocrx_word' id='word_1_178' title='bbox 877 1394 943 1425; x_wconf 90' lang='lat' dir='ltr'><strong>aut</strong></span> <span class='ocrx_word' id='word_1_179' title='bbox 963 1387 1091 1425; x_wconf 84' lang='lat' dir='ltr'><strong>dicere</strong></span> <span class='ocrx_word' id='word_1_180' title='bbox 1112 1387 1234 1431; x_wconf 90' lang='lat' dir='ltr'><strong>illum,</strong></span> <span class='ocrx_word' id='word_1_181' title='bbox 1260 1387 1321 1424; x_wconf 87' lang='lat' dir='ltr'><strong>vel</strong></span> <span class='ocrx_word' id='word_1_182' title='bbox 1356 1387 1462 1424; x_wconf 90' lang='lat' dir='ltr'><strong>illum</strong></span> <span class='ocrx_word' id='word_1_183' title='bbox 1495 1385 1709 1436; x_wconf 83' lang='lat' dir='ltr'><strong>accepisse,</strong></span> 
     </span>
     <span class='ocr_line' id='line_1_21' title="bbox 248 1440 1709 1499; baseline -0.001 -15"><span class='ocrx_word' id='word_1_184' title='bbox 248 1460 372 1498; x_wconf 91' lang='lat' dir='ltr'><strong>neque</strong></span> <span class='ocrx_word' id='word_1_185' title='bbox 391 1448 603 1498; x_wconf 85' lang='lat' dir='ltr'><strong>impensam</strong></span> <span class='ocrx_word' id='word_1_186' title='bbox 618 1449 765 1499; x_wconf 82' lang='lat' dir='ltr'><strong>fugere.</strong></span> <span class='ocrx_word' id='word_1_187' title='bbox 799 1449 996 1486; x_wconf 86' lang='lat' dir='ltr'><strong>Assensus</strong></span> <span class='ocrx_word' id='word_1_188' title='bbox 1016 1455 1074 1485; x_wconf 77' lang='lat' dir='ltr'><strong>est</strong></span> <span class='ocrx_word' id='word_1_189' title='bbox 1088 1448 1217 1499; x_wconf 85' lang='lat' dir='ltr'><strong>igitur,</strong></span> <span class='ocrx_word' id='word_1_190' title='bbox 1233 1449 1301 1486; x_wconf 89' lang='lat' dir='ltr'><strong>sed</strong></span> <span class='ocrx_word' id='word_1_191' title='bbox 1324 1448 1449 1491; x_wconf 87' lang='lat' dir='ltr'><strong>elusit,</strong></span> <span class='ocrx_word' id='word_1_192' title='bbox 1471 1460 1512 1485; x_wconf 91' lang='lat' dir='ltr'><strong>se</strong></span> <span class='ocrx_word' id='word_1_193' title='bbox 1533 1447 1582 1484; x_wconf 89' lang='lat' dir='ltr'><strong>ad</strong></span> <span class='ocrx_word' id='word_1_194' title='bbox 1604 1440 1709 1483; x_wconf 56' lang='lat' dir='ltr'><strong>Pan&#39;·</strong></span> 
     </span>
     <span class='ocr_line' id='line_1_22' title="bbox 253 1507 1710 1560; baseline -0.001 -14"><span class='ocrx_word' id='word_1_195' title='bbox 253 1508 431 1546; x_wconf 87' lang='lat' dir='ltr'><strong>athenaea</strong></span> <span class='ocrx_word' id='word_1_196' title='bbox 459 1508 545 1546; x_wconf 91' lang='lat' dir='ltr'><strong>illos</strong></span> <span class='ocrx_word' id='word_1_197' title='bbox 580 1510 809 1546; x_wconf 89' lang='lat' dir='ltr'><strong>amissurum</strong></span> <span class='ocrx_word' id='word_1_198' title='bbox 840 1509 1049 1559; x_wconf 85' lang='lat' dir='ltr'><strong>pollicitus.</strong></span> <span class='ocrx_word' id='word_1_199' title='bbox 1111 1509 1249 1547; x_wconf 89' lang='lat' dir='ltr'><strong>Recita</strong></span> <span class='ocrx_word' id='word_1_200' title='bbox 1292 1509 1407 1560; x_wconf 82' lang='lat' dir='ltr'><strong>igitur</strong></span> <span class='ocrx_word' id='word_1_201' title='bbox 1448 1507 1710 1546; x_wconf 86' lang='lat' dir='ltr'><strong>testimonium</strong></span> 
     </span>
     <span class='ocr_line' id='line_1_23' title="bbox 252 1569 1211 1620; baseline 0.001 -14"><span class='ocrx_word' id='word_1_202' title='bbox 252 1569 554 1620; x_wconf 88' lang='lat' dir='ltr'><strong>Apollophanis,</strong></span> <span class='ocrx_word' id='word_1_203' title='bbox 576 1570 714 1608; x_wconf 89' lang='lat' dir='ltr'><strong>deinde</strong></span> <span class='ocrx_word' id='word_1_204' title='bbox 734 1569 894 1608; x_wconf 87' lang='lat' dir='ltr'><strong>aliorum</strong></span> <span class='ocrx_word' id='word_1_205' title='bbox 914 1570 979 1620; x_wconf 91' lang='lat' dir='ltr'><strong>qui</strong></span> <span class='ocrx_word' id='word_1_206' title='bbox 996 1570 1211 1607; x_wconf 85' lang='lat' dir='ltr'><strong>adfuerunt.</strong></span> 
     </span>
    </p>
   </div>
   <div class='ocr_carea' id='block_1_3' title="bbox 764 1705 1169 1743">
    <p class='ocr_par' dir='ltr' id='par_1_4' title="bbox 764 1705 1169 1743">
     <span class='ocr_line' id='line_1_24' title="bbox 764 1705 1169 1743; baseline 0.002 -1"><span class='ocrx_word' id='word_1_207' title='bbox 764 1705 1169 1743; x_wconf 85' lang='lat' dir='ltr'><strong>TESTIMONIUM.</strong></span> 
     </span>
    </p>
   </div>
   <div class='ocr_carea' id='block_1_4' title="bbox 250 1799 1713 2578">
    <p class='ocr_par' dir='ltr' id='par_1_5' title="bbox 250 1799 1713 2578">
     <span class='ocr_line' id='line_1_25' title="bbox 305 1799 1706 1851; baseline 0.002 -15"><span class='ocrx_word' id='word_1_208' title='bbox 305 1800 370 1837; x_wconf 89' lang='lat'><strong>50.</strong></span> <span class='ocrx_word' id='word_1_209' title='bbox 400 1799 498 1850; x_wconf 84' lang='lat' dir='ltr'><strong>Age,</strong></span> <span class='ocrx_word' id='word_1_210' title='bbox 517 1799 627 1837; x_wconf 89' lang='lat' dir='ltr'><strong>vobis</strong></span> <span class='ocrx_word' id='word_1_211' title='bbox 655 1812 846 1850; x_wconf 86' lang='lat' dir='ltr'><strong>exponam</strong></span> <span class='ocrx_word' id='word_1_212' title='bbox 877 1800 1005 1846; x_wconf 84' lang='lat' dir='ltr'><strong>etiam,</strong></span> <span class='ocrx_word' id='word_1_213' title='bbox 1035 1807 1131 1850; x_wconf 90' lang='lat' dir='ltr'><strong>quot</strong></span> <span class='ocrx_word' id='word_1_214' title='bbox 1161 1800 1244 1851; x_wconf 89' lang='lat' dir='ltr'><strong>ipse</strong></span> <span class='ocrx_word' id='word_1_215' title='bbox 1275 1800 1446 1850; x_wconf 83' lang='lat' dir='ltr'><strong>captivos</strong></span> <span class='ocrx_word' id='word_1_216' title='bbox 1461 1799 1706 1839; x_wconf 84' lang='lat' dir='ltr'><strong>redemerim.</strong></span> 
     </span>
     <span class='ocr_line' id='line_1_26' title="bbox 252 1860 1711 1912; baseline 0.002 -15"><span class='ocrx_word' id='word_1_217' title='bbox 252 1861 359 1898; x_wconf 89' lang='lat' dir='ltr'><strong>Dum</strong></span> <span class='ocrx_word' id='word_1_218' title='bbox 379 1860 480 1898; x_wconf 88' lang='lat' dir='ltr'><strong>enim</strong></span> <span class='ocrx_word' id='word_1_219' title='bbox 501 1867 588 1898; x_wconf 87' lang='lat' dir='ltr'><strong>ante</strong></span> <span class='ocrx_word' id='word_1_220' title='bbox 607 1861 773 1899; x_wconf 87' lang='lat' dir='ltr'><strong>reditum</strong></span> <span class='ocrx_word' id='word_1_221' title='bbox 806 1861 974 1912; x_wconf 89' lang='lat' dir='ltr'><strong>Philippi</strong></span> <span class='ocrx_word' id='word_1_222' title='bbox 1010 1861 1131 1899; x_wconf 88' lang='lat' dir='ltr'><strong>Pellae</strong></span> <span class='ocrx_word' id='word_1_223' title='bbox 1164 1863 1506 1908; x_wconf 84' lang='lat' dir='ltr'><strong>commorabamur,</strong></span> <span class='ocrx_word' id='word_1_224' title='bbox 1534 1863 1711 1900; x_wconf 87' lang='lat' dir='ltr'><strong>nonnulli</strong></span> 
     </span>
     <span class='ocr_line' id='line_1_27' title="bbox 253 1921 1713 1975; baseline 0.001 -15"><span class='ocrx_word' id='word_1_225' title='bbox 253 1921 503 1972; x_wconf 89' lang='lat' dir='ltr'><strong>captivorum,</strong></span> <span class='ocrx_word' id='word_1_226' title='bbox 523 1922 588 1973; x_wconf 91' lang='lat' dir='ltr'><strong>qui</strong></span> <span class='ocrx_word' id='word_1_227' title='bbox 607 1922 724 1960; x_wconf 90' lang='lat' dir='ltr'><strong>vades</strong></span> <span class='ocrx_word' id='word_1_228' title='bbox 747 1921 948 1967; x_wconf 87' lang='lat' dir='ltr'><strong>dederant,</strong></span> <span class='ocrx_word' id='word_1_229' title='bbox 969 1922 1201 1969; x_wconf 90' lang='lat' dir='ltr'><strong>diffidentes,</strong></span> <span class='ocrx_word' id='word_1_230' title='bbox 1218 1930 1261 1961; x_wconf 92' lang='lat' dir='ltr'><strong>ut</strong></span> <span class='ocrx_word' id='word_1_231' title='bbox 1279 1923 1370 1960; x_wconf 89' lang='lat' dir='ltr'><strong>mihi</strong></span> <span class='ocrx_word' id='word_1_232' title='bbox 1384 1922 1546 1969; x_wconf 76' lang='lat' dir='ltr'><strong>videtur,</strong></span> <span class='ocrx_word' id='word_1_233' title='bbox 1568 1936 1608 1961; x_wconf 90' lang='lat' dir='ltr'><strong>se</strong></span> <span class='ocrx_word' id='word_1_234' title='bbox 1622 1929 1713 1975; x_wconf 86' lang='lat' dir='ltr'><strong>post</strong></span> 
     </span>
     <span class='ocr_line' id='line_1_28' title="bbox 252 1982 1710 2034; baseline 0.002 -15"><span class='ocrx_word' id='word_1_235' title='bbox 252 1995 276 2019; x_wconf 93' lang='lat' dir='ltr'><strong>a</strong></span> <span class='ocrx_word' id='word_1_236' title='bbox 293 1982 470 2034; x_wconf 91' lang='lat' dir='ltr'><strong>Philippo</strong></span> <span class='ocrx_word' id='word_1_237' title='bbox 491 1983 530 2020; x_wconf 88' lang='lat' dir='ltr'><strong>id</strong></span> <span class='ocrx_word' id='word_1_238' title='bbox 550 1983 832 2034; x_wconf 85' lang='lat' dir='ltr'><strong>impetraturos,</strong></span> <span class='ocrx_word' id='word_1_239' title='bbox 864 1983 1055 2029; x_wconf 87' lang='lat' dir='ltr'><strong>dixerunt,</strong></span> <span class='ocrx_word' id='word_1_240' title='bbox 1087 1997 1127 2021; x_wconf 90' lang='lat' dir='ltr'><strong>se</strong></span> <span class='ocrx_word' id='word_1_241' title='bbox 1147 1984 1245 2022; x_wconf 84' lang='lat' dir='ltr'><strong>velle</strong></span> <span class='ocrx_word' id='word_1_242' title='bbox 1264 1985 1488 2034; x_wconf 86' lang='lat' dir='ltr'><strong>semetipsos</strong></span> <span class='ocrx_word' id='word_1_243' title='bbox 1509 1984 1710 2031; x_wconf 90' lang='lat' dir='ltr'><strong>redimere,</strong></span> 
     </span>
     <span class='ocr_line' id='line_1_29' title="bbox 251 2036 1711 2097; baseline 0.001 -15"><span class='ocrx_word' id='word_1_244' title='bbox 251 2057 378 2094; x_wconf 89' lang='lat' dir='ltr'><strong>neque</strong></span> <span class='ocrx_word' id='word_1_245' title='bbox 404 2043 445 2080; x_wconf 91' lang='lat' dir='ltr'><strong>id</strong></span> <span class='ocrx_word' id='word_1_246' title='bbox 470 2045 699 2082; x_wconf 90' lang='lat' dir='ltr'><strong>beneficium</strong></span> <span class='ocrx_word' id='word_1_247' title='bbox 719 2036 923 2094; x_wconf 81' lang='lat' dir='ltr'><strong>acceptum</strong></span> <span class='ocrx_word' id='word_1_248' title='bbox 943 2045 1121 2097; x_wconf 92' lang='lat' dir='ltr'><strong>Philippo</strong></span> <span class='ocrx_word' id='word_1_249' title='bbox 1140 2045 1353 2088; x_wconf 89' lang='lat' dir='ltr'><strong>relaturos;</strong></span> <span class='ocrx_word' id='word_1_250' title='bbox 1384 2052 1423 2082; x_wconf 92' lang='lat' dir='ltr'><strong>et</strong></span> <span class='ocrx_word' id='word_1_251' title='bbox 1441 2052 1577 2083; x_wconf 88' lang='lat' dir='ltr'><strong>mutuo</strong></span> <span class='ocrx_word' id='word_1_252' title='bbox 1607 2058 1711 2083; x_wconf 89' lang='lat' dir='ltr'><strong>sum-</strong></span> 
     </span>
     <span class='ocr_line' id='line_1_30' title="bbox 253 2105 1712 2158; baseline 0.001 -15"><span class='ocrx_word' id='word_1_253' title='bbox 253 2112 428 2156; x_wconf 85' lang='lat' dir='ltr'><strong>pserunt,</strong></span> <span class='ocrx_word' id='word_1_254' title='bbox 449 2105 545 2143; x_wconf 85' lang='lat' dir='ltr'><strong>alius</strong></span> <span class='ocrx_word' id='word_1_255' title='bbox 575 2112 651 2143; x_wconf 85' lang='lat' dir='ltr'><strong>tres</strong></span> <span class='ocrx_word' id='word_1_256' title='bbox 678 2106 814 2151; x_wconf 89' lang='lat' dir='ltr'><strong>minas,</strong></span> <span class='ocrx_word' id='word_1_257' title='bbox 839 2105 936 2144; x_wconf 86' lang='lat' dir='ltr'><strong>alius</strong></span> <span class='ocrx_word' id='word_1_258' title='bbox 960 2107 1144 2157; x_wconf 89' lang='lat' dir='ltr'><strong>quinque,</strong></span> <span class='ocrx_word' id='word_1_259' title='bbox 1167 2107 1263 2144; x_wconf 88' lang='lat' dir='ltr'><strong>alius</strong></span> <span class='ocrx_word' id='word_1_260' title='bbox 1283 2114 1396 2158; x_wconf 89' lang='lat' dir='ltr'><strong>prout</strong></span> <span class='ocrx_word' id='word_1_261' title='bbox 1414 2107 1549 2157; x_wconf 91' lang='lat' dir='ltr'><strong>cuique</strong></span> <span class='ocrx_word' id='word_1_262' title='bbox 1576 2107 1712 2145; x_wconf 87' lang='lat' dir='ltr'><strong>condi-</strong></span> 
     </span>
     <span class='ocr_line' id='line_1_31' title="bbox 250 2165 1709 2219; baseline 0.001 -15"><span class='ocrx_word' id='word_1_263' title='bbox 250 2167 373 2204; x_wconf 89' lang='lat' dir='ltr'><strong>tiones</strong></span> <span class='ocrx_word' id='word_1_264' title='bbox 403 2173 511 2204; x_wconf 83' lang='lat' dir='ltr'><strong>erant</strong></span> <span class='ocrx_word' id='word_1_265' title='bbox 531 2167 752 2218; x_wconf 88' lang='lat' dir='ltr'><strong>propositae.</strong></span> <span class='ocrx_word' id='word_1_266' title='bbox 808 2165 1016 2217; x_wconf 90' lang='lat' dir='ltr'><strong>Postquam</strong></span> <span class='ocrx_word' id='word_1_267' title='bbox 1037 2174 1165 2205; x_wconf 91' lang='lat' dir='ltr'><strong>autem</strong></span> <span class='ocrx_word' id='word_1_268' title='bbox 1186 2167 1386 2219; x_wconf 91' lang='lat' dir='ltr'><strong>Philippus</strong></span> <span class='ocrx_word' id='word_1_269' title='bbox 1412 2167 1606 2218; x_wconf 87' lang='lat' dir='ltr'><strong>pollicitus</strong></span> <span class='ocrx_word' id='word_1_270' title='bbox 1625 2167 1709 2214; x_wconf 86' lang='lat' dir='ltr'><strong>fuit,</strong></span> 
     </span>
     <span class='ocr_line' id='line_1_32' title="bbox 253 2227 1708 2279; baseline 0 -13"><span class='ocrx_word' id='word_1_271' title='bbox 253 2241 295 2266; x_wconf 90' lang='lat' dir='ltr'><strong>se</strong></span> <span class='ocrx_word' id='word_1_272' title='bbox 329 2234 476 2266; x_wconf 87' lang='lat' dir='ltr'><strong>ceteros</strong></span> <span class='ocrx_word' id='word_1_273' title='bbox 507 2228 646 2266; x_wconf 89' lang='lat' dir='ltr'><strong>missos</strong></span> <span class='ocrx_word' id='word_1_274' title='bbox 673 2227 879 2278; x_wconf 85' lang='lat' dir='ltr'><strong>facturum,</strong></span> <span class='ocrx_word' id='word_1_275' title='bbox 913 2241 987 2279; x_wconf 86' lang='lat' dir='ltr'><strong>ego</strong></span> <span class='ocrx_word' id='word_1_276' title='bbox 1020 2230 1244 2267; x_wconf 88' lang='lat' dir='ltr'><strong>convocatis</strong></span> <span class='ocrx_word' id='word_1_277' title='bbox 1276 2229 1334 2273; x_wconf 91' lang='lat' dir='ltr'><strong>iis,</strong></span> <span class='ocrx_word' id='word_1_278' title='bbox 1369 2229 1508 2279; x_wconf 89' lang='lat' dir='ltr'><strong>quibus</strong></span> <span class='ocrx_word' id='word_1_279' title='bbox 1534 2234 1708 2266; x_wconf 88' lang='lat' dir='ltr'><strong>mutuam</strong></span> 
     </span>
     <span class='ocr_line' id='line_1_33' title="bbox 252 2288 1709 2340; baseline -0.001 -14"><span class='ocrx_word' id='word_1_280' title='bbox 252 2289 458 2340; x_wconf 87' lang='lat' dir='ltr'><strong>pecuniam</strong></span> <span class='ocrx_word' id='word_1_281' title='bbox 490 2289 572 2340; x_wconf 90' lang='lat' dir='ltr'><strong>ipse</strong></span> <span class='ocrx_word' id='word_1_282' title='bbox 605 2288 802 2334; x_wconf 88' lang='lat' dir='ltr'><strong>dederam,</strong></span> <span class='ocrx_word' id='word_1_283' title='bbox 825 2296 865 2326; x_wconf 90' lang='lat' dir='ltr'><strong>et</strong></span> <span class='ocrx_word' id='word_1_284' title='bbox 897 2296 1069 2328; x_wconf 84' lang='lat' dir='ltr'><strong>aetorum</strong></span> <span class='ocrx_word' id='word_1_285' title='bbox 1089 2289 1403 2329; x_wconf 83' lang='lat' dir='ltr'><strong>commonefactis</strong></span> <span class='ocrx_word' id='word_1_286' title='bbox 1425 2292 1488 2335; x_wconf 91' lang='lat' dir='ltr'><strong>(ne</strong></span> <span class='ocrx_word' id='word_1_287' title='bbox 1509 2301 1617 2326; x_wconf 91' lang='lat' dir='ltr'><strong>suam</strong></span> <span class='ocrx_word' id='word_1_288' title='bbox 1637 2289 1709 2327; x_wconf 88' lang='lat' dir='ltr'><strong>sibi</strong></span> 
     </span>
     <span class='ocr_line' id='line_1_34' title="bbox 253 2349 1709 2401; baseline 0 -14"><span class='ocrx_word' id='word_1_289' title='bbox 253 2349 537 2388; x_wconf 81' lang='lat' dir='ltr'><strong>festinationem</strong></span> <span class='ocrx_word' id='word_1_290' title='bbox 556 2350 682 2388; x_wconf 88' lang='lat' dir='ltr'><strong>fraudi</strong></span> <span class='ocrx_word' id='word_1_291' title='bbox 710 2350 830 2392; x_wconf 86' lang='lat' dir='ltr'><strong>fuisse</strong></span> <span class='ocrx_word' id='word_1_292' title='bbox 860 2357 1051 2401; x_wconf 86' lang='lat' dir='ltr'><strong>putarent,</strong></span> <span class='ocrx_word' id='word_1_293' title='bbox 1073 2365 1169 2389; x_wconf 88' lang='lat' dir='ltr'><strong>neve</strong></span> <span class='ocrx_word' id='word_1_294' title='bbox 1204 2351 1283 2388; x_wconf 82' lang='lat' dir='ltr'><strong>suis</strong></span> <span class='ocrx_word' id='word_1_295' title='bbox 1303 2350 1519 2401; x_wconf 88' lang='lat' dir='ltr'><strong>sumptibus</strong></span> <span class='ocrx_word' id='word_1_296' title='bbox 1545 2350 1709 2388; x_wconf 89' lang='lat' dir='ltr'><strong>redime-</strong></span> 
     </span>
     <span class='ocr_line' id='line_1_35' title="bbox 253 2410 1709 2463; baseline 0.002 -17"><span class='ocrx_word' id='word_1_297' title='bbox 253 2416 386 2448; x_wconf 85' lang='lat' dir='ltr'><strong>rentur</strong></span> <span class='ocrx_word' id='word_1_298' title='bbox 405 2416 541 2448; x_wconf 90' lang='lat' dir='ltr'><strong>tenues</strong></span> <span class='ocrx_word' id='word_1_299' title='bbox 561 2411 750 2458; x_wconf 88' lang='lat' dir='ltr'><strong>homines,</strong></span> <span class='ocrx_word' id='word_1_300' title='bbox 773 2425 861 2450; x_wconf 88' lang='lat' dir='ltr'><strong>cum</strong></span> <span class='ocrx_word' id='word_1_301' title='bbox 892 2424 980 2463; x_wconf 89' lang='lat' dir='ltr'><strong>spes</strong></span> <span class='ocrx_word' id='word_1_302' title='bbox 1009 2419 1124 2459; x_wconf 89' lang='lat' dir='ltr'><strong>esset,</strong></span> <span class='ocrx_word' id='word_1_303' title='bbox 1145 2411 1226 2450; x_wconf 89' lang='lat' dir='ltr'><strong>fore</strong></span> <span class='ocrx_word' id='word_1_304' title='bbox 1259 2417 1302 2448; x_wconf 94' lang='lat' dir='ltr'><strong>ut</strong></span> <span class='ocrx_word' id='word_1_305' title='bbox 1329 2412 1446 2449; x_wconf 87' lang='lat' dir='ltr'><strong>ceteri</strong></span> <span class='ocrx_word' id='word_1_306' title='bbox 1479 2423 1502 2449; x_wconf 94' lang='lat' dir='ltr'><strong>a</strong></span> <span class='ocrx_word' id='word_1_307' title='bbox 1527 2410 1709 2463; x_wconf 87' lang='lat' dir='ltr'><strong>Philippo</strong></span> 
     </span>
     <span class='ocr_line' id='line_1_36' title="bbox 254 2470 1708 2524; baseline 0.001 -14"><span class='ocrx_word' id='word_1_308' title='bbox 254 2470 551 2520; x_wconf 83' lang='lat' dir='ltr'><strong>dimitterentur)</strong></span> <span class='ocrx_word' id='word_1_309' title='bbox 583 2472 686 2510; x_wconf 89' lang='lat' dir='ltr'><strong>dono</strong></span> <span class='ocrx_word' id='word_1_310' title='bbox 717 2473 807 2510; x_wconf 91' lang='lat' dir='ltr'><strong>dedi</strong></span> <span class='ocrx_word' id='word_1_311' title='bbox 839 2474 1002 2524; x_wconf 91' lang='lat' dir='ltr'><strong>pretium</strong></span> <span class='ocrx_word' id='word_1_312' title='bbox 1029 2473 1313 2524; x_wconf 62' lang='lat' dir='ltr'><strong>redemptionis</strong></span> <span class='ocrx_word' id='word_1_313' title='bbox 1373 2473 1471 2516; x_wconf 87' lang='lat' dir='ltr'><strong>Quae</strong></span> <span class='ocrx_word' id='word_1_314' title='bbox 1498 2480 1542 2512; x_wconf 91' lang='lat' dir='ltr'><strong>ut</strong></span> <span class='ocrx_word' id='word_1_315' title='bbox 1570 2486 1656 2512; x_wconf 86' lang='lat' dir='ltr'><strong>vere</strong></span> <span class='ocrx_word' id='word_1_316' title='bbox 1683 2485 1708 2511; x_wconf 87' lang='lat' dir='ltr'><strong>a</strong></span> 
     </span>
     <span class='ocr_line' id='line_1_37' title="bbox 256 2531 1146 2578; baseline 0.002 -9"><span class='ocrx_word' id='word_1_317' title='bbox 256 2543 318 2570; x_wconf 88' lang='lat' dir='ltr'><strong>me</strong></span> <span class='ocrx_word' id='word_1_318' title='bbox 337 2531 413 2570; x_wconf 91' lang='lat' dir='ltr'><strong>dici</strong></span> <span class='ocrx_word' id='word_1_319' title='bbox 432 2539 597 2578; x_wconf 88' lang='lat' dir='ltr'><strong>constet,</strong></span> <span class='ocrx_word' id='word_1_320' title='bbox 618 2533 736 2572; x_wconf 89' lang='lat' dir='ltr'><strong>recita</strong></span> <span class='ocrx_word' id='word_1_321' title='bbox 755 2540 794 2571; x_wconf 91' lang='lat' dir='ltr'><strong>et</strong></span> <span class='ocrx_word' id='word_1_322' title='bbox 811 2533 894 2571; x_wconf 89' lang='lat' dir='ltr'><strong>haec</strong></span> <span class='ocrx_word' id='word_1_323' title='bbox 915 2533 1146 2572; x_wconf 90' lang='lat' dir='ltr'><strong>testimonia.</strong></span> 
     </span>
    </p>
   </div>
   <div class='ocr_carea' id='block_1_5' title="bbox 803 2675 1155 2714">
    <p class='ocr_par' dir='ltr' id='par_1_6' title="bbox 803 2675 1155 2714">
     <span class='ocr_line' id='line_1_38' title="bbox 803 2675 1155 2714; baseline -0.006 0"><span class='ocrx_word' id='word_1_324' title='bbox 803 2675 1155 2714; x_wconf 90' lang='lat' dir='ltr'><strong>TESTIMONIA.</strong></span> 
     </span>
    </p>
   </div>
   <div class='ocr_carea' id='block_1_6' title="bbox 255 2774 1710 2887">
    <p class='ocr_par' dir='ltr' id='par_1_7' title="bbox 255 2774 1710 2887">
     <span class='ocr_line' id='line_1_39' title="bbox 311 2774 1706 2828; baseline 0.004 -17"><span class='ocrx_word' id='word_1_325' title='bbox 311 2774 376 2812; x_wconf 88' lang='lat'><strong>51.</strong></span> <span class='ocrx_word' id='word_1_326' title='bbox 406 2775 533 2817; x_wconf 86' lang='lat' dir='ltr'><strong>Quam</strong></span> <span class='ocrx_word' id='word_1_327' title='bbox 551 2775 666 2827; x_wconf 86' lang='lat' dir='ltr'><strong>igitur</strong></span> <span class='ocrx_word' id='word_1_328' title='bbox 691 2777 818 2815; x_wconf 89' lang='lat' dir='ltr'><strong>remisi</strong></span> <span class='ocrx_word' id='word_1_329' title='bbox 836 2779 1054 2828; x_wconf 87' lang='lat' dir='ltr'><strong>pecuniam,</strong></span> <span class='ocrx_word' id='word_1_330' title='bbox 1076 2786 1115 2816; x_wconf 89' lang='lat' dir='ltr'><strong>et</strong></span> <span class='ocrx_word' id='word_1_331' title='bbox 1134 2778 1237 2816; x_wconf 92' lang='lat' dir='ltr'><strong>dono</strong></span> <span class='ocrx_word' id='word_1_332' title='bbox 1256 2777 1347 2815; x_wconf 93' lang='lat' dir='ltr'><strong>dedi</strong></span> <span class='ocrx_word' id='word_1_333' title='bbox 1366 2777 1596 2816; x_wconf 85' lang='lat' dir='ltr'><strong>calamitosis</strong></span> <span class='ocrx_word' id='word_1_334' title='bbox 1615 2779 1706 2816; x_wconf 89' lang='lat' dir='ltr'><strong>civi-</strong></span> 
     </span>
     <span class='ocr_line' id='line_1_40' title="bbox 255 2833 1710 2887; baseline 0.005 -16"><span class='ocrx_word' id='word_1_335' title='bbox 255 2833 341 2882; x_wconf 86' lang='lat' dir='ltr'><strong>bus,</strong></span> <span class='ocrx_word' id='word_1_336' title='bbox 369 2834 453 2874; x_wconf 81' lang='lat' dir='ltr'><strong>liaec</strong></span> <span class='ocrx_word' id='word_1_337' title='bbox 478 2843 550 2876; x_wconf 88' lang='lat' dir='ltr'><strong>est.</strong></span> <span class='ocrx_word' id='word_1_338' title='bbox 606 2837 722 2880; x_wconf 91' lang='lat' dir='ltr'><strong>Quod</strong></span> <span class='ocrx_word' id='word_1_339' title='bbox 741 2839 772 2876; x_wconf 90' lang='lat' dir='ltr'><strong>si</strong></span> <span class='ocrx_word' id='word_1_340' title='bbox 790 2851 879 2878; x_wconf 81' lang='lat' dir='ltr'><strong>mox</strong></span> <span class='ocrx_word' id='word_1_341' title='bbox 900 2839 970 2878; x_wconf 90' lang='lat' dir='ltr'><strong>iste</strong></span> <span class='ocrx_word' id='word_1_342' title='bbox 991 2840 1041 2877; x_wconf 88' lang='lat' dir='ltr'><strong>ad</strong></span> <span class='ocrx_word' id='word_1_343' title='bbox 1059 2853 1128 2878; x_wconf 82' lang='lat' dir='ltr'><strong>vos</strong></span> <span class='ocrx_word' id='word_1_344' title='bbox 1146 2840 1262 2887; x_wconf 89' lang='lat' dir='ltr'><strong>dicet,</strong></span> <span class='ocrx_word' id='word_1_345' title='bbox 1280 2853 1348 2879; x_wconf 88' lang='lat' dir='ltr'><strong>cur</strong></span> <span class='ocrx_word' id='word_1_346' title='bbox 1365 2840 1534 2886; x_wconf 86' lang='lat' dir='ltr'><strong>tandem,</strong></span> <span class='ocrx_word' id='word_1_347' title='bbox 1566 2839 1710 2880; x_wconf 56' lang='lat' dir='ltr'><strong>Demos</strong></span> 
     </span>
    </p>
   </div>
  </div>
 </body>
</html>
