1923 3149
553 163 777 202 CONTRA
811 160 1194 201 TIMOCRATEM.
1529 161 1607 197 423

152 262 350 310 tollantur,
381 270 420 301 et
438 265 595 304 aerarius
624 267 742 305 vades
764 267 844 304 det.
875 268 933 304 Ac
951 265 1017 303 lex
1049 265 1205 315 quidem
1225 269 1343 309 vetat,
1363 274 1411 300 ne
1444 261 1504 300 vel
1536 275 1606 300 no-

157 324 407 362 vemvirorum
440 326 656 378 quisquam,
678 335 818 378 praeter
847 327 933 364 haec
953 326 1162 376 quicquam
1191 325 1397 363 decernat:
1428 325 1500 362 iste
1520 336 1608 361 vero

152 385 319 436 scripsit,
349 388 575 437 praesidibus
595 402 683 426 esse
712 402 886 434 necesse,
914 388 945 426 si
965 388 1050 438 quis
1069 386 1188 423 vades
1218 385 1380 430 dederit,
1407 398 1493 424 eum
1521 397 1609 436 pro-

153 445 310 485 ducere.
358 448 487 498 Atque
509 449 727 500 adscripsit,
745 449 1056 501 quandocunque
1071 447 1155 498 quis
1168 446 1343 485 voluerit.

213 508 272 545 15.
302 508 428 547 Aliam
446 509 572 560 legem
586 510 717 548 recita.

818 633 921 671 LEX
932 661 941 671 .

196 725 321 757 Judicia
343 731 375 756 et
389 727 527 764 arbitria,
543 737 732 767 quaecunque
753 727 892 766 legitima
907 727 1022 757 ratione
1043 727 1121 757 sacta
1141 730 1212 756 sunt
1236 726 1332 756 libera
1350 726 1522 766 republica,
1545 732 1610 757 rata

155 777 313 807 habentor.

155 863 287 914 Negat
310 864 385 903 hoc
404 866 656 911 Timocrates,
676 879 753 905 non
777 865 926 916 utique,
949 866 1085 916 inquit,
1105 865 1149 903 iis
1180 864 1337 915 quidem
1364 865 1428 915 qui
1450 865 1608 904 vinculis

153 932 243 963 sunt
262 925 448 965 damnati.
499 927 649 966 Recita.

825 1038 946 1079 LEX.

198 1131 399 1171 Quaecunque
417 1133 474 1162 sub
495 1132 620 1173 triginta
633 1132 771 1173 tyrannis
787 1138 855 1164 acta
870 1138 951 1169 sunt,
967 1137 1019 1163 aut
1037 1130 1158 1171 judicia
1181 1131 1274 1167 facia,
1296 1131 1362 1162 sive
1378 1131 1521 1171 privatim
1544 1131 1611 1162 sive

156 1182 390 1219 publice‚irrita
406 1188 506 1213 sunto.

155 1263 315 1302 Desine.
352 1265 479 1303 Dicite
498 1265 604 1313 mihi,
623 1267 806 1317 quidnam
827 1279 961 1305 omnes
979 1278 1048 1303 vos
1081 1264 1400 1302 immanissimum
1422 1264 1612 1310 diceretis,

154 1331 222 1363 aut
248 1326 341 1376 quid
369 1328 537 1365 maxime
560 1328 873 1366 detestaremini?
904 1327 1046 1364 Nonne
1072 1326 1126 1372 id,
1157 1339 1205 1362 ne
1228 1325 1315 1362 talis
1334 1338 1461 1363 rerum
1490 1332 1614 1363 status

153 1386 362 1437 ingrueret,
389 1389 513 1438 qualis
543 1389 615 1426 sub
636 1389 791 1439 triginta
820 1387 993 1439 tyrannis
1025 1386 1131 1424 fuit?
1162 1386 1356 1436 Equidem
1383 1387 1437 1422 sic
1466 1387 1614 1436 opinor.

156 1448 255 1487 Haec
274 1450 390 1499 igitur
408 1450 486 1495 lex,
506 1449 560 1496 id,
586 1457 630 1486 ut
651 1450 742 1487 mihi
760 1450 927 1495 videtur,
946 1448 1081 1493 verita,
1103 1447 1224 1485 vetuit
1244 1453 1332 1484 acta
1350 1443 1498 1483 illorum
1516 1454 1613 1484 tem-

152 1523 291 1560 porum
312 1518 397 1548 rata
416 1511 562 1548 haberi.
592 1510 668 1548 Iste
695 1518 839 1557 autem,
861 1523 950 1560 quae
976 1509 1097 1546 libera
1122 1509 1275 1546 civitate
1305 1515 1415 1558 gesta
1438 1514 1541 1554 sunt,
1569 1521 1616 1546 ea

153 1571 328 1622 ejusdem
347 1572 559 1623 iniquitatis
580 1572 829 1618 condemnat,
857 1572 968 1623 cujus
994 1583 1062 1608 vos
1084 1570 1243 1620 triginta
1260 1575 1470 1620 tyrannos;
1501 1583 1614 1620 aeque

154 1639 258 1670 certe
291 1633 395 1671 irrita
419 1633 525 1671 facit.
573 1635 627 1671 At
645 1633 738 1685 quid
771 1633 960 1676 dicemus,
980 1631 1253 1676 Athenienses,
1279 1631 1310 1668 si
1342 1631 1471 1680 legem
1499 1631 1614 1669 istam

153 1693 497 1731 confirmabimus?
528 1693 666 1732 Utrum
680 1694 843 1745 judicia,
864 1707 952 1744 quae
972 1693 1064 1730 dum
1086 1691 1219 1729 civitas
1242 1703 1265 1728 a
1294 1691 1438 1742 populo
1459 1692 1615 1742 regitur,

145 1753 287 1803 juratis
301 1755 497 1805 judicibus
517 1755 773 1806 complentur,
794 1755 929 1793 eadem
951 1753 1116 1805 grassari
1137 1752 1331 1798 violentia,
1353 1766 1440 1803 quae
1458 1754 1529 1790 sub
1548 1753 1616 1790 tri-

156 1816 263 1866 ginta
281 1817 452 1868 tyrannis
473 1817 547 1854 fuit
569 1817 741 1855 usitata?
771 1817 842 1855 Est
860 1829 949 1855 vero
975 1815 1015 1852 id
1033 1813 1265 1852 ferendum?
1294 1814 1357 1850 An
1376 1813 1446 1851 rite
1469 1815 1618 1852 sancita

154 1883 194 1914 et
226 1877 381 1915 decreta
408 1877 524 1916 esse?
554 1878 816 1920 Quamobrem
848 1879 965 1929 igitur
992 1876 1133 1927 legem,
1163 1887 1240 1925 qua
1267 1874 1334 1912 illa
1367 1875 1615 1926 abrogentur,

155 1951 227 1976 nos
256 1939 355 1976 ferre
374 1938 569 1977 dicemus?
599 1938 686 1977 Nisi
704 1939 780 1977 hoc
810 1939 946 1990 aliquis
963 1937 1080 1983 dicat,
1102 1948 1149 1974 ex
1168 1934 1332 1973 insania.
1363 1935 1483 1974 Aliud
1513 1937 1615 1974 enirn

157 1999 232 2038 dici
251 2013 328 2037 non
346 2006 488 2050 potest.

214 2062 277 2099 16.
308 2062 449 2100 Recita
468 2061 582 2100 aliam
601 2061 744 2112 legem.

823 2179 946 2217 LEX.

199 2277 309 2315 Neque
332 2275 471 2315 cuiquam
487 2274 518 2304 in
540 2275 630 2304 unius
650 2274 709 2304 viri
727 2273 853 2313 gratiam
875 2273 976 2312 legem
995 2272 1073 2301 ferre
1094 2271 1198 2300 liceat.
1228 2269 1297 2300 Nisi
1319 2269 1425 2299 eadem
1448 2269 1487 2299 ad
1511 2279 1616 2299 omnes

156 2327 360 2356 Athenienses
375 2325 530 2365 pertinere
550 2325 661 2364 possit,
683 2325 808 2354 decreto
831 2325 912 2353 facto
935 2333 952 2351 a
972 2333 1031 2352 non
1054 2322 1250 2361 paucioribus
1277 2330 1367 2360 quam
1392 2328 1447 2350 sex
1467 2320 1616 2356 millibus,

156 2377 268 2416 quibus
285 2377 317 2406 id
335 2376 433 2406 visum
446 2376 550 2412 fuerit,
563 2376 641 2406 clam
659 2374 906 2405 decernentibus.

157 2459 248 2496 Non
268 2458 437 2496 admittit
456 2459 595 2509 legem,
624 2457 699 2495 nisi
718 2458 856 2495 eadem
879 2457 928 2494 ad
953 2469 1088 2495 omnes
1113 2455 1217 2494 cives
1237 2455 1450 2506 pertineat:
1479 2455 1518 2492 in
1540 2467 1617 2505 quo

156 2527 261 2558 recte
281 2525 322 2557 et
338 2518 570 2570 populariter
600 2519 782 2569 loquitur.
823 2519 878 2555 Ut
906 2518 1008 2556 enim
1036 2518 1271 2567 reliquarum
1298 2529 1424 2554 rerum
1453 2515 1617 2553 civitatis

157 2594 309 2632 aequam
330 2587 476 2630 partem
496 2580 670 2618 omnibus
690 2580 803 2618 tribui
822 2579 916 2625 vult,
938 2579 992 2617 sic
1014 2578 1130 2616 etiam
1149 2579 1293 2629 legum.
1333 2577 1498 2627 Propter
1519 2589 1616 2626 quos

155 2656 247 2680 vero
267 2643 340 2679 iste
360 2641 486 2692 legem
520 2641 621 2678 hanc
653 2641 872 2687 obtruserit,
898 2653 967 2678 vos
989 2653 1066 2678 non
1086 2639 1213 2677 minus
1235 2651 1350 2690 quam
1376 2649 1449 2687 ego
1474 2637 1616 2674 intelli-

158 2704 266 2756 gitis;
298 2709 349 2748 et,
366 2709 407 2739 ut
425 2702 501 2739 hoc
521 2702 708 2748 omittam,
728 2703 809 2753 ipse
830 2703 1031 2740 confessus
1051 2708 1124 2748 est,
1143 2714 1185 2739 se
1210 2713 1287 2738 non
1308 2704 1463 2750 propter
1483 2709 1615 2734 omnes

156 2765 284 2815 legem
304 2763 470 2801 eandem
489 2762 639 2808 tulisse,
666 2776 755 2801 cum
783 2763 1045 2814 adscripserit,
1076 2763 1163 2813 lege
1191 2762 1266 2799 hac
1295 2758 1484 2796 utendum
1512 2770 1614 2803 esse,

157 2824 387 2876 publicanis,
412 2831 452 2862 et
478 2823 736 2875 mancipibus,
765 2830 804 2862 et
829 2824 966 2863 talium
994 2837 1119 2862 rerum
1151 2820 1399 2873 sponsoribus
1429 2819 1615 2870 exceptis.

158 2886 275 2930 Quod
295 2886 325 2925 si
338 2886 402 2937 qui
420 2891 513 2925 sunt
536 2897 634 2935 quos
652 2897 850 2937 segregas,
869 2898 947 2924 non
959 2885 1042 2937 jam
1062 2883 1226 2923 eandem
1244 2882 1372 2932 legem
1392 2879 1515 2918 tulisti
1533 2892 1615 2918 om-
