1923 3149
240 153 317 190 452
470 153 475 157 '
573 148 812 188 ‘CONTRA
844 149 1304 189 ARlSTOGlTONEM
1336 151 1365 187 Ρ.

241 252 404 302 gradiar.
466 249 540 290 Per
559 249 652 291 deos
674 259 802 290 autem
825 265 890 290 oro
909 264 991 297 VOS,
1012 252 1116 298 date,
1136 252 1405 296 Athenienses,
1425 259 1463 289 et
1481 253 1682 290 concedite

240 313 345 358 mihi,
371 313 426 350 ita
448 319 492 350 ut
510 320 649 353 natura
673 326 760 352 mea
786 313 871 359 fert,
892 321 1009 363 utque
1033 313 1226 363 proposui,
1261 313 1308 350 de
1336 312 1394 349 his
1421 313 1534 350 rebus
1564 313 1681 351 disse-

240 373 348 410 rendi
367 373 604 413 facultatem.
647 374 802 412 Etenim
821 373 925 411 haud
946 374 1054 410 aliter
1067 373 1225 423 possim.

293 437 331 471 5.
363 434 554 473 Universa
581 436 658 473 vita
675 435 905 479 mortalium,
936 434 1205 478 Athenienses,
1235 433 1314 471 sive
1342 445 1522 482 magnam
1551 434 1683 470 urbem

240 495 425 546 incolant,
446 497 524 534 sive
539 509 707 547 parvam,
725 503 862 534 natura
881 502 918 533 et
937 495 1086 544 legibus
1102 494 1256 544 regitur.
1293 495 1353 530 Ac
1371 500 1509 530 natura
1529 492 1683 544 quidem

240 556 402 594 confusa
430 563 470 594 et
488 557 683 607 inaequalis
712 563 784 602 est,
812 563 851 594 et
879 568 901 593 a
920 554 1102 606 peculiari
1130 556 1318 604 cujusque
1346 553 1491 604 pendet
1518 552 1687 602 ingenio,

240 615 347 666 leges
362 624 491 656 autem
509 629 732 655 communes
751 624 792 654 et
803 616 989 653 ordinatae
1009 622 1111 661 sunt,
1127 622 1166 653 et
1183 614 1330 652 eaedem
1342 612 1541 650 universis.
1571 612 1687 656 Quod

241 677 274 714 si
288 690 407 728 prava
421 684 557 715 natura
570 677 698 723 fuerit,
718 689 822 727 saepe
842 676 944 714 mala
962 675 1125 714 consilia
1141 674 1295 713 m'olitur
1313 677 1445 725 (quare
1461 673 1558 711 tales
1573 673 1686 711 facile

241 738 279 775 in
299 738 440 775 delicta
458 750 566 775 ruere
584 737 720 788 liquet)
737 738 844 788 leges
864 744 993 775 autem
1012 749 1139 787 aequa,
1163 736 1343 780 honesta,
1365 734 1472 772 utilia
1491 739 1687 784 spectant,

241 804 282 836 et
300 797 351 836 ad
368 797 436 836 illa
461 798 702 842 referuntur;
740 811 826 850 quae
851 796 1006 835 inventa
1035 797 1066 835 si
1094 796 1246 841 fuerint,
1267 808 1469 834 commune
1487 794 1568 844 jam
1597 794 1686 832 inde

241 858 466 896 mandatum
487 858 664 896 omnibus
683 859 922 910 proponitur,
941 850 1009 909 p‘ar
1033 864 1073 895 et
1091 856 1293 907 aequabile.
1322 857 1449 905 Atque
1468 868 1515 892 ea
1532 854 1593 892 lex
1613 861 1688 900 est,

241 919 303 956 cui
331 931 465 969 parere
489 931 622 956 omnes
652 918 810 964 debent,
831 931 918 956 cum
946 925 1099 968 propter
1124 916 1260 963 multa,
1283 923 1366 954 tum
1393 915 1466 953 hac
1494 915 1542 952 de
1570 927 1690 953 causa

242 979 421 1024 maxime,
447 979 553 1030 quod
572 979 693 1018 omnis
713 980 777 1018 lex
795 981 992 1018 inventum
1011 984 1071 1016 est
1089 984 1128 1016 et
1148 978 1291 1016 donum
1317 976 1474 1014 deorum
1495 975 1689 1015 immorta-

242 1039 349 1086 lium,
372 1039 570 1078 decretum
586 1040 784 1077 hominum
804 1039 1036 1090 sapientum,
1055 1037 1189 1088 regula
1207 1037 1433 1075 delictorum
1453 1048 1540 1086 quae
1568 1036 1616 1073 de
1635 1035 1692 1073 in·

241 1100 390 1139 dustria
418 1108 457 1139 et
484 1101 640 1139 fortuito
668 1100 970 1146 committuntur,
1002 1099 1166 1137 civitatis
1199 1111 1402 1137 commune
1429 1105 1600 1148 pactum,
1627 1098 1690 1136 cui

242 1162 368 1200 vivere
387 1163 839 1208 convenienter‚·omnes‚
865 1161 930 1212 qui
951 1167 1043 1198 sunt
1062 1161 1100 1198 in
1119 1161 1229 1207 urbe,
1257 1159 1412 1198 debent.
1455 1158 1690 1209 Aristogito-

242 1235 331 1260 nem
347 1229 474 1261 autem
488 1236 590 1261 nunc
603 1223 706 1260 omni
712 1225 798 1270 jure
814 1222 1071 1261 accusationis
1087 1233 1173 1261 esse
1188 1214 1418 1265 convictum,
1433 1232 1557 1269 neque
1573 1219 1689 1257 ullam

242 1283 278 1321 ei
309 1289 453 1322 restare
487 1283 727 1335 probabilem
754 1283 1056 1327 excusationem,
1086 1281 1200 1320 facile
1228 1281 1380 1319 ostendi
1407 1286 1547 1329 potest.
1592 1280 1692 1318 Cum

242 1343 345 1381 enim
363 1357 424 1383 res
444 1343 531 1382 duae
551 1344 642 1391 sint,
662 1343 933 1389 Athenienses,
950 1350 1107 1394 propter
1122 1354 1217 1393 quas
1233 1354 1365 1380 omnes
1381 1340 1554 1378 seruntur
1568 1339 1692 1390 leges,

244 1410 341 1450 tum,
360 1411 404 1442 ut
428 1417 477 1442 ne
496 1404 696 1455 quisquam
716 1404 845 1454 injusti
864 1403 1009 1453 aliquid
1032 1410 1136 1453 agat,
1156 1410 1238 1440 tum
1259 1410 1301 1440 ut
1320 1401 1365 1439 iis
1394 1401 1458 1451 qui
1482 1401 1545 1451 jus
1572 1400 1691 1438 viola-

243 1470 333 1501 runt
349 1464 505 1515 punitis,
526 1465 589 1502 alii
603 1464 779 1502 meliores
797 1464 1022 1509 reddantur,
1040 1470 1200 1514 utroque
1219 1462 1370 1500 nomine
1392 1460 1622 1511 supplicium
1643 1461 1692 1499 de

243 1523 319 1561 isto
349 1524 581 1562 sumendum
609 1537 696 1563 esse
718 1523 929 1574 apparebit.
974 1523 1075 1561 Nam
1095 1530 1133 1561 et
1157 1529 1311 1573 propter
1336 1521 1442 1571 leges
1462 1522 1624 1559 violatas
1645 1522 1693 1558 ab

243 1584 352 1622 initio
370 1585 580 1623 mulctatus
610 1591 683 1630 est,
711 1590 751 1622 et
773 1584 864 1634 quia
883 1583 1068 1621 mulctam
1102 1584 1285 1621 inflictam
1314 1582 1489 1632 negligit,
1519 1594 1565 1619 eo
1590 1594 1694 1620 nunc

246 1645 351 1696 apud
370 1658 438 1683 vos
458 1658 584 1696 poenae
603 1645 651 1683 de
679 1658 724 1683 eo
744 1651 987 1696 expetuntur.
1018 1644 1152 1695 Itaque
1172 1644 1279 1682 nulla
1303 1656 1422 1681 causa
1447 1642 1596 1692 reliqna
1620 1649 1695 1688 est,

245 1713 402 1756 propter
421 1718 536 1756 quam
551 1705 698 1745 absolvi
713 1706 760 1743 ab
776 1705 854 1744 ullo
869 1705 1004 1758 possit.
1034 1704 1174 1754 Neque
1189 1705 1286 1742 enim
1303 1703 1398 1742 illud
1413 1702 1544 1753 negari
1557 1708 1695 1753 potest,

245 1767 320 1805 hoc
338 1767 535 1805 hominum
555 1779 677 1817 genus
696 1779 784 1805 esse
803 1765 1023 1816 reipublicae
1043 1765 1310 1816 perniciosum.
1346 1764 1448 1802 Nam
1468 1770 1513 1801 ut
1529 1770 1695 1809 taceam,

246 1841 380 1867 omnes
406 1828 629 1866 intercidere
649 1828 814 1866 mulctas
839 1827 1073 1878 reipublicae,
1092 1826 1122 1863 si
1143 1826 1405 1864 cavillationes
1425 1825 1535 1863 istius
1555 1836 1694 1874 appro-

245 1891 402 1936 habitis,
416 1897 461 1928 ut
474 1890 663 1935 omittam,
678 1888 710 1926 si
724 1888 790 1939 qui
803 1889 900 1925 forte
915 1887 1037 1925 aerarii
1053 1886 1269 1924 dimittendi
1284 1886 1374 1931 sint,
1386 1884 1696 1930 humanissimos,

248 1958 288 1988 et
301 1951 476 2001 optimos,
491 1956 529 1987 et
546 1950 698 1987 minime
715 1950 764 1986 ob
778 1947 927 1986 atrocia
941 1947 1083 1985 delicta
1094 1947 1314 1991 mulctatos,
1330 1957 1415 1983 esse
1431 1943 1695 1988 dimittendos,

248 2024 326 2048 non
342 2010 535 2048 hominem
554 2009 889 2060 improbissimum,
916 2014 955 2044 et
973 2007 1128 2056 flagitiis
1153 2008 1394 2057 coopertum,
1418 2011 1458 2042 et
1482 2004 1694 2055 justissime

248 2071 490 2116 mulctatum,
515 2076 554 2108 et
572 2071 621 2107 ob
641 2069 860 2119 gravissima
879 2066 1186 2117 scelera‚--quid
1212 2066 1310 2104 enim
1329 2066 1409 2104 fieri
1432 2065 1557 2116 possit
1589 2065 1696 2103 calu-

248 2133 351 2171 mnia
369 2139 408 2171 et
425 2131 632 2170 violatione
656 2131 800 2181 legum,
819 2136 975 2181 propter
993 2142 1151 2179 quarum
1171 2134 1373 2177 utramque
1392 2127 1466 2164 iste
1486 2126 1696 2163 mulctatus

247 2200 321 2240 est,
349 2193 516 2230 atrocius
530 2191 646 2228 ?-—ut
672 2204 751 2228 non
784 2190 925 2236 dicam,
954 2188 1107 2226 tametsi
1131 2188 1215 2226 aliis
1243 2187 1419 2225 omnibus
1453 2185 1696 2231 condonetis,

246 2255 322 2291 vim
341 2260 470 2291 tamen
493 2251 648 2289 facienti
666 2263 745 2288 non
766 2250 933 2287 dandam
954 2262 1038 2286 esse
1057 2248 1324 2294 veniam,—ea
1342 2246 1445 2284 enim
1465 2245 1696 2284 contumelia

248 2322 361 2351 est—
377 2326 385 2351 ε
408 2319 447 2351 et
462 2326 547 2363 quoe
564 2318 653 2349 sunt
663 2311 745 2362 ejus
762 2310 912 2360 generis
929 2309 1016 2354 alia,
1029 2309 1156 2346 omnia
1169 2314 1406 2359 praeteream.
1437 2305 1536 2343 Illud
1551 2312 1695 2351 tamen,

250 2387 401 2411 omnem
428 2373 543 2410 etiam
570 2371 790 2422 reipublicae
821 2378 860 2409 et
886 2370 1015 2420 legum
1044 2376 1220 2406 ornatum
1248 2367 1467 2405 conturbari
1499 2373 1538 2404 et
1565 2367 1696 2413 everti,

249 2441 437 2484 quantum
458 2433 495 2469 in
513 2432 587 2469 isto
606 2438 677 2477 est,
696 2431 733 2468 id
754 2443 826 2481 ego
845 2442 905 2468 me
924 2429 1031 2467 vobis
1051 2429 1248 2467 evidenter
1265 2429 1507 2465 ostensurum
1522 2427 1696 2466 arbitror.

253 2495 390 2532 Dicam
425 2500 550 2531 autem
587 2505 710 2542 neque
743 2503 899 2536 novum,
928 2502 1052 2539 neque
1084 2489 1320 2535 admirabile,
1351 2500 1478 2538 neque
1505 2488 1696 2538 peculiare

249 2555 467 2605 quicquam,
489 2551 557 2590 sed
576 2565 622 2589 ea
641 2565 726 2602 quae
747 2551 869 2589 nostis
890 2563 1020 2588 omnes
1039 2562 1144 2599 aeque
1164 2561 1329 2587 mecum.

305 2616 341 2653 6.
373 2615 414 2652 Si
446 2614 530 2664 quis
551 2613 650 2650 enim
671 2621 837 2650 vestrum
859 2612 1042 2660 indagare
1072 2611 1177 2656 velit,
1206 2623 1293 2660 quae
1320 2621 1438 2647 causa
1466 2609 1526 2653 sit,
1555 2607 1694 2658 quidve

250 2676 405 2720 efficiat,
426 2681 468 2711 ut
488 2680 643 2711 senatus
665 2674 882 2722 conveniat,
897 2680 939 2710 ut
958 2671 1121 2721 populus
1142 2672 1179 2708 in
1199 2671 1422 2708 concionem
1443 2670 1637 2714 ascendat,
1652 2676 1696 2707 ut

245 2735 392 2784 judicia
408 2735 707 2783 frequententur,
728 2740 770 2769 ut
788 2739 937 2769 veteres
958 2732 1202 2780 magistratus
1219 2732 1326 2769 novis
1343 2731 1497 2775 cedant,
1516 2730 1696 2768 utomnia

252 2808 321 2846 per
340 2807 426 2844 quac
445 2795 536 2831 urbs
565 2794 721 2843 regitur,
740 2798 778 2829 et
795 2799 1056 2837 conservatur,
1077 2793 1182 2836 fiant,
1206 2792 1312 2842 leges
1332 2792 1370 2828 in
1401 2795 1519 2829 cau‘sa
1539 2802 1638 2834 csse,
1659 2798 1698 2828 et

251 2869 338 2907 quoa
356 2856 506 2906 legibus
526 2858 741 2906 praestatur,
761 2852 1029 2897 obedientiam,
1051 2852 1229 2890 inveniet.
1269 2852 1366 2894 Quoe
1398 2851 1430 2889 si
1449 2852 1696 2900 abrogentur,
