1923 3149
331 174 406 212 106
844 170 1154 211 PHILIPPICA
1183 170 1256 210 IV.

333 275 538 313 multarum
557 287 682 313 rerum
702 274 825 314 sactus
844 281 903 314 est
917 274 1106 321 dominus,
1128 275 1240 326 idque
1261 273 1392 312 merito
1409 286 1418 311 ε
1448 285 1528 312 rem
1541 273 1642 311 enim
1657 272 1777 311 hono-

330 337 473 375 rificam
492 343 532 375 et
558 349 736 388 magnam
756 342 796 375 et
815 337 1068 387 splendidam,
1093 336 1142 375 de
1167 349 1244 386 qua
1272 336 1374 374 omni
1403 342 1573 386 tempore
1600 334 1777 372 maximae

330 401 446 438 urbes
465 400 563 437 inter
580 412 622 437 se
641 398 933 445 contenderunt,
963 399 1112 437 afflictis
1141 398 1295 449 quidem
1316 396 1637 442 Lacedaemoniis,
1658 396 1780 447 impe-

331 462 420 500 ditis
440 461 633 500 Phocensi
658 461 761 499 bello
779 460 986 508 Thebanis,
1001 461 1112 498 nobis
1132 460 1432 511 negligentibus,
1454 458 1645 496 desertam
1663 471 1780 496 occu-

330 523 447 575 pavit.
495 523 628 574 Itaque
648 522 824 568 formido,
844 521 893 560 ad
912 521 1032 566 alios;
1062 521 1270 560 multitudo
1284 520 1473 559 sociorum
1498 526 1538 558 et
1551 519 1779 571 magnitudo

329 585 512 636 potentiae
531 585 581 623 ad
600 596 688 622 eum
704 584 878 622 devenit:
909 584 1098 634 tantisque
1117 590 1156 622 et
1173 583 1313 621 talibus
1331 582 1445 620 rebus
1466 580 1596 619 Graeci
1607 581 1691 633 jam
1709 581 1781 619 cir-

329 647 525 684 cumventi
544 651 634 683 sunt
655 644 834 691 universi,
852 651 894 682 ut
911 645 1025 683 etiarn
1041 644 1134 695 quid
1152 643 1301 683 consilii
1331 643 1589 682 adhibendum
1609 642 1659 680 sit
1675 641 1781 680 haud

330 707 442 746 facile
462 707 612 758 reperiri
633 713 763 757 queat.

390 771 449 808 13.
479 769 712 818 Quanquam
731 772 873 813 autem,
893 767 1162 813 Athenienses,
1179 767 1240 805 hae
1260 780 1336 814 res,
1350 773 1393 804 ut
1405 779 1477 817 ego
1491 765 1637 817 judico,
1658 764 1780 803 omni-

330 831 403 868 bus
423 837 512 868 sunt
529 828 800 874 formidolosae,
819 827 915 865 nulli
934 835 1062 866 tamen
1081 829 1250 866 omnium
1270 827 1309 865 in
1338 827 1480 878 majore
1500 832 1592 864 sunt
1608 824 1780 876 periculo

328 905 443 942 quam
463 904 547 937 VOS,
566 904 644 929 non
662 903 708 928 eo
727 896 877 927 tantum
897 889 1001 939 quod
1020 889 1125 927 vobis
1146 889 1348 940 Philippus
1367 888 1605 939 potissimum
1623 886 1782 924 insidia-

330 961 405 1001 tur,
427 953 496 992 sed
516 953 563 990 ob
584 951 679 990 illud
694 951 807 989 etiam
822 950 924 1000 quod
943 950 1112 987 omnium
1132 949 1226 987 estis
1244 949 1494 999 ignavissimi.
1532 947 1648 991 Quod
1669 947 1701 984 si
1720 959 1782 985 re-

330 1029 414 1053 rum
432 1015 624 1053 venalium
640 1012 791 1063 copiam
809 1019 848 1048 et
863 1024 1027 1049 annonae
1045 1011 1084 1048 in
1104 1011 1185 1048 foro
1200 1011 1411 1048 ubertatem
1427 1009 1635 1055 intuentes,
1652 1007 1697 1046 iis
1712 1008 1781 1046 de·-

327 1076 426 1114 liniti
454 1076 561 1122 estis,
591 1082 776 1124 tanquam
804 1079 912 1110 extra
939 1084 1052 1110 omne
1078 1070 1287 1122 periculum
1317 1071 1366 1109 sit
1391 1070 1624 1120 respublica,
1653 1082 1781 1120 neque

327 1138 599 1176 convenienter
618 1148 744 1186 neque
769 1140 873 1172 recte
895 1133 1105 1184 judicatis:
1135 1134 1261 1171 forum
1285 1132 1387 1170 enim
1407 1138 1446 1170 et
1463 1138 1654 1170 mercatus
1680 1132 1782 1170 bene

327 1212 378 1237 an
399 1211 516 1237 secus
535 1198 786 1242 instruantur,
819 1208 866 1233 ex
884 1195 942 1232 his
962 1196 1074 1232 rebus
1101 1193 1281 1232 aestimari
1308 1199 1446 1245 queat3
1476 1199 1517 1230 at
1535 1204 1624 1230 vero
1651 1192 1700 1230 de
1733 1204 1781 1230 ea

327 1259 495 1307 civitate,
524 1271 640 1310 quam
659 1269 778 1295 unam
798 1256 869 1295 sibi
894 1256 1164 1301 adversariam,
1193 1262 1231 1293 et
1249 1254 1464 1294 communis
1486 1254 1671 1292 libertatis
1690 1266 1781 1304 pro-

324 1322 593 1372 pugnatricem
612 1319 780 1358 futuram
801 1318 1072 1369 suspicaretur,
1101 1318 1320 1368 quicunque
1339 1316 1498 1354 tandem
1523 1315 1690 1353 Graeciae
1711 1314 1780 1353 do·

326 1382 515 1421 minatum
534 1380 748 1433 appetierit,
769 1379 937 1424 minime,
957 1378 1012 1417 ita
1029 1391 1090 1416 me
1112 1379 1206 1416 deus
1229 1384 1343 1424 amet,
1365 1390 1414 1415 ex
1432 1375 1626 1414 venalium
1651 1388 1781 1414 rerum

327 1445 440 1495 copia
455 1442 644 1495 judicium
669 1440 888 1480 faciendum
916 1447 987 1478 est.
1033 1439 1110 1478 Sed
1138 1447 1266 1478 utrum
1292 1438 1484 1477 sociorum
1510 1437 1782 1475 benevolentia.

326 1507 477 1544 munita
498 1505 560 1552 sit,
578 1511 707 1543 utrum
726 1503 842 1542 armis
860 1503 999 1549 valeat,
1026 1503 1112 1541 haec
1134 1509 1224 1540 sunt
1240 1514 1326 1552 quae
1344 1513 1413 1552 pro
1438 1513 1517 1549 rep.
1537 1498 1684 1549 exquiri
1710 1500 1781 1538 de-

324 1569 431 1605 bent.
462 1567 561 1612 Quae
581 1566 686 1618 apud
703 1579 771 1604 vos
790 1565 891 1603 male
904 1565 1045 1612 omnia,
1064 1572 1105 1602 et
1118 1577 1195 1602 non
1213 1561 1398 1612 praeclare
1415 1573 1456 1598 se
1470 1560 1624 1598 habent.
1658 1560 1781 1611 quue

326 1642 374 1666 ea
393 1629 541 1666 ratione
569 1627 805 1677 intelligetis,
841 1627 872 1663 si
900 1627 954 1664 sic
979 1625 1208 1677 cogitabitiS‚
1237 1621 1393 1672 quando
1424 1621 1779 1672 perturbatissimus

325 1689 442 1726 suerit
456 1688 620 1726 Graeciae
640 1686 793 1726 status?
821 1686 969 1724 nullum
991 1693 1091 1724 certe
1107 1692 1256 1734 tempus
1276 1681 1351 1720 hoc
1371 1681 1487 1719 fuisse
1508 1682 1779 1732 perturbatius,

325 1750 530 1801 quisquam
550 1749 673 1787 dicet:
703 1747 805 1786 omni
825 1745 925 1782 enim
945 1744 1127 1795 superiori
1148 1750 1276 1789 aetate,
1306 1743 1344 1780 in
1371 1742 1469 1780 duas
1488 1742 1559 1780 has
1589 1743 1777 1783 factiones

325 1810 438 1849 divisi
451 1809 608 1847 fuerunt
627 1807 770 1851 Graeci,
793 1805 1110 1844 Lacedaemonios
1135 1811 1174 1842 et
1196 1817 1280 1842 nos.
1323 1803 1460 1840 Caeteri
1481 1809 1606 1840 autem
1632 1803 1778 1851 Graeci,

323 1871 460 1924 partim
489 1868 614 1915 nobis,
639 1866 776 1919 partim
800 1865 875 1904 illis
898 1866 1140 1904 obediebant.
1176 1865 1276 1916 Regi
1294 1877 1386 1902 vero
1415 1864 1610 1902 Persarum
1638 1877 1705 1915 per
1734 1876 1776 1903 se

324 1932 480 1984 quidem
499 1942 610 1981 aeque
631 1928 735 1980 apud
759 1940 893 1966 omnes
915 1927 1023 1965 nulla
1045 1932 1126 1964 erat
1146 1925 1255 1964 fides.
1288 1926 1365 1963 Sed
1384 1925 1485 1963 bello
1506 1925 1618 1963 victis
1638 1926 1777 1978 adjun-

325 1994 475 2046 gendis,
495 1992 683 2042 tantisper
701 1989 817 2028 fidem
836 1989 1065 2034 inveniebat,
1091 1987 1184 2025 dum
1202 1987 1339 2025 horum
1366 1999 1457 2037 opes
1477 1986 1605 2025 alteris
1624 1999 1778 2038 aequas·

324 2064 408 2095 set:
437 2061 526 2107 post
546 2054 602 2100 iis,
622 2064 720 2103 quos
739 2058 1000 2096 conservarat,
1025 2063 1104 2088 non
1130 2049 1255 2087 minus
1283 2055 1366 2087 erat
1391 2047 1548 2095 invisus,
1576 2061 1692 2099 quam
1710 2062 1779 2088 ve-

322 2119 467 2157 teribus
488 2115 662 2154 inimicis.
691 2113 807 2151 Nunc
822 2122 963 2158 autern,
982 2111 1177 2163 imprimis,
1195 2123 1262 2148 rex
1282 2111 1341 2148 ille
1360 2110 1537 2148 omnibus
1554 2109 1700 2148 Graecis
1716 2117 1778 2149 est

323 2183 564 2229 conjunctus,
583 2175 784 2214 nobiscum
805 2180 934 2212 autem
953 2173 1106 2212 minime
1125 2171 1306 2218 omnium,
1326 2171 1399 2209 nisi
1415 2170 1557 2221 aliquid
1570 2171 1652 2221 jam
1671 2172 1776 2222 apud

324 2255 396 2280 nos
414 2238 696 2278 correxerimus
713 2249 722 2274 ε
753 2235 894 2273 deinde
913 2234 1125 2286 patrocinia
1142 2233 1264 2272 multa
1284 2239 1374 2270 sunt
1393 2238 1432 2270 et
1458 2231 1655 2269 undelibet
1681 2244 1776 2270 con-

323 2302 523 2343 ciliantur;
554 2306 593 2338 et
611 2299 868 2350 principatum
889 2296 1045 2347 quidem
1064 2308 1196 2333 omnes
1217 2294 1285 2332 sibi
1304 2292 1521 2338 vendicant,
1551 2291 1775 2332 desciscunt

325 2370 452 2401 autem
475 2360 662 2404 nonnulli,
684 2366 723 2396 et
743 2358 914 2396 invident
940 2365 978 2395 et
996 2357 1174 2394 diffidunt
1191 2356 1288 2393 inter
1309 2367 1349 2392 se
1379 2367 1491 2391 secus
1518 2366 1633 2404 quam
1662 2366 1775 2405 opor-

322 2427 441 2470 tebat‚
462 2423 676 2473 divulsique
706 2428 795 2458 sunt
815 2420 971 2470 singuli,
992 2417 1133 2468 Argivi,
1159 2416 1345 2461 Thebani,
1368 2414 1568 2460 Corinthii,
1590 2414 1774 2453 Lacedae·

323 2486 455 2531 monii,
478 2484 668 2529 Arcades,
688 2495 773 2520 nos.
820 2480 897 2518 Sed
916 2488 1058 2525 tamen,
1079 2491 1165 2516 cum
1189 2477 1226 2515 in
1259 2484 1316 2515 tot
1334 2484 1463 2528 partes
1493 2483 1533 2513 et
1558 2483 1618 2514 tot
1635 2476 1775 2528 princi·

324 2554 437 2599 patus
457 2559 517 2583 res
538 2545 761 2582 Graecorum
781 2543 855 2581 sint
883 2542 1097 2592 diremptae,
1120 2541 1151 2577 si
1176 2552 1305 2577 verum
1336 2539 1451 2576 libere
1474 2538 1680 2576 dicendum
1699 2546 1772 2586 est,

324 2608 428 2661 apud
458 2608 591 2645 horum
624 2605 815 2642 neminem
842 2604 1022 2654 praetoria
1043 2609 1083 2640 et
1112 2601 1237 2639 curias
1267 2600 1388 2650 magis
1420 2600 1571 2638 deserta
1589 2600 1719 2638 videas
1749 2613 1772 2639 a

324 2671 550 2708 Graecorum
566 2666 743 2717 negotiis,
763 2678 879 2716 quam
900 2665 1096 2710 nostratia,
1116 2662 1250 2701 merito
1267 2676 1275 2699 :
1297 2674 1420 2712 neque
1440 2662 1540 2699 enim
1560 2662 1639 2699 sive
1655 2669 1770 2710 amet,

324 2733 404 2771 sive
424 2729 605 2775 confidat,
627 2729 706 2767 sive
726 2733 884 2773 metuat,
908 2727 1111 2777 quisquam
1133 2738 1204 2763 nos
1225 2725 1406 2776 appellat.
1437 2724 1567 2762 Causa
1585 2737 1674 2762 vero
1702 2725 1772 2763 ha·

326 2807 408 2831 rum
429 2805 553 2831 rerum
578 2803 656 2829 non
675 2796 736 2828 est
753 2802 842 2835 una,
866 2788 1120 2843 Athenienses
1138 2799 1291 2824 :—nam
1313 2785 1453 2836 alioqui
1480 2785 1590 2824 facile
1604 2793 1770 2825 mutare-

325 2868 411 2895 mus
427 2853 563 2894 z—sed
598 2851 718 2890 multa
744 2859 783 2890 et
811 2850 915 2888 varia
942 2849 1146 2889 commissa
1170 2848 1218 2887 ab
1249 2847 1351 2887 omni
1375 2859 1457 2886 aevo
1485 2846 1626 2885 delicta
1652 2853 1741 2886 sunt
1757 2859 1773 2886 2
