1923 3149
267 184 348 222 420
671 185 899 226 CONTRA
930 187 1321 228 TIMOCRATEM.

270 287 454 325 amoverit
471 294 511 325 et
534 289 758 340 corruperit,
775 290 1021 341 persuadere,
1049 297 1092 326 ut
1105 289 1336 329 deteriorem
1356 289 1481 341 legem
1500 290 1723 329 anteferatis

269 347 428 385 meliori.
468 347 629 400 Propter
648 349 731 388 haec
759 351 900 397 omnia,
920 364 1053 389 omnes
1072 350 1294 402 injuriarum
1313 350 1395 388 vias
1416 351 1592 396 obstruit,
1611 363 1722 402 repa—

269 407 364 458 gula
381 409 524 460 objicit,
539 417 576 448 et
589 411 696 449 aditu
717 425 797 459 eos,
813 413 876 463 qui
893 413 999 450 vobis
1015 412 1254 458 insidiantur,
1268 413 1456 463 prohibet.
1488 412 1583 450 Haee
1597 413 1725 450 omnia

269 469 507 508 Timocrates
527 471 580 509 ita
605 473 788 522 praeclare
801 474 984 525 justeque
1004 474 1216 511 constituta
1235 473 1405 519 sustulit,
1426 472 1580 517 delevit,
1601 485 1723 523 quan-

269 535 349 566 tum
365 529 403 566 in
419 530 503 580 ipso
518 531 603 578 fuit,
620 539 659 569 et
674 532 797 583 legem
819 534 979 584 rogavit,
995 534 1172 571 omnibus
1189 536 1247 583 (ut
1265 534 1397 584 paucis
1418 533 1559 581 dicam)
1575 533 1726 583 legibus

269 592 511 638 contrariam,
533 607 657 643 neque
678 608 762 632 eam
785 596 966 633 collatam
986 609 1071 633 cum
1094 595 1176 633 aliis
1197 608 1244 633 ex
1263 595 1425 633 adverso
1447 595 1553 644 legit,
1579 594 1723 631 nullam

270 652 483 703 abrogavit,
505 668 581 692 non
597 656 792 705 optionem
813 657 935 704 dedit,
950 671 1026 695 non
1048 658 1250 708 quicquam
1272 657 1377 707 fecit,
1396 656 1496 707 quod
1517 656 1653 693 suisset
1677 667 1725 693 ex

269 713 398 750 officio
419 714 654 752 faciendum.

328 775 388 811 10.
419 775 517 812 Eum
536 776 652 826 igitur
671 778 917 815 accusatione
937 779 1071 825 teneri,
1091 779 1176 829 lege
1206 786 1342 828 rogata
1364 777 1555 815 contraria
1573 775 1726 820 ceteris,

269 846 403 872 omnes
419 849 487 874 vos
499 837 738 887 perspexisse
753 839 935 876 arbitror:
967 845 1010 876 ut
1023 846 1151 876 autem
1167 838 1310 885 sciatis,
1325 839 1462 889 quibus
1480 838 1631 888 legibus
1644 837 1724 874 vio-

268 895 356 933 latis
376 902 416 934 et
431 898 652 948 repudiatis,
673 898 826 949 qualem
847 899 971 949 legem
993 900 1220 936 obstruserit
1242 899 1327 944 iste,
1352 899 1503 949 legetur
1522 898 1630 936 vobis
1650 896 1726 948 pri-

270 968 374 994 mum
393 957 504 996 istius
518 958 592 1007 lex,
607 959 746 997 deinde
761 960 933 1010 reliquae,
945 960 1082 1010 quibus
1098 959 1181 998 haec
1201 966 1260 997 est
1273 960 1478 997 contraria.
1519 958 1669 997 Recita.

942 1093 1059 1131 LEX.

314 1191 484 1222 Pandionia
495 1193 576 1223 tribu
593 1193 790 1233 praesidente,
800 1194 981 1224 duodecimo
994 1199 1116 1225 senatus
1127 1194 1187 1230 die,
1200 1195 1389 1225 Timocrates
1400 1195 1516 1230 retulit,
1530 1194 1562 1224 Si
1575 1195 1642 1235 quis
1653 1205 1727 1225 aera-

268 1243 344 1279 rius,
358 1243 423 1274 sive
436 1255 474 1274 ex
488 1246 555 1284 lege
567 1246 632 1275 sive
646 1257 683 1275 ex
697 1247 834 1283 decreto,
850 1246 980 1276 vinculis
997 1251 1042 1276 est
1058 1247 1229 1283 damnatus,
1242 1247 1337 1276 autin
1349 1251 1507 1286 posterum
1521 1247 1727 1283 damnabitur,

271 1294 299 1323 ei
316 1294 407 1324 liceat
420 1296 548 1326 vadibus
565 1296 632 1326 sive
649 1307 703 1336 per
716 1307 762 1332 se,
775 1297 840 1328 sive
854 1308 910 1336 per
922 1298 1010 1333 alios,
1027 1297 1213 1333 constitutis;
1226 1308 1303 1337 quos
1313 1298 1448 1337 populus
1460 1298 1645 1336 approbarit,
1654 1308 1726 1337 pro—

269 1344 416 1381 mittenti,
433 1357 465 1375 se
481 1348 560 1376 bona
574 1347 632 1376 fide
648 1351 807 1386 argentum
823 1358 882 1386 quo
896 1348 1058 1377 mulctatus
1072 1352 1118 1377 est
1132 1348 1314 1383 soluturum,
1329 1358 1479 1377 carcerem
1498 1348 1623 1386 egredi:
1648 1358 1727 1386 prae-

270 1395 389 1425 sidibus
406 1407 489 1431 vero,
502 1397 526 1426 si
544 1397 612 1435 quis
630 1398 722 1427 vades
738 1398 811 1427 dare
828 1397 971 1433 voluerit,
987 1408 1113 1428 necesse
1129 1398 1168 1427 sit
1184 1402 1266 1427 ratos
1281 1398 1404 1427 habere.
1428 1399 1461 1427 Is
1478 1408 1550 1428 vero
1567 1398 1618 1437 qui
1634 1399 1727 1428 vades

268 1446 476 1482 constituerit,
492 1447 517 1477 si
531 1447 699 1477 reddiderit
715 1447 834 1477 civitati
851 1453 1018 1487 argentum,
1033 1459 1050 1477 a
1066 1448 1196 1478 vinculis
1214 1448 1356 1477 immunis
1369 1453 1450 1484 esto,
1462 1459 1499 1477 eo
1513 1449 1632 1478 nomine
1645 1450 1726 1488 quod

272 1497 369 1526 vades
385 1497 490 1527 dedit:
515 1498 561 1527 sin
583 1502 740 1536 argentum
764 1498 842 1527 haud
861 1496 1024 1527 numerarii
1041 1498 1090 1527 vel
1107 1499 1184 1538 ipse,
1203 1499 1251 1527 vel
1274 1499 1382 1532 vades,
1404 1509 1483 1528 nono
1507 1503 1631 1528 senatus
1655 1510 1727 1539 com

272 1551 375 1582 ventu,
391 1548 416 1577 is
433 1548 483 1586 qui
500 1559 555 1586 per
569 1548 663 1577 vades
681 1548 829 1577 liberatus
846 1549 942 1577 fuerat
954 1547 1116 1582 vinciatur,
1130 1548 1252 1577 vadium
1268 1559 1340 1577 vero
1352 1549 1429 1577 bona
1443 1548 1649 1587 publicentur.
1677 1549 1726 1579 De

270 1597 514 1636 redemptoribus
532 1608 605 1627 vero
629 1597 837 1636 vectigalium,
853 1603 883 1626 et
899 1598 1099 1637 sponsoribus
1111 1602 1141 1626 et
1158 1598 1363 1633 coactoribus,
1378 1597 1415 1627 iis
1431 1597 1504 1628 item
1518 1599 1570 1637 qui
1585 1600 1727 1630 mercede

271 1649 445 1678 conducunt
461 1649 588 1687 praedia,
603 1659 769 1687 eorumque
785 1649 1100 1687 sponsoribus‚liceat
1110 1648 1229 1679 civitati
1243 1649 1409 1687 pensiones
1421 1649 1546 1689 exigere
1563 1652 1726 1680 secuudum

270 1705 410 1740 receptas
423 1701 517 1740 leges.
541 1700 631 1736 Quod
645 1700 669 1729 si
680 1700 749 1739 quis
762 1710 839 1729 nono
851 1705 960 1730 senatu
973 1700 1135 1730 mulctatus
1146 1700 1248 1736 suerit,
1261 1700 1416 1739 sequentis
1427 1701 1497 1731 anni
1509 1711 1589 1731 nono
1604 1707 1727 1732 senatus

272 1754 325 1779 aut
337 1750 458 1780 decimo
474 1761 620 1780 consessu
637 1751 745 1781 solvat.

274 1835 416 1887 Legem
444 1837 668 1876 audivistis:
700 1837 774 1876 hoc
794 1850 883 1876 vero
903 1850 951 1875 ex
970 1850 1017 1876 ea
1035 1836 1127 1874 mihi
1148 1837 1310 1887 primum
1339 1837 1601 1886 memineritis,
1621 1839 1727 1889 quod

272 1898 340 1945 ait,
383 1899 421 1936 si
458 1900 571 1950 quis
622 1900 776 1938 aerari
793 1913 929 1937 orum
965 1899 1184 1937 vinculis
1216 1906 1289 1937 est
1327 1899 1605 1946 damnatus,
1643 1906 1728 1937 aut

269 1958 312 1995 in
348 1966 615 2009 posterum
662 1961 687 1998 d
703 1961 993 2006 amliabitur,
1039 1960 1195 2007 deinde,
1236 1960 1341 2011 quod
1381 1962 1608 2011 exceptis
1646 1974 1727 2012 pu-

272 2019 498 2067 blicanis,
530 2028 576 2059 et
604 2022 1035 2072 redemptoribus,
1064 2034 1337 2071 eorumque
1364 2034 1553 2072 sponso
1570 2022 1727 2068 ribus,

273 2094 344 2120 sua
362 2081 451 2132 lege
471 2084 523 2120 uti
543 2084 669 2134 jubet.
708 2083 878 2120 Omnino
904 2083 1007 2119 enim
1033 2088 1091 2120 est
1122 2082 1301 2120 omnibus
1335 2083 1529 2121 contraria
1559 2082 1727 2135 legibus,

273 2143 399 2194 quue
419 2143 510 2194 ipsis
529 2144 682 2195 legibus
700 2144 856 2191 auditis,
877 2144 1040 2181 maxime
1060 2143 1319 2194 cognoscetis.

332 2207 395 2244 ll.
424 2205 579 2244 Recita.

905 2305 1090 2344 LEGES.

320 2401 555 2440 Dioclesjubet,
574 2402 673 2440 Leges
690 2405 758 2431 ante
775 2400 936 2431 Euclidem
953 2401 1028 2430 latas
1043 2399 1141 2429 libera
1156 2398 1325 2438 republica,
1341 2403 1371 2428 et
1390 2408 1578 2437 quaecuuque
1594 2399 1650 2429 sub
1665 2401 1727 2431 Eu-

275 2453 356 2484 clide
371 2453 440 2482 latae
456 2456 538 2487 sunt,
550 2456 580 2481 et
596 2452 626 2481 in
640 2452 758 2481 tabulas
773 2451 888 2486 relatae,
900 2455 981 2480 ratas
998 2460 1083 2480 esse:
1107 2461 1175 2489 quae
1192 2460 1264 2480 vero
1285 2454 1356 2488 post
1373 2449 1532 2479 Euclidem
1555 2450 1624 2480 latae
1646 2456 1729 2488 suut,

275 2511 305 2536 et
322 2506 470 2543 deinceps
481 2505 615 2533 serentur
632 2503 772 2543 singulae,
787 2513 839 2533 eas
853 2513 923 2532 esse
938 2507 1031 2537 ratas,
1050 2503 1087 2531 ab
1101 2513 1138 2531 eo
1155 2501 1207 2532 die
1222 2511 1282 2540 quo
1298 2510 1426 2540 quaeque
1442 2502 1511 2530 latae
1534 2506 1614 2537 sunt,
1630 2502 1687 2532 nisi
1702 2503 1728 2533 si

274 2557 323 2586 cui
340 2555 528 2593 adscriptum
545 2557 591 2583 est
607 2558 727 2593 tempus
744 2564 805 2593 quo
826 2553 938 2584 debeat
953 2553 1016 2592 geri
1032 2552 1237 2592 magistratus.
1273 2552 1437 2581 Adscribnt
1454 2556 1566 2588 autem,
1585 2563 1663 2583 nuuc
1679 2563 1726 2583 re-

275 2606 387 2645 ceptis,
398 2604 499 2634 scriba
514 2609 649 2640 senatus,
665 2604 742 2634 intra
758 2604 881 2643 triginta
897 2603 982 2633 dies:
1006 2603 1036 2633 in
1052 2607 1206 2642 posterum
1226 2606 1326 2632 autern
1344 2602 1517 2642 quicunque
1532 2603 1639 2633 scribae
1658 2604 1725 2633 suu-

275 2657 359 2695 gitur
375 2655 485 2690 ossicio,
503 2655 604 2684 statim
617 2655 772 2685 adscribat
786 2654 886 2693 legem
901 2663 969 2684 esse
986 2657 1079 2683 ratam
1095 2653 1132 2682 ab
1146 2663 1181 2682 eo
1199 2653 1249 2682 die
1265 2663 1325 2691 quo
1341 2652 1402 2682 lata
1418 2653 1520 2682 fuerit.

277 2740 378 2777 Cum
399 2744 564 2790 receptae
582 2737 702 2789 leges,
721 2737 989 2783 Athenienses,
1007 2738 1120 2775 bonae
1136 2735 1225 2782 sint,
1245 2736 1328 2775 haec
1348 2736 1466 2774 modo
1485 2736 1647 2774 recitata
1662 2736 1722 2774 lex

275 2801 393 2839 veluti
413 2800 588 2838 distinxit
602 2812 667 2838 eas
687 2807 726 2837 et
745 2799 996 2837 confirmavit.
1040 2798 1065 2835 J
1070 2799 1160 2836 ubet
1180 2799 1281 2836 enim
1295 2809 1593 2847 unamquanque
1612 2797 1660 2834 ab
1677 2809 1723 2834 eo

278 2862 340 2899 dic
359 2874 435 2912 quo
456 2861 538 2899 lata
558 2861 672 2899 fucrit
689 2873 774 2899 esse
795 2867 931 2910 ratam,
952 2859 1023 2897 nisi
1049 2859 1078 2896 si
1107 2859 1167 2897 cui
1186 2859 1422 2910 adscriptum
1441 2857 1555 2895 fuerit
1573 2863 1723 2908 tempus

277 2936 355 2973 quo
381 2929 545 2974 praetore
565 2930 648 2961 rata
667 2935 754 2961 esse
778 2921 930 2960 debeat.
979 2920 1264 2962 Quamobrem?
1293 2919 1395 2964 Quia
1419 2917 1548 2958 multis
1572 2917 1723 2969 legibus
