<?xml version="1.0" encoding="UTF-8"?>
<!DOCTYPE html PUBLIC "-//W3C//DTD XHTML 1.0 Transitional//EN"
    "http://www.w3.org/TR/xhtml1/DTD/xhtml1-transitional.dtd">
<html xmlns="http://www.w3.org/1999/xhtml" xml:lang="en" lang="en">
 <head>
  <title>
</title>
<meta http-equiv="Content-Type" content="text/html;charset=utf-8" />
  <meta name='ocr-system' content='tesseract 3.04.00' />
  <meta name='ocr-capabilities' content='ocr_page ocr_carea ocr_par ocr_line ocrx_word'/>
</head>
<body>
  <div class='ocr_page' id='page_1' title='image "./oratoresatticie15dobs_0384.png"; bbox 0 0 1923 3149; ppageno 0'>
   <div class='ocr_carea' id='block_1_1' title="bbox 302 172 1371 217">
    <p class='ocr_par' dir='ltr' id='par_1_1' title="bbox 302 172 1371 217">
     <span class='ocr_line' id='line_1_1' title="bbox 302 172 1371 217; baseline -0.007 0"><span class='ocrx_word' id='word_1_1' title='bbox 302 182 376 217; x_wconf 77' lang='lat'>368</span> <span class='ocrx_word' id='word_1_2' title='bbox 684 175 911 214; x_wconf 83' lang='lat' dir='ltr'>CONTRA</span> <span class='ocrx_word' id='word_1_3' title='bbox 943 172 1371 212; x_wconf 69' lang='lat' dir='ltr'><strong>ANDROTJONEM.</strong></span> 
     </span>
    </p>
   </div>
   <div class='ocr_carea' id='block_1_2' title="bbox 299 279 1760 2957">
    <p class='ocr_par' dir='ltr' id='par_1_2' title="bbox 299 279 1750 516">
     <span class='ocr_line' id='line_1_2' title="bbox 299 279 1749 335; baseline -0.005 -14"><span class='ocrx_word' id='word_1_4' title='bbox 299 283 484 335; x_wconf 80' lang='lat' dir='ltr'>publicis:</span> <span class='ocrx_word' id='word_1_5' title='bbox 515 294 602 320; x_wconf 90' lang='lat' dir='ltr'>cum</span> <span class='ocrx_word' id='word_1_6' title='bbox 623 288 750 318; x_wconf 79' lang='lat' dir='ltr'>autem</span> <span class='ocrx_word' id='word_1_7' title='bbox 767 279 872 318; x_wconf 81' lang='lat' dir='ltr'>aliud</span> <span class='ocrx_word' id='word_1_8' title='bbox 893 279 1076 330; x_wconf 74' lang='lat' dir='ltr'>quiddam</span> <span class='ocrx_word' id='word_1_9' title='bbox 1098 287 1136 316; x_wconf 88' lang='lat' dir='ltr'>et</span> <span class='ocrx_word' id='word_1_10' title='bbox 1155 292 1214 316; x_wconf 87' lang='lat' dir='ltr'>res</span> <span class='ocrx_word' id='word_1_11' title='bbox 1234 291 1362 316; x_wconf 83' lang='lat' dir='ltr'>sacras</span> <span class='ocrx_word' id='word_1_12' title='bbox 1382 289 1568 321; x_wconf 78' lang='lat' dir='ltr'>movereS,</span> <span class='ocrx_word' id='word_1_13' title='bbox 1589 289 1749 328; x_wconf 86' lang='lat' dir='ltr'>quarum</span> 
     </span>
     <span class='ocr_line' id='line_1_3' title="bbox 299 339 1750 396; baseline -0.005 -14"><span class='ocrx_word' id='word_1_14' title='bbox 299 345 491 396; x_wconf 68' lang='lat' dir='ltr'>pleraeque</span> <span class='ocrx_word' id='word_1_15' title='bbox 512 356 560 380; x_wconf 87' lang='lat' dir='ltr'>ne</span> <span class='ocrx_word' id='word_1_16' title='bbox 579 349 694 380; x_wconf 78' lang='lat' dir='ltr'>aetate</span> <span class='ocrx_word' id='word_1_17' title='bbox 715 341 868 392; x_wconf 86' lang='lat' dir='ltr'>quidem</span> <span class='ocrx_word' id='word_1_18' title='bbox 886 349 1015 377; x_wconf 77' lang='lat' dir='ltr'>nostra</span> <span class='ocrx_word' id='word_1_19' title='bbox 1031 340 1222 377; x_wconf 60' lang='lat' dir='ltr'>dedicatae</span> <span class='ocrx_word' id='word_1_20' title='bbox 1236 347 1339 383; x_wconf 87' lang='lat' dir='ltr'>sunt,</span> <span class='ocrx_word' id='word_1_21' title='bbox 1360 339 1521 376; x_wconf 80' lang='lat' dir='ltr'>eandem</span> <span class='ocrx_word' id='word_1_22' title='bbox 1533 339 1750 376; x_wconf 85' lang='lat' dir='ltr'>cautionem</span> 
     </span>
     <span class='ocr_line' id='line_1_4' title="bbox 300 399 1750 454; baseline -0.005 -11"><span class='ocrx_word' id='word_1_23' title='bbox 300 418 376 443; x_wconf 91' lang='lat' dir='ltr'>non</span> <span class='ocrx_word' id='word_1_24' title='bbox 397 403 631 449; x_wconf 82' lang='lat' dir='ltr'>adhibueris,</span> <span class='ocrx_word' id='word_1_25' title='bbox 649 416 764 454; x_wconf 81' lang='lat' dir='ltr'>quam</span> <span class='ocrx_word' id='word_1_26' title='bbox 783 403 818 439; x_wconf 87' lang='lat' dir='ltr'>in</span> <span class='ocrx_word' id='word_1_27' title='bbox 841 402 1010 439; x_wconf 82' lang='lat' dir='ltr'>tributis:</span> <span class='ocrx_word' id='word_1_28' title='bbox 1041 414 1167 438; x_wconf 87' lang='lat' dir='ltr'>nonne</span> <span class='ocrx_word' id='word_1_29' title='bbox 1189 401 1314 451; x_wconf 85' lang='lat' dir='ltr'>palam</span> <span class='ocrx_word' id='word_1_30' title='bbox 1336 407 1408 446; x_wconf 87' lang='lat' dir='ltr'>est,</span> <span class='ocrx_word' id='word_1_31' title='bbox 1428 413 1495 438; x_wconf 91' lang='lat' dir='ltr'>cur</span> <span class='ocrx_word' id='word_1_32' title='bbox 1514 401 1567 438; x_wconf 84' lang='lat' dir='ltr'>ita</span> <span class='ocrx_word' id='word_1_33' title='bbox 1585 399 1750 438; x_wconf 70' lang='lat' dir='ltr'>feceris?</span> 
     </span>
     <span class='ocr_line' id='line_1_5' title="bbox 305 465 659 516; baseline -0.003 -14"><span class='ocrx_word' id='word_1_34' title='bbox 305 465 495 516; x_wconf 85' lang='lat' dir='ltr'><strong>Equidem</strong></span> <span class='ocrx_word' id='word_1_35' title='bbox 514 465 659 516; x_wconf 79' lang='lat' dir='ltr'>opinor.</span> 
     </span>
    </p>

    <p class='ocr_par' dir='ltr' id='par_1_3' title="bbox 299 521 1760 2468">
     <span class='ocr_line' id='line_1_6' title="bbox 354 521 1753 576; baseline -0.003 -13"><span class='ocrx_word' id='word_1_36' title='bbox 354 529 420 564; x_wconf 83' lang='lat'>21.</span> <span class='ocrx_word' id='word_1_37' title='bbox 449 527 578 576; x_wconf 86' lang='lat' dir='ltr'><strong>Atque</strong></span> <span class='ocrx_word' id='word_1_38' title='bbox 592 525 689 562; x_wconf 89' lang='lat' dir='ltr'>illud</span> <span class='ocrx_word' id='word_1_39' title='bbox 708 523 962 568; x_wconf 80' lang='lat' dir='ltr'>considerate,</span> <span class='ocrx_word' id='word_1_40' title='bbox 984 523 1247 568; x_wconf 68' lang='lat' dir='ltr'>Athenienses,</span> <span class='ocrx_word' id='word_1_41' title='bbox 1268 536 1383 573; x_wconf 85' lang='lat' dir='ltr'>quam</span> <span class='ocrx_word' id='word_1_42' title='bbox 1403 522 1606 573; x_wconf 84' lang='lat' dir='ltr'>praeclaras</span> <span class='ocrx_word' id='word_1_43' title='bbox 1626 529 1664 559; x_wconf 90' lang='lat' dir='ltr'>et</span> <span class='ocrx_word' id='word_1_44' title='bbox 1683 521 1753 559; x_wconf 89' lang='lat' dir='ltr'>ad-</span> 
     </span>
     <span class='ocr_line' id='line_1_7' title="bbox 301 583 1752 635; baseline -0.004 -10"><span class='ocrx_word' id='word_1_45' title='bbox 301 587 493 625; x_wconf 76' lang='lat' dir='ltr'>mirabiles</span> <span class='ocrx_word' id='word_1_46' title='bbox 518 587 568 624; x_wconf 87' lang='lat' dir='ltr'>ad</span> <span class='ocrx_word' id='word_1_47' title='bbox 596 598 748 623; x_wconf 82' lang='lat' dir='ltr'>omnem</span> <span class='ocrx_word' id='word_1_48' title='bbox 767 584 1028 635; x_wconf 74' lang='lat' dir='ltr'>posteritatem</span> <span class='ocrx_word' id='word_1_49' title='bbox 1058 584 1324 634; x_wconf 73' lang='lat' dir='ltr'>inscriptiones</span> <span class='ocrx_word' id='word_1_50' title='bbox 1351 583 1570 634; x_wconf 79' lang='lat' dir='ltr'>reipublicae</span> <span class='ocrx_word' id='word_1_51' title='bbox 1586 583 1752 621; x_wconf 89' lang='lat' dir='ltr'>sustule-</span> 
     </span>
     <span class='ocr_line' id='line_1_8' title="bbox 299 644 1752 700; baseline -0.003 -13"><span class='ocrx_word' id='word_1_52' title='bbox 299 650 360 694; x_wconf 91' lang='lat' dir='ltr'>rit,</span> <span class='ocrx_word' id='word_1_53' title='bbox 381 662 494 700; x_wconf 86' lang='lat' dir='ltr'>quam</span> <span class='ocrx_word' id='word_1_54' title='bbox 524 648 660 698; x_wconf 80' lang='lat' dir='ltr'>impias</span> <span class='ocrx_word' id='word_1_55' title='bbox 689 653 728 683; x_wconf 89' lang='lat' dir='ltr'>et</span> <span class='ocrx_word' id='word_1_56' title='bbox 754 645 1014 683; x_wconf 85' lang='lat' dir='ltr'>intolerabiles</span> <span class='ocrx_word' id='word_1_57' title='bbox 1035 646 1259 696; x_wconf 70' lang='lat' dir='ltr'>reposuerit.</span> <span class='ocrx_word' id='word_1_58' title='bbox 1299 646 1474 683; x_wconf 82' lang='lat' dir='ltr'>Arbitror</span> <span class='ocrx_word' id='word_1_59' title='bbox 1493 645 1592 682; x_wconf 90' lang='lat' dir='ltr'>enim</span> <span class='ocrx_word' id='word_1_60' title='bbox 1611 644 1752 682; x_wconf 87' lang='lat' dir='ltr'>vidisse</span> 
     </span>
     <span class='ocr_line' id='line_1_9' title="bbox 302 704 1754 756; baseline -0.005 -9"><span class='ocrx_word' id='word_1_61' title='bbox 302 723 434 748; x_wconf 88' lang='lat' dir='ltr'>omnes</span> <span class='ocrx_word' id='word_1_62' title='bbox 455 722 536 754; x_wconf 78' lang='lat' dir='ltr'>vos,</span> <span class='ocrx_word' id='word_1_63' title='bbox 554 708 592 745; x_wconf 88' lang='lat' dir='ltr'>in</span> <span class='ocrx_word' id='word_1_64' title='bbox 615 719 843 745; x_wconf 82' lang='lat' dir='ltr'>coronarum</span> <span class='ocrx_word' id='word_1_65' title='bbox 864 706 1040 743; x_wconf 86' lang='lat' dir='ltr'>modiolis</span> <span class='ocrx_word' id='word_1_66' title='bbox 1062 707 1196 743; x_wconf 77' lang='lat' dir='ltr'>subtus</span> <span class='ocrx_word' id='word_1_67' title='bbox 1213 706 1438 756; x_wconf 88' lang='lat' dir='ltr'>inscriptum</span> <span class='ocrx_word' id='word_1_68' title='bbox 1455 705 1588 750; x_wconf 86' lang='lat' dir='ltr'>fuisse,</span> <span class='ocrx_word' id='word_1_69' title='bbox 1615 718 1632 742; x_wconf 91' lang='lat' dir='ltr'>s</span> <span class='ocrx_word' id='word_1_70' title='bbox 1648 704 1754 744; x_wconf 89' lang='lat' dir='ltr'>ocii</span> 
     </span>
     <span class='ocr_line' id='line_1_10' title="bbox 301 766 1753 821; baseline -0.004 -13"><span class='ocrx_word' id='word_1_71' title='bbox 301 770 550 821; x_wconf 89' lang='lat' dir='ltr'>populum</span> <span class='ocrx_word' id='word_1_72' title='bbox 588 767 944 806; x_wconf 88' lang='lat' dir='ltr'>fortitudinis</span> <span class='ocrx_word' id='word_1_73' title='bbox 975 781 1096 817; x_wconf 84' lang='lat' dir='ltr'>ergo</span> <span class='ocrx_word' id='word_1_74' title='bbox 1130 774 1181 804; x_wconf 91' lang='lat' dir='ltr'>et</span> <span class='ocrx_word' id='word_1_75' title='bbox 1206 767 1461 818; x_wconf 81' lang='lat' dir='ltr'>justitiae:</span> <span class='ocrx_word' id='word_1_76' title='bbox 1492 772 1572 811; x_wconf 85' lang='lat' dir='ltr'>aut,</span> <span class='ocrx_word' id='word_1_77' title='bbox 1609 766 1753 803; x_wconf 89' lang='lat' dir='ltr'>socii</span> 
     </span>
     <span class='ocr_line' id='line_1_11' title="bbox 303 826 1752 878; baseline -0.003 -11"><span class='ocrx_word' id='word_1_78' title='bbox 303 832 363 869; x_wconf 89' lang='lat' dir='ltr'>do</span> <span class='ocrx_word' id='word_1_79' title='bbox 380 844 402 867; x_wconf 90' lang='lat' dir='ltr'>n</span> <span class='ocrx_word' id='word_1_80' title='bbox 419 843 441 867; x_wconf 94' lang='grc' dir='ltr'><strong>ο</strong></span> <span class='ocrx_word' id='word_1_81' title='bbox 479 830 585 867; x_wconf 86' lang='lat' dir='ltr'>Min</span> <span class='ocrx_word' id='word_1_82' title='bbox 601 842 727 867; x_wconf 85' lang='lat' dir='ltr'>ervae</span> <span class='ocrx_word' id='word_1_83' title='bbox 757 842 777 865; x_wconf 91' lang='lat' dir='ltr'>e</span> <span class='ocrx_word' id='word_1_84' title='bbox 793 842 817 865; x_wconf 85' lang='lat' dir='ltr'>x</span> <span class='ocrx_word' id='word_1_85' title='bbox 851 840 990 864; x_wconf 81' lang='lat' dir='ltr'>manu</span> <span class='ocrx_word' id='word_1_86' title='bbox 1005 827 1122 865; x_wconf 90' lang='lat' dir='ltr'>biis:</span> <span class='ocrx_word' id='word_1_87' title='bbox 1157 836 1222 864; x_wconf 77' lang='lat' dir='ltr'>aut</span> <span class='ocrx_word' id='word_1_88' title='bbox 1242 827 1466 878; x_wconf 80' lang='lat' dir='ltr'>oppidatim,</span> <span class='ocrx_word' id='word_1_89' title='bbox 1481 827 1534 864; x_wconf 90' lang='lat' dir='ltr'>illi</span> <span class='ocrx_word' id='word_1_90' title='bbox 1551 826 1752 877; x_wconf 88' lang='lat' dir='ltr'>populum,</span> 
     </span>
     <span class='ocr_line' id='line_1_12' title="bbox 302 888 1753 941; baseline -0.003 -11"><span class='ocrx_word' id='word_1_91' title='bbox 302 891 517 930; x_wconf 77' lang='lat' dir='ltr'>conservati</span> <span class='ocrx_word' id='word_1_92' title='bbox 541 904 563 928; x_wconf 85' lang='lat' dir='ltr'>a</span> <span class='ocrx_word' id='word_1_93' title='bbox 583 890 746 941; x_wconf 86' lang='lat' dir='ltr'>populo;</span> <span class='ocrx_word' id='word_1_94' title='bbox 767 889 898 935; x_wconf 85' lang='lat' dir='ltr'>veluti,</span> <span class='ocrx_word' id='word_1_95' title='bbox 921 889 1192 926; x_wconf 85' lang='lat' dir='ltr'>Euboeense</span> <span class='ocrx_word' id='word_1_96' title='bbox 1206 902 1223 926; x_wconf 92' lang='lat' dir='ltr'>s</span> <span class='ocrx_word' id='word_1_97' title='bbox 1242 889 1311 926; x_wconf 89' lang='lat' dir='ltr'>lib</span> <span class='ocrx_word' id='word_1_98' title='bbox 1325 889 1450 926; x_wconf 86' lang='lat' dir='ltr'>erati</span> <span class='ocrx_word' id='word_1_99' title='bbox 1475 900 1653 925; x_wconf 84' lang='lat' dir='ltr'>corona</span> <span class='ocrx_word' id='word_1_100' title='bbox 1674 888 1753 925; x_wconf 92' lang='lat' dir='ltr'>do-</span> 
     </span>
     <span class='ocr_line' id='line_1_13' title="bbox 302 948 1755 1002; baseline -0.003 -12"><span class='ocrx_word' id='word_1_101' title='bbox 302 967 327 990; x_wconf 85' lang='lat' dir='ltr'>n</span> <span class='ocrx_word' id='word_1_102' title='bbox 343 966 468 990; x_wconf 83' lang='lat' dir='ltr'>arun</span> <span class='ocrx_word' id='word_1_103' title='bbox 484 959 500 990; x_wconf 91' lang='lat' dir='ltr'>t</span> <span class='ocrx_word' id='word_1_104' title='bbox 527 965 552 1002; x_wconf 93' lang='lat' dir='ltr'>p</span> <span class='ocrx_word' id='word_1_105' title='bbox 567 964 588 989; x_wconf 93' lang='lat' dir='ltr'>o</span> <span class='ocrx_word' id='word_1_106' title='bbox 600 965 624 1002; x_wconf 91' lang='lat' dir='ltr'>p</span> <span class='ocrx_word' id='word_1_107' title='bbox 641 950 685 987; x_wconf 89' lang='lat' dir='ltr'>ul</span> <span class='ocrx_word' id='word_1_108' title='bbox 701 965 725 987; x_wconf 90' lang='lat' dir='ltr'>u</span> <span class='ocrx_word' id='word_1_109' title='bbox 738 964 790 988; x_wconf 87' lang='lat' dir='ltr'>m.</span> <span class='ocrx_word' id='word_1_110' title='bbox 828 950 982 987; x_wconf 86' lang='lat' dir='ltr'>Rursus</span> <span class='ocrx_word' id='word_1_111' title='bbox 1004 949 1143 987; x_wconf 87' lang='lat' dir='ltr'>alicubi</span> <span class='ocrx_word' id='word_1_112' title='bbox 1163 949 1235 986; x_wconf 81' lang='lat' dir='ltr'>fuit</span> <span class='ocrx_word' id='word_1_113' title='bbox 1250 948 1490 999; x_wconf 89' lang='lat' dir='ltr'>inscriptum,</span> <span class='ocrx_word' id='word_1_114' title='bbox 1524 949 1556 985; x_wconf 91' lang='lat' dir='ltr'>C</span> <span class='ocrx_word' id='word_1_115' title='bbox 1570 961 1592 986; x_wconf 95' lang='lat' dir='ltr'>o</span> <span class='ocrx_word' id='word_1_116' title='bbox 1605 962 1629 985; x_wconf 91' lang='lat' dir='ltr'>n</span> <span class='ocrx_word' id='word_1_117' title='bbox 1644 961 1666 985; x_wconf 95' lang='lat' dir='ltr'>o</span> <span class='ocrx_word' id='word_1_118' title='bbox 1694 960 1714 985; x_wconf 90' lang='lat' dir='ltr'>e</span> <span class='ocrx_word' id='word_1_119' title='bbox 1730 961 1755 984; x_wconf 82' lang='lat' dir='ltr'>x</span> 
     </span>
     <span class='ocr_line' id='line_1_14' title="bbox 301 1009 1754 1062; baseline -0.005 -10"><span class='ocrx_word' id='word_1_120' title='bbox 301 1014 483 1052; x_wconf 83' lang='lat' dir='ltr'>navali</span> <span class='ocrx_word' id='word_1_121' title='bbox 512 1013 749 1051; x_wconf 87' lang='lat' dir='ltr'>victoria</span> <span class='ocrx_word' id='word_1_122' title='bbox 776 1018 934 1062; x_wconf 83' lang='lat' dir='ltr'>parta</span> <span class='ocrx_word' id='word_1_123' title='bbox 965 1011 1024 1048; x_wconf 88' lang='lat' dir='ltr'>de</span> <span class='ocrx_word' id='word_1_124' title='bbox 1058 1010 1502 1048; x_wconf 69' lang='lat' dir='ltr'>Lacedaemoniis.</span> <span class='ocrx_word' id='word_1_125' title='bbox 1527 1009 1754 1046; x_wconf 85' lang='lat' dir='ltr'>Talesenim</span> 
     </span>
     <span class='ocr_line' id='line_1_15' title="bbox 300 1072 1755 1124; baseline -0.004 -10"><span class='ocrx_word' id='word_1_126' title='bbox 300 1078 456 1114; x_wconf 81' lang='lat' dir='ltr'>suerunt</span> <span class='ocrx_word' id='word_1_127' title='bbox 467 1088 693 1112; x_wconf 86' lang='lat' dir='ltr'>coronarum</span> <span class='ocrx_word' id='word_1_128' title='bbox 709 1072 988 1124; x_wconf 83' lang='lat' dir='ltr'>inscriptiones.</span> <span class='ocrx_word' id='word_1_129' title='bbox 1017 1075 1115 1115; x_wconf 79' lang='lat' dir='ltr'>Quae</span> <span class='ocrx_word' id='word_1_130' title='bbox 1134 1074 1249 1124; x_wconf 83' lang='lat' dir='ltr'>igitur</span> <span class='ocrx_word' id='word_1_131' title='bbox 1264 1079 1303 1111; x_wconf 90' lang='lat' dir='ltr'>et</span> <span class='ocrx_word' id='word_1_132' title='bbox 1316 1072 1576 1110; x_wconf 82' lang='lat' dir='ltr'>admirationis</span> <span class='ocrx_word' id='word_1_133' title='bbox 1592 1072 1755 1110; x_wconf 87' lang='lat' dir='ltr'>multum</span> 
     </span>
     <span class='ocr_line' id='line_1_16' title="bbox 301 1133 1755 1184; baseline -0.003 -9"><span class='ocrx_word' id='word_1_134' title='bbox 301 1145 340 1175; x_wconf 89' lang='lat' dir='ltr'>et</span> <span class='ocrx_word' id='word_1_135' title='bbox 365 1137 517 1175; x_wconf 87' lang='lat' dir='ltr'>honoris</span> <span class='ocrx_word' id='word_1_136' title='bbox 535 1136 644 1173; x_wconf 90' lang='lat' dir='ltr'>vobis</span> <span class='ocrx_word' id='word_1_137' title='bbox 671 1134 861 1180; x_wconf 83' lang='lat' dir='ltr'>ferebant,</span> <span class='ocrx_word' id='word_1_138' title='bbox 882 1134 1034 1172; x_wconf 74' lang='lat' dir='ltr'>abolitae</span> <span class='ocrx_word' id='word_1_139' title='bbox 1057 1141 1160 1180; x_wconf 88' lang='lat' dir='ltr'>sunt,</span> <span class='ocrx_word' id='word_1_140' title='bbox 1181 1134 1333 1172; x_wconf 90' lang='lat' dir='ltr'>coronis</span> <span class='ocrx_word' id='word_1_141' title='bbox 1355 1133 1562 1172; x_wconf 86' lang='lat' dir='ltr'>destructis</span> <span class='ocrx_word' id='word_1_142' title='bbox 1580 1146 1589 1170; x_wconf 90' lang='lat'>:</span> <span class='ocrx_word' id='word_1_143' title='bbox 1617 1133 1755 1184; x_wconf 81' lang='lat' dir='ltr'>phialis</span> 
     </span>
     <span class='ocr_line' id='line_1_17' title="bbox 301 1194 1753 1248; baseline -0.003 -12"><span class='ocrx_word' id='word_1_144' title='bbox 301 1205 444 1244; x_wconf 83' lang='lat' dir='ltr'>autem,</span> <span class='ocrx_word' id='word_1_145' title='bbox 465 1210 560 1248; x_wconf 87' lang='lat' dir='ltr'>quas</span> <span class='ocrx_word' id='word_1_146' title='bbox 581 1209 711 1234; x_wconf 89' lang='lat' dir='ltr'>earum</span> <span class='ocrx_word' id='word_1_147' title='bbox 731 1196 818 1233; x_wconf 89' lang='lat' dir='ltr'>Ioco</span> <span class='ocrx_word' id='word_1_148' title='bbox 832 1195 940 1232; x_wconf 88' lang='lat' dir='ltr'>vobis</span> <span class='ocrx_word' id='word_1_149' title='bbox 960 1195 1033 1232; x_wconf 87' lang='lat' dir='ltr'>iste</span> <span class='ocrx_word' id='word_1_150' title='bbox 1053 1195 1143 1232; x_wconf 82' lang='lat' dir='ltr'>fecit</span> <span class='ocrx_word' id='word_1_151' title='bbox 1161 1194 1390 1246; x_wconf 87' lang='lat' dir='ltr'>impudicus,</span> <span class='ocrx_word' id='word_1_152' title='bbox 1422 1194 1490 1231; x_wconf 85' lang='lat' dir='ltr'>An</span> <span class='ocrx_word' id='word_1_153' title='bbox 1507 1194 1531 1231; x_wconf 94' lang='lat' dir='ltr'>d</span> <span class='ocrx_word' id='word_1_154' title='bbox 1546 1208 1562 1231; x_wconf 89' lang='lat' dir='ltr'>r</span> <span class='ocrx_word' id='word_1_155' title='bbox 1575 1195 1678 1231; x_wconf 87' lang='lat' dir='ltr'>otio</span> <span class='ocrx_word' id='word_1_156' title='bbox 1693 1207 1716 1245; x_wconf 82' lang='lat' dir='ltr'>n</span> <span class='ocrx_word' id='word_1_157' title='bbox 1733 1207 1753 1231; x_wconf 85' lang='lat' dir='ltr'>e</span> 
     </span>
     <span class='ocr_line' id='line_1_18' title="bbox 301 1255 1755 1307; baseline -0.003 -10"><span class='ocrx_word' id='word_1_158' title='bbox 301 1274 323 1297; x_wconf 87' lang='lat' dir='ltr'>c</span> <span class='ocrx_word' id='word_1_159' title='bbox 336 1274 360 1297; x_wconf 89' lang='grc' dir='ltr'>ιι</span> <span class='ocrx_word' id='word_1_160' title='bbox 373 1273 391 1296; x_wconf 88' lang='lat' dir='ltr'>r</span> <span class='ocrx_word' id='word_1_161' title='bbox 405 1273 425 1297; x_wconf 89' lang='lat' dir='ltr'>a</span> <span class='ocrx_word' id='word_1_162' title='bbox 439 1266 487 1296; x_wconf 86' lang='lat' dir='ltr'>to</span> <span class='ocrx_word' id='word_1_163' title='bbox 500 1272 517 1296; x_wconf 94' lang='lat' dir='ltr'>r</span> <span class='ocrx_word' id='word_1_164' title='bbox 529 1272 549 1296; x_wconf 90' lang='lat' dir='ltr'>e</span> <span class='ocrx_word' id='word_1_165' title='bbox 583 1259 632 1295; x_wconf 85' lang='lat' dir='ltr'>fa</span> <span class='ocrx_word' id='word_1_166' title='bbox 645 1271 665 1295; x_wconf 93' lang='lat' dir='ltr'>c</span> <span class='ocrx_word' id='word_1_167' title='bbox 679 1265 694 1294; x_wconf 90' lang='lat' dir='ltr'>t</span> <span class='ocrx_word' id='word_1_168' title='bbox 706 1271 738 1294; x_wconf 81' lang='lat' dir='ltr'>ae</span> <span class='ocrx_word' id='word_1_169' title='bbox 783 1270 800 1294; x_wconf 94' lang='lat' dir='ltr'>s</span> <span class='ocrx_word' id='word_1_170' title='bbox 815 1270 839 1293; x_wconf 89' lang='lat' dir='ltr'>u</span> <span class='ocrx_word' id='word_1_171' title='bbox 856 1270 880 1293; x_wconf 91' lang='lat' dir='ltr'>n</span> <span class='ocrx_word' id='word_1_172' title='bbox 896 1264 924 1301; x_wconf 86' lang='lat' dir='ltr'>t,</span> <span class='ocrx_word' id='word_1_173' title='bbox 958 1257 1185 1307; x_wconf 87' lang='lat' dir='ltr'>inscriptum</span> <span class='ocrx_word' id='word_1_174' title='bbox 1222 1262 1293 1293; x_wconf 87' lang='lat' dir='ltr'>est.</span> <span class='ocrx_word' id='word_1_175' title='bbox 1351 1255 1401 1293; x_wconf 88' lang='lat' dir='ltr'>Et</span> <span class='ocrx_word' id='word_1_176' title='bbox 1428 1256 1536 1306; x_wconf 87' lang='lat' dir='ltr'>cujus</span> <span class='ocrx_word' id='word_1_177' title='bbox 1563 1256 1755 1306; x_wconf 89' lang='lat' dir='ltr'>pollutum</span> 
     </span>
     <span class='ocr_line' id='line_1_19' title="bbox 301 1316 1755 1369; baseline -0.003 -11"><span class='ocrx_word' id='word_1_178' title='bbox 301 1320 521 1358; x_wconf 87' lang='lat' dir='ltr'>libidinibus</span> <span class='ocrx_word' id='word_1_179' title='bbox 555 1332 693 1369; x_wconf 88' lang='lat' dir='ltr'>corpus</span> <span class='ocrx_word' id='word_1_180' title='bbox 720 1318 870 1368; x_wconf 87' lang='lat' dir='ltr'>ingredi</span> <span class='ocrx_word' id='word_1_181' title='bbox 903 1318 994 1355; x_wconf 83' lang='lat' dir='ltr'>fana</span> <span class='ocrx_word' id='word_1_182' title='bbox 1022 1317 1128 1367; x_wconf 83' lang='lat' dir='ltr'>leges</span> <span class='ocrx_word' id='word_1_183' title='bbox 1158 1330 1235 1354; x_wconf 89' lang='lat' dir='ltr'>non</span> <span class='ocrx_word' id='word_1_184' title='bbox 1265 1317 1406 1360; x_wconf 84' lang='lat' dir='ltr'>sinunt,</span> <span class='ocrx_word' id='word_1_185' title='bbox 1437 1316 1520 1366; x_wconf 90' lang='lat' dir='ltr'>ejus</span> <span class='ocrx_word' id='word_1_186' title='bbox 1549 1329 1688 1354; x_wconf 86' lang='lat' dir='ltr'>nomen</span> <span class='ocrx_word' id='word_1_187' title='bbox 1717 1317 1755 1353; x_wconf 87' lang='lat' dir='ltr'>in</span> 
     </span>
     <span class='ocr_line' id='line_1_20' title="bbox 301 1377 1753 1432; baseline -0.003 -13"><span class='ocrx_word' id='word_1_188' title='bbox 301 1382 400 1420; x_wconf 78' lang='lat' dir='ltr'>fanis</span> <span class='ocrx_word' id='word_1_189' title='bbox 421 1381 560 1432; x_wconf 83' lang='lat' dir='ltr'>phialis</span> <span class='ocrx_word' id='word_1_190' title='bbox 585 1379 810 1429; x_wconf 86' lang='lat' dir='ltr'>inscriptum</span> <span class='ocrx_word' id='word_1_191' title='bbox 832 1385 912 1416; x_wconf 88' lang='lat' dir='ltr'>est:</span> <span class='ocrx_word' id='word_1_192' title='bbox 943 1378 1219 1416; x_wconf 80' lang='lat' dir='ltr'>conferendum</span> <span class='ocrx_word' id='word_1_193' title='bbox 1239 1377 1398 1422; x_wconf 90' lang='lat' dir='ltr'>scilieet,</span> <span class='ocrx_word' id='word_1_194' title='bbox 1427 1390 1505 1414; x_wconf 89' lang='lat' dir='ltr'>non</span> <span class='ocrx_word' id='word_1_195' title='bbox 1527 1391 1632 1423; x_wconf 82' lang='lat' dir='ltr'>sane,</span> <span class='ocrx_word' id='word_1_196' title='bbox 1651 1384 1753 1415; x_wconf 83' lang='lat' dir='ltr'>vete-</span> 
     </span>
     <span class='ocr_line' id='line_1_21' title="bbox 299 1438 1756 1490; baseline -0.003 -11"><span class='ocrx_word' id='word_1_197' title='bbox 299 1444 405 1480; x_wconf 88' lang='lat' dir='ltr'>ribus</span> <span class='ocrx_word' id='word_1_198' title='bbox 424 1442 497 1479; x_wconf 92' lang='lat' dir='ltr'>illis</span> <span class='ocrx_word' id='word_1_199' title='bbox 517 1440 844 1490; x_wconf 82' lang='lat' dir='ltr'>inscriptionibus,</span> <span class='ocrx_word' id='word_1_200' title='bbox 864 1446 903 1477; x_wconf 90' lang='lat' dir='ltr'>et</span> <span class='ocrx_word' id='word_1_201' title='bbox 921 1439 1021 1477; x_wconf 87' lang='lat' dir='ltr'>idem</span> <span class='ocrx_word' id='word_1_202' title='bbox 1041 1440 1162 1484; x_wconf 88' lang='lat' dir='ltr'>vobis,</span> <span class='ocrx_word' id='word_1_203' title='bbox 1193 1439 1224 1476; x_wconf 91' lang='lat' dir='ltr'>si</span> <span class='ocrx_word' id='word_1_204' title='bbox 1253 1439 1324 1475; x_wconf 88' lang='lat' dir='ltr'>diis</span> <span class='ocrx_word' id='word_1_205' title='bbox 1349 1439 1489 1489; x_wconf 89' lang='lat' dir='ltr'>placet,</span> <span class='ocrx_word' id='word_1_206' title='bbox 1517 1439 1671 1476; x_wconf 85' lang='lat' dir='ltr'>honoris</span> <span class='ocrx_word' id='word_1_207' title='bbox 1701 1438 1756 1476; x_wconf 87' lang='lat' dir='ltr'>fe-</span> 
     </span>
     <span class='ocr_line' id='line_1_22' title="bbox 302 1498 1757 1549; baseline -0.003 -8"><span class='ocrx_word' id='word_1_208' title='bbox 302 1503 418 1541; x_wconf 78' lang='lat' dir='ltr'>rens?</span> <span class='ocrx_word' id='word_1_209' title='bbox 448 1503 511 1540; x_wconf 88' lang='lat' dir='ltr'>Sic</span> <span class='ocrx_word' id='word_1_210' title='bbox 531 1503 603 1539; x_wconf 83' lang='lat' dir='ltr'>tria</span> <span class='ocrx_word' id='word_1_211' title='bbox 618 1514 684 1539; x_wconf 90' lang='lat' dir='ltr'>eos</span> <span class='ocrx_word' id='word_1_212' title='bbox 706 1500 945 1538; x_wconf 83' lang='lat' dir='ltr'>atrocissima</span> <span class='ocrx_word' id='word_1_213' title='bbox 965 1500 1197 1537; x_wconf 84' lang='lat' dir='ltr'>commisisse</span> <span class='ocrx_word' id='word_1_214' title='bbox 1215 1499 1455 1549; x_wconf 84' lang='lat' dir='ltr'>perspicitur.</span> <span class='ocrx_word' id='word_1_215' title='bbox 1504 1499 1603 1536; x_wconf 86' lang='lat' dir='ltr'>Nam</span> <span class='ocrx_word' id='word_1_216' title='bbox 1623 1505 1661 1536; x_wconf 91' lang='lat' dir='ltr'>et</span> <span class='ocrx_word' id='word_1_217' title='bbox 1680 1498 1757 1536; x_wconf 93' lang='lat' dir='ltr'>Mi-</span> 
     </span>
     <span class='ocr_line' id='line_1_23' title="bbox 302 1560 1758 1612; baseline -0.003 -10"><span class='ocrx_word' id='word_1_218' title='bbox 302 1577 457 1602; x_wconf 84' lang='lat' dir='ltr'>nervam</span> <span class='ocrx_word' id='word_1_219' title='bbox 487 1562 637 1600; x_wconf 84' lang='lat' dir='ltr'>coronis</span> <span class='ocrx_word' id='word_1_220' title='bbox 667 1562 903 1612; x_wconf 81' lang='lat' dir='ltr'>spoliarunt:</span> <span class='ocrx_word' id='word_1_221' title='bbox 935 1567 973 1599; x_wconf 88' lang='lat' dir='ltr'>et</span> <span class='ocrx_word' id='word_1_222' title='bbox 1004 1562 1153 1611; x_wconf 87' lang='lat' dir='ltr'>reipub.</span> <span class='ocrx_word' id='word_1_223' title='bbox 1185 1560 1474 1598; x_wconf 80' lang='lat' dir='ltr'>admirationem</span> <span class='ocrx_word' id='word_1_224' title='bbox 1504 1560 1758 1607; x_wconf 89' lang='lat' dir='ltr'>sustulerunt,</span> 
     </span>
     <span class='ocr_line' id='line_1_24' title="bbox 302 1622 1758 1676; baseline -0.002 -13"><span class='ocrx_word' id='word_1_225' title='bbox 302 1639 389 1676; x_wconf 84' lang='lat' dir='ltr'>quae</span> <span class='ocrx_word' id='word_1_226' title='bbox 409 1638 456 1662; x_wconf 82' lang='lat' dir='ltr'>ex</span> <span class='ocrx_word' id='word_1_227' title='bbox 485 1625 526 1662; x_wconf 89' lang='lat' dir='ltr'>iis</span> <span class='ocrx_word' id='word_1_228' title='bbox 555 1624 664 1662; x_wconf 83' lang='lat' dir='ltr'>factis</span> <span class='ocrx_word' id='word_1_229' title='bbox 691 1623 910 1669; x_wconf 84' lang='lat' dir='ltr'>exsistebat,</span> <span class='ocrx_word' id='word_1_230' title='bbox 942 1636 1101 1673; x_wconf 88' lang='lat' dir='ltr'>quorum</span> <span class='ocrx_word' id='word_1_231' title='bbox 1134 1635 1289 1660; x_wconf 79' lang='lat' dir='ltr'>coronae</span> <span class='ocrx_word' id='word_1_232' title='bbox 1318 1622 1408 1668; x_wconf 80' lang='lat' dir='ltr'>illae,</span> <span class='ocrx_word' id='word_1_233' title='bbox 1437 1622 1528 1659; x_wconf 89' lang='lat' dir='ltr'>dum</span> <span class='ocrx_word' id='word_1_234' title='bbox 1562 1622 1758 1668; x_wconf 87' lang='lat' dir='ltr'>adessent,</span> 
     </span>
     <span class='ocr_line' id='line_1_25' title="bbox 303 1682 1758 1736; baseline -0.002 -11"><span class='ocrx_word' id='word_1_235' title='bbox 303 1688 537 1725; x_wconf 83' lang='lat' dir='ltr'>monimenta</span> <span class='ocrx_word' id='word_1_236' title='bbox 567 1686 747 1723; x_wconf 84' lang='lat' dir='ltr'>fuerunt:</span> <span class='ocrx_word' id='word_1_237' title='bbox 775 1692 814 1723; x_wconf 88' lang='lat' dir='ltr'>et</span> <span class='ocrx_word' id='word_1_238' title='bbox 838 1685 883 1723; x_wconf 90' lang='lat' dir='ltr'>iis</span> <span class='ocrx_word' id='word_1_239' title='bbox 917 1699 940 1723; x_wconf 79' lang='lat' dir='ltr'>a</span> <span class='ocrx_word' id='word_1_240' title='bbox 968 1685 1106 1736; x_wconf 88' lang='lat' dir='ltr'>quibus</span> <span class='ocrx_word' id='word_1_241' title='bbox 1138 1691 1374 1722; x_wconf 79' lang='lat' dir='ltr'>consecratae</span> <span class='ocrx_word' id='word_1_242' title='bbox 1404 1682 1568 1730; x_wconf 73' lang='lat' dir='ltr'>fueraut,</span> <span class='ocrx_word' id='word_1_243' title='bbox 1598 1685 1758 1734; x_wconf 84' lang='lat' dir='ltr'>gloriam</span> 
     </span>
     <span class='ocr_line' id='line_1_26' title="bbox 303 1746 1757 1801; baseline -0.003 -13"><span class='ocrx_word' id='word_1_244' title='bbox 303 1764 381 1788; x_wconf 89' lang='lat' dir='ltr'>non</span> <span class='ocrx_word' id='word_1_245' title='bbox 399 1762 556 1801; x_wconf 88' lang='lat' dir='ltr'>parvam</span> <span class='ocrx_word' id='word_1_246' title='bbox 577 1749 804 1786; x_wconf 87' lang='lat' dir='ltr'>ademerunt</span> <span class='ocrx_word' id='word_1_247' title='bbox 831 1747 1020 1799; x_wconf 89' lang='lat' dir='ltr'>opinionis</span> <span class='ocrx_word' id='word_1_248' title='bbox 1041 1748 1139 1799; x_wconf 87' lang='lat' dir='ltr'>ejus,</span> <span class='ocrx_word' id='word_1_249' title='bbox 1171 1760 1249 1797; x_wconf 85' lang='lat' dir='ltr'>qua</span> <span class='ocrx_word' id='word_1_250' title='bbox 1276 1746 1374 1797; x_wconf 83' lang='lat' dir='ltr'>grati</span> <span class='ocrx_word' id='word_1_251' title='bbox 1402 1747 1516 1784; x_wconf 86' lang='lat' dir='ltr'>animi</span> <span class='ocrx_word' id='word_1_252' title='bbox 1534 1747 1757 1784; x_wconf 84' lang='lat' dir='ltr'>memoriam</span> 
     </span>
     <span class='ocr_line' id='line_1_27' title="bbox 303 1807 1757 1858; baseline -0.003 -9"><span class='ocrx_word' id='word_1_253' title='bbox 303 1812 434 1849; x_wconf 87' lang='lat' dir='ltr'>testari</span> <span class='ocrx_word' id='word_1_254' title='bbox 454 1810 670 1848; x_wconf 78' lang='lat' dir='ltr'>voluerunt,</span> <span class='ocrx_word' id='word_1_255' title='bbox 720 1809 803 1846; x_wconf 82' lang='lat' dir='ltr'>Etsi.</span> <span class='ocrx_word' id='word_1_256' title='bbox 823 1816 950 1846; x_wconf 86' lang='lat' dir='ltr'>autem</span> <span class='ocrx_word' id='word_1_257' title='bbox 971 1815 1028 1846; x_wconf 89' lang='lat' dir='ltr'>tot</span> <span class='ocrx_word' id='word_1_258' title='bbox 1046 1816 1085 1846; x_wconf 88' lang='lat' dir='ltr'>et</span> <span class='ocrx_word' id='word_1_259' title='bbox 1104 1815 1212 1846; x_wconf 84' lang='lat' dir='ltr'>tanta</span> <span class='ocrx_word' id='word_1_260' title='bbox 1228 1808 1399 1845; x_wconf 83' lang='lat' dir='ltr'>facinora</span> <span class='ocrx_word' id='word_1_261' title='bbox 1425 1807 1689 1858; x_wconf 86' lang='lat' dir='ltr'>designarunt,</span> <span class='ocrx_word' id='word_1_262' title='bbox 1711 1821 1757 1845; x_wconf 91' lang='lat' dir='ltr'>eo</span> 
     </span>
     <span class='ocr_line' id='line_1_28' title="bbox 303 1869 1756 1921; baseline -0.003 -11"><span class='ocrx_word' id='word_1_263' title='bbox 303 1872 416 1910; x_wconf 90' lang='lat' dir='ltr'>simul</span> <span class='ocrx_word' id='word_1_264' title='bbox 435 1878 472 1909; x_wconf 89' lang='lat' dir='ltr'>et</span> <span class='ocrx_word' id='word_1_265' title='bbox 486 1871 650 1921; x_wconf 89' lang='lat' dir='ltr'>stuporis</span> <span class='ocrx_word' id='word_1_266' title='bbox 669 1876 709 1907; x_wconf 87' lang='lat' dir='ltr'>et</span> <span class='ocrx_word' id='word_1_267' title='bbox 727 1870 890 1920; x_wconf 84' lang='lat' dir='ltr'>ignaviae</span> <span class='ocrx_word' id='word_1_268' title='bbox 907 1876 997 1907; x_wconf 88' lang='lat' dir='ltr'>sunt</span> <span class='ocrx_word' id='word_1_269' title='bbox 1014 1869 1221 1920; x_wconf 85' lang='lat' dir='ltr'>progressi,</span> <span class='ocrx_word' id='word_1_270' title='bbox 1238 1875 1281 1905; x_wconf 93' lang='lat' dir='ltr'>ut</span> <span class='ocrx_word' id='word_1_271' title='bbox 1300 1870 1384 1906; x_wconf 86' lang='lat' dir='ltr'>haec</span> <span class='ocrx_word' id='word_1_272' title='bbox 1399 1875 1582 1918; x_wconf 84' lang='lat' dir='ltr'>tanquam</span> <span class='ocrx_word' id='word_1_273' title='bbox 1603 1881 1641 1906; x_wconf 89' lang='lat' dir='ltr'>re</span> <span class='ocrx_word' id='word_1_274' title='bbox 1656 1869 1756 1906; x_wconf 89' lang='lat' dir='ltr'>bene</span> 
     </span>
     <span class='ocr_line' id='line_1_29' title="bbox 305 1930 1757 1984; baseline -0.003 -13"><span class='ocrx_word' id='word_1_275' title='bbox 305 1940 414 1984; x_wconf 80' lang='lat' dir='ltr'>gesta</span> <span class='ocrx_word' id='word_1_276' title='bbox 437 1933 660 1975; x_wconf 88' lang='lat' dir='ltr'>celebrent;</span> <span class='ocrx_word' id='word_1_277' title='bbox 694 1932 823 1980; x_wconf 80' lang='lat' dir='ltr'>itaque</span> <span class='ocrx_word' id='word_1_278' title='bbox 861 1931 934 1968; x_wconf 89' lang='lat' dir='ltr'>iste</span> <span class='ocrx_word' id='word_1_279' title='bbox 964 1943 1005 1967; x_wconf 89' lang='lat' dir='ltr'>se</span> <span class='ocrx_word' id='word_1_280' title='bbox 1033 1936 1143 1980; x_wconf 90' lang='lat' dir='ltr'>putat</span> <span class='ocrx_word' id='word_1_281' title='bbox 1170 1938 1325 1981; x_wconf 86' lang='lat' dir='ltr'>propter</span> <span class='ocrx_word' id='word_1_282' title='bbox 1353 1930 1448 1967; x_wconf 87' lang='lat' dir='ltr'>istos</span> <span class='ocrx_word' id='word_1_283' title='bbox 1486 1936 1757 1967; x_wconf 85' lang='lat' dir='ltr'>conservatum</span> 
     </span>
     <span class='ocr_line' id='line_1_30' title="bbox 303 1990 1758 2042; baseline -0.003 -10"><span class='ocrx_word' id='word_1_284' title='bbox 303 1995 369 2032; x_wconf 89' lang='lat' dir='ltr'>iri:</span> <span class='ocrx_word' id='word_1_285' title='bbox 399 1993 496 2031; x_wconf 88' lang='lat' dir='ltr'>alius</span> <span class='ocrx_word' id='word_1_286' title='bbox 526 1992 684 2036; x_wconf 86' lang='lat' dir='ltr'>assidet,</span> <span class='ocrx_word' id='word_1_287' title='bbox 715 2004 842 2042; x_wconf 89' lang='lat' dir='ltr'>neque</span> <span class='ocrx_word' id='word_1_288' title='bbox 871 2005 911 2028; x_wconf 88' lang='lat' dir='ltr'>se</span> <span class='ocrx_word' id='word_1_289' title='bbox 942 1991 1049 2029; x_wconf 86' lang='lat' dir='ltr'>abdit</span> <span class='ocrx_word' id='word_1_290' title='bbox 1076 1998 1229 2042; x_wconf 88' lang='lat' dir='ltr'>propter</span> <span class='ocrx_word' id='word_1_291' title='bbox 1257 1990 1440 2029; x_wconf 82' lang='lat' dir='ltr'>facinora.</span> <span class='ocrx_word' id='word_1_292' title='bbox 1490 1991 1622 2041; x_wconf 88' lang='lat' dir='ltr'>Usque</span> <span class='ocrx_word' id='word_1_293' title='bbox 1659 1990 1758 2028; x_wconf 82' lang='lat' dir='ltr'>adeo</span> 
     </span>
     <span class='ocr_line' id='line_1_31' title="bbox 302 2052 1760 2106; baseline -0.002 -14"><span class='ocrx_word' id='word_1_294' title='bbox 302 2068 415 2106; x_wconf 89' lang='lat' dir='ltr'>porro</span> <span class='ocrx_word' id='word_1_295' title='bbox 436 2067 513 2091; x_wconf 89' lang='lat' dir='ltr'>non</span> <span class='ocrx_word' id='word_1_296' title='bbox 534 2053 648 2091; x_wconf 87' lang='lat' dir='ltr'>modo</span> <span class='ocrx_word' id='word_1_297' title='bbox 675 2053 850 2103; x_wconf 81' lang='lat' dir='ltr'>pecuniae</span> <span class='ocrx_word' id='word_1_298' title='bbox 879 2053 1027 2098; x_wconf 91' lang='lat' dir='ltr'>avidus,</span> <span class='ocrx_word' id='word_1_299' title='bbox 1059 2052 1128 2090; x_wconf 88' lang='lat' dir='ltr'>sed</span> <span class='ocrx_word' id='word_1_300' title='bbox 1158 2059 1196 2089; x_wconf 90' lang='lat' dir='ltr'>et</span> <span class='ocrx_word' id='word_1_301' title='bbox 1226 2053 1405 2103; x_wconf 89' lang='lat' dir='ltr'>stupidus</span> <span class='ocrx_word' id='word_1_302' title='bbox 1435 2058 1507 2098; x_wconf 89' lang='lat' dir='ltr'>est,</span> <span class='ocrx_word' id='word_1_303' title='bbox 1536 2058 1581 2090; x_wconf 88' lang='lat' dir='ltr'>ut</span> <span class='ocrx_word' id='word_1_304' title='bbox 1606 2052 1760 2103; x_wconf 84' lang='lat' dir='ltr'>ignoret</span> 
     </span>
     <span class='ocr_line' id='line_1_32' title="bbox 302 2113 1758 2164; baseline -0.003 -10"><span class='ocrx_word' id='word_1_305' title='bbox 302 2116 411 2161; x_wconf 86' lang='lat' dir='ltr'>illud,</span> <span class='ocrx_word' id='word_1_306' title='bbox 433 2127 595 2153; x_wconf 83' lang='lat' dir='ltr'>coronas</span> <span class='ocrx_word' id='word_1_307' title='bbox 616 2114 766 2151; x_wconf 81' lang='lat' dir='ltr'>virtutis</span> <span class='ocrx_word' id='word_1_308' title='bbox 793 2114 946 2164; x_wconf 77' lang='lat' dir='ltr'>signum</span> <span class='ocrx_word' id='word_1_309' title='bbox 976 2126 1072 2159; x_wconf 88' lang='lat' dir='ltr'>esse,</span> <span class='ocrx_word' id='word_1_310' title='bbox 1103 2113 1252 2164; x_wconf 83' lang='lat' dir='ltr'>phialas</span> <span class='ocrx_word' id='word_1_311' title='bbox 1282 2121 1411 2151; x_wconf 86' lang='lat' dir='ltr'>autem</span> <span class='ocrx_word' id='word_1_312' title='bbox 1431 2120 1470 2150; x_wconf 84' lang='lat' dir='ltr'>et</span> <span class='ocrx_word' id='word_1_313' title='bbox 1497 2114 1579 2164; x_wconf 86' lang='lat' dir='ltr'>ejus</span> <span class='ocrx_word' id='word_1_314' title='bbox 1609 2114 1758 2164; x_wconf 85' lang='lat' dir='ltr'>generis</span> 
     </span>
     <span class='ocr_line' id='line_1_33' title="bbox 305 2173 1757 2225; baseline -0.003 -10"><span class='ocrx_word' id='word_1_315' title='bbox 305 2178 394 2222; x_wconf 85' lang='lat' dir='ltr'>alia,</span> <span class='ocrx_word' id='word_1_316' title='bbox 423 2176 663 2214; x_wconf 82' lang='lat' dir='ltr'>divitiarum:</span> <span class='ocrx_word' id='word_1_317' title='bbox 693 2181 733 2213; x_wconf 89' lang='lat' dir='ltr'>et</span> <span class='ocrx_word' id='word_1_318' title='bbox 770 2174 980 2224; x_wconf 84' lang='lat' dir='ltr'>quamlibet</span> <span class='ocrx_word' id='word_1_319' title='bbox 1019 2187 1213 2219; x_wconf 80' lang='lat' dir='ltr'>coronam,</span> <span class='ocrx_word' id='word_1_320' title='bbox 1243 2174 1315 2211; x_wconf 87' lang='lat' dir='ltr'>etsi</span> <span class='ocrx_word' id='word_1_321' title='bbox 1344 2187 1461 2224; x_wconf 85' lang='lat' dir='ltr'>parva</span> <span class='ocrx_word' id='word_1_322' title='bbox 1493 2173 1618 2218; x_wconf 84' lang='lat' dir='ltr'>fuerit,</span> <span class='ocrx_word' id='word_1_323' title='bbox 1649 2187 1757 2225; x_wconf 85' lang='lat' dir='ltr'>aeque</span> 
     </span>
     <span class='ocr_line' id='line_1_34' title="bbox 304 2233 1759 2285; baseline -0.004 -8"><span class='ocrx_word' id='word_1_324' title='bbox 304 2253 387 2278; x_wconf 87' lang='lat' dir='ltr'>esse</span> <span class='ocrx_word' id='word_1_325' title='bbox 407 2237 658 2275; x_wconf 76' lang='lat' dir='ltr'>honorificam</span> <span class='ocrx_word' id='word_1_326' title='bbox 685 2243 729 2273; x_wconf 86' lang='lat' dir='ltr'>ut</span> <span class='ocrx_word' id='word_1_327' title='bbox 749 2248 942 2285; x_wconf 80' lang='lat' dir='ltr'>magnam,</span> <span class='ocrx_word' id='word_1_328' title='bbox 961 2235 1102 2285; x_wconf 84' lang='lat' dir='ltr'>pocula</span> <span class='ocrx_word' id='word_1_329' title='bbox 1130 2242 1257 2272; x_wconf 81' lang='lat' dir='ltr'>autem</span> <span class='ocrx_word' id='word_1_330' title='bbox 1278 2240 1316 2272; x_wconf 88' lang='lat' dir='ltr'>et</span> <span class='ocrx_word' id='word_1_331' title='bbox 1334 2234 1538 2280; x_wconf 85' lang='lat' dir='ltr'>thuribula,</span> <span class='ocrx_word' id='word_1_332' title='bbox 1569 2233 1600 2271; x_wconf 91' lang='lat' dir='ltr'>si</span> <span class='ocrx_word' id='word_1_333' title='bbox 1621 2247 1759 2285; x_wconf 84' lang='lat' dir='ltr'>magna</span> 
     </span>
     <span class='ocr_line' id='line_1_35' title="bbox 306 2295 1758 2346; baseline -0.003 -9"><span class='ocrx_word' id='word_1_334' title='bbox 306 2301 355 2338; x_wconf 90' lang='lat' dir='ltr'>sit</span> <span class='ocrx_word' id='word_1_335' title='bbox 386 2312 515 2337; x_wconf 79' lang='lat' dir='ltr'>eorum</span> <span class='ocrx_word' id='word_1_336' title='bbox 549 2297 771 2342; x_wconf 87' lang='lat' dir='ltr'>multitudo,</span> <span class='ocrx_word' id='word_1_337' title='bbox 799 2296 1005 2346; x_wconf 67' lang='lat' dir='ltr'>opulenti-de</span> <span class='ocrx_word' id='word_1_338' title='bbox 1035 2295 1228 2345; x_wconf 85' lang='lat' dir='ltr'>quandam</span> <span class='ocrx_word' id='word_1_339' title='bbox 1257 2295 1422 2332; x_wconf 84' lang='lat' dir='ltr'>excitare</span> <span class='ocrx_word' id='word_1_340' title='bbox 1457 2295 1673 2345; x_wconf 90' lang='lat' dir='ltr'>opinionem</span> <span class='ocrx_word' id='word_1_341' title='bbox 1708 2295 1758 2332; x_wconf 91' lang='lat' dir='ltr'>de</span> 
     </span>
     <span class='ocr_line' id='line_1_36' title="bbox 304 2355 1757 2413; baseline -0.004 -14"><span class='ocrx_word' id='word_1_342' title='bbox 304 2359 605 2413; x_wconf 77' lang='lat' dir='ltr'>possessoribus,</span> <span class='ocrx_word' id='word_1_343' title='bbox 628 2358 686 2395; x_wconf 91' lang='lat' dir='ltr'>sin</span> <span class='ocrx_word' id='word_1_344' title='bbox 716 2357 841 2408; x_wconf 86' lang='lat' dir='ltr'>parvis</span> <span class='ocrx_word' id='word_1_345' title='bbox 872 2363 910 2393; x_wconf 86' lang='lat' dir='ltr'>et</span> <span class='ocrx_word' id='word_1_346' title='bbox 937 2357 1070 2407; x_wconf 78' lang='lat' dir='ltr'>paucis</span> <span class='ocrx_word' id='word_1_347' title='bbox 1093 2356 1266 2407; x_wconf 74' lang='lat' dir='ltr'>gloriere,</span> <span class='ocrx_word' id='word_1_348' title='bbox 1286 2362 1434 2394; x_wconf 90' lang='lat' dir='ltr'>tantum</span> <span class='ocrx_word' id='word_1_349' title='bbox 1458 2356 1593 2393; x_wconf 86' lang='lat' dir='ltr'>abesse</span> <span class='ocrx_word' id='word_1_350' title='bbox 1623 2362 1666 2393; x_wconf 90' lang='lat' dir='ltr'>ut</span> <span class='ocrx_word' id='word_1_351' title='bbox 1687 2355 1757 2393; x_wconf 87' lang='lat' dir='ltr'>ho-</span> 
     </span>
     <span class='ocr_line' id='line_1_37' title="bbox 305 2417 1168 2468; baseline -0.007 -8"><span class='ocrx_word' id='word_1_352' title='bbox 305 2422 387 2460; x_wconf 88' lang='lat' dir='ltr'>nori</span> <span class='ocrx_word' id='word_1_353' title='bbox 407 2422 496 2465; x_wconf 85' lang='lat' dir='ltr'>sint,</span> <span class='ocrx_word' id='word_1_354' title='bbox 517 2426 558 2456; x_wconf 82' lang='lat' dir='ltr'>ut</span> <span class='ocrx_word' id='word_1_355' title='bbox 578 2419 693 2456; x_wconf 85' lang='lat' dir='ltr'>etiam</span> <span class='ocrx_word' id='word_1_356' title='bbox 715 2419 868 2468; x_wconf 87' lang='lat' dir='ltr'>ineptus</span> <span class='ocrx_word' id='word_1_357' title='bbox 889 2430 972 2455; x_wconf 88' lang='lat' dir='ltr'>esse</span> <span class='ocrx_word' id='word_1_358' title='bbox 992 2417 1168 2455; x_wconf 84' lang='lat' dir='ltr'>videaris.</span> 
     </span>
    </p>

    <p class='ocr_par' dir='ltr' id='par_1_4' title="bbox 306 2477 1760 2957">
     <span class='ocr_line' id='line_1_38' title="bbox 359 2477 1760 2529; baseline -0.002 -10"><span class='ocrx_word' id='word_1_359' title='bbox 359 2485 424 2519; x_wconf 74' lang='lat'>22.</span> <span class='ocrx_word' id='word_1_360' title='bbox 457 2482 532 2518; x_wconf 89' lang='lat' dir='ltr'>Iste</span> <span class='ocrx_word' id='word_1_361' title='bbox 553 2487 680 2517; x_wconf 81' lang='lat' dir='ltr'>autem</span> <span class='ocrx_word' id='word_1_362' title='bbox 702 2480 833 2529; x_wconf 80' lang='lat' dir='ltr'>gloriae</span> <span class='ocrx_word' id='word_1_363' title='bbox 852 2479 1164 2529; x_wconf 87' lang='lat' dir='ltr'>possessionibus</span> <span class='ocrx_word' id='word_1_364' title='bbox 1185 2477 1350 2522; x_wconf 83' lang='lat' dir='ltr'>abolitis,</span> <span class='ocrx_word' id='word_1_365' title='bbox 1381 2477 1588 2528; x_wconf 85' lang='lat' dir='ltr'>opulentiae</span> <span class='ocrx_word' id='word_1_366' title='bbox 1617 2479 1760 2516; x_wconf 87' lang='lat' dir='ltr'>substi-</span> 
     </span>
     <span class='ocr_line' id='line_1_39' title="bbox 306 2538 1759 2594; baseline -0.003 -12"><span class='ocrx_word' id='word_1_367' title='bbox 306 2544 379 2583; x_wconf 87' lang='lat' dir='ltr'>tuit</span> <span class='ocrx_word' id='word_1_368' title='bbox 397 2554 549 2594; x_wconf 61' lang='lat' dir='ltr'>parvm,</span> <span class='ocrx_word' id='word_1_369' title='bbox 572 2548 610 2577; x_wconf 91' lang='lat' dir='ltr'>et</span> <span class='ocrx_word' id='word_1_370' title='bbox 630 2553 706 2577; x_wconf 84' lang='lat' dir='ltr'>non</span> <span class='ocrx_word' id='word_1_371' title='bbox 729 2540 866 2589; x_wconf 78' lang='lat' dir='ltr'>dignas</span> <span class='ocrx_word' id='word_1_372' title='bbox 880 2540 1000 2577; x_wconf 84' lang='lat' dir='ltr'>vobis.</span> <span class='ocrx_word' id='word_1_373' title='bbox 1031 2540 1090 2576; x_wconf 87' lang='lat' dir='ltr'>Ae</span> <span class='ocrx_word' id='word_1_374' title='bbox 1110 2552 1181 2576; x_wconf 88' lang='lat' dir='ltr'>nec</span> <span class='ocrx_word' id='word_1_375' title='bbox 1197 2538 1290 2576; x_wconf 90' lang='lat' dir='ltr'>illud</span> <span class='ocrx_word' id='word_1_376' title='bbox 1307 2539 1460 2588; x_wconf 90' lang='lat' dir='ltr'>quidem</span> <span class='ocrx_word' id='word_1_377' title='bbox 1479 2539 1759 2586; x_wconf 84' lang='lat' dir='ltr'>animadvertit,</span> 
     </span>
     <span class='ocr_line' id='line_1_40' title="bbox 306 2601 1758 2657; baseline -0.003 -14"><span class='ocrx_word' id='word_1_378' title='bbox 306 2605 481 2657; x_wconf 82' lang='lat' dir='ltr'>pecunioe</span> <span class='ocrx_word' id='word_1_379' title='bbox 501 2601 746 2640; x_wconf 78' lang='lat' dir='ltr'>cumulandae</span> <span class='ocrx_word' id='word_1_380' title='bbox 767 2613 965 2651; x_wconf 87' lang='lat' dir='ltr'>nunquam</span> <span class='ocrx_word' id='word_1_381' title='bbox 991 2601 1186 2638; x_wconf 86' lang='lat' dir='ltr'>studuisse</span> <span class='ocrx_word' id='word_1_382' title='bbox 1213 2601 1421 2651; x_wconf 88' lang='lat' dir='ltr'>populum:</span> <span class='ocrx_word' id='word_1_383' title='bbox 1454 2601 1585 2650; x_wconf 82' lang='lat' dir='ltr'>gloriae</span> <span class='ocrx_word' id='word_1_384' title='bbox 1615 2609 1758 2645; x_wconf 84' lang='lat' dir='ltr'>autem,</span> 
     </span>
     <span class='ocr_line' id='line_1_41' title="bbox 309 2662 1757 2718; baseline -0.003 -15"><span class='ocrx_word' id='word_1_385' title='bbox 309 2679 425 2718; x_wconf 84' lang='lat' dir='ltr'>quam</span> <span class='ocrx_word' id='word_1_386' title='bbox 444 2663 510 2701; x_wconf 91' lang='lat' dir='ltr'>ulli</span> <span class='ocrx_word' id='word_1_387' title='bbox 529 2662 581 2700; x_wconf 89' lang='lat' dir='ltr'>rei</span> <span class='ocrx_word' id='word_1_388' title='bbox 616 2662 752 2711; x_wconf 80' lang='lat' dir='ltr'>magis.</span> <span class='ocrx_word' id='word_1_389' title='bbox 800 2662 1040 2711; x_wconf 87' lang='lat' dir='ltr'>Argumento</span> <span class='ocrx_word' id='word_1_390' title='bbox 1072 2668 1142 2705; x_wconf 82' lang='lat' dir='ltr'>cst,</span> <span class='ocrx_word' id='word_1_391' title='bbox 1170 2662 1286 2712; x_wconf 87' lang='lat' dir='ltr'>quod,</span> <span class='ocrx_word' id='word_1_392' title='bbox 1317 2675 1404 2699; x_wconf 89' lang='lat' dir='ltr'>cum</span> <span class='ocrx_word' id='word_1_393' title='bbox 1433 2662 1641 2712; x_wconf 85' lang='lat' dir='ltr'>aliquando</span> <span class='ocrx_word' id='word_1_394' title='bbox 1671 2662 1757 2712; x_wconf 92' lang='lat' dir='ltr'>plu-</span> 
     </span>
     <span class='ocr_line' id='line_1_42' title="bbox 308 2723 1758 2776; baseline -0.004 -10"><span class='ocrx_word' id='word_1_395' title='bbox 308 2730 443 2766; x_wconf 85' lang='lat' dir='ltr'>rimum</span> <span class='ocrx_word' id='word_1_396' title='bbox 471 2724 645 2776; x_wconf 80' lang='lat' dir='ltr'>pecuniae</span> <span class='ocrx_word' id='word_1_397' title='bbox 664 2723 835 2767; x_wconf 79' lang='lat' dir='ltr'>haberet,</span> <span class='ocrx_word' id='word_1_398' title='bbox 856 2724 953 2760; x_wconf 82' lang='lat' dir='ltr'>inter</span> <span class='ocrx_word' id='word_1_399' title='bbox 972 2735 1106 2760; x_wconf 84' lang='lat' dir='ltr'>omnes</span> <span class='ocrx_word' id='word_1_400' title='bbox 1127 2723 1302 2769; x_wconf 63' lang='lat' dir='ltr'>Graecos,</span> <span class='ocrx_word' id='word_1_401' title='bbox 1323 2734 1407 2760; x_wconf 80' lang='lat' dir='ltr'>eam</span> <span class='ocrx_word' id='word_1_402' title='bbox 1434 2735 1587 2760; x_wconf 91' lang='lat' dir='ltr'>omnem</span> <span class='ocrx_word' id='word_1_403' title='bbox 1605 2723 1758 2760; x_wconf 89' lang='lat' dir='ltr'>honoris</span> 
     </span>
     <span class='ocr_line' id='line_1_43' title="bbox 309 2784 1758 2837; baseline -0.003 -10"><span class='ocrx_word' id='word_1_404' title='bbox 309 2789 437 2827; x_wconf 80' lang='lat' dir='ltr'>studio</span> <span class='ocrx_word' id='word_1_405' title='bbox 453 2785 658 2837; x_wconf 86' lang='lat' dir='ltr'>impendit:</span> <span class='ocrx_word' id='word_1_406' title='bbox 680 2790 718 2822; x_wconf 88' lang='lat' dir='ltr'>et</span> <span class='ocrx_word' id='word_1_407' title='bbox 736 2785 901 2835; x_wconf 82' lang='lat' dir='ltr'>pecunia</span> <span class='ocrx_word' id='word_1_408' title='bbox 916 2784 963 2821; x_wconf 88' lang='lat' dir='ltr'>de</span> <span class='ocrx_word' id='word_1_409' title='bbox 986 2797 1055 2821; x_wconf 88' lang='lat' dir='ltr'>suo</span> <span class='ocrx_word' id='word_1_410' title='bbox 1071 2785 1318 2829; x_wconf 59' lang='lat' dir='ltr'>conserenda,</span> <span class='ocrx_word' id='word_1_411' title='bbox 1337 2785 1482 2821; x_wconf 82' lang='lat' dir='ltr'>nullum</span> <span class='ocrx_word' id='word_1_412' title='bbox 1502 2796 1671 2835; x_wconf 87' lang='lat' dir='ltr'>unquam</span> <span class='ocrx_word' id='word_1_413' title='bbox 1690 2798 1758 2835; x_wconf 89' lang='lat' dir='ltr'>pe-</span> 
     </span>
     <span class='ocr_line' id='line_1_44' title="bbox 309 2845 1758 2895; baseline -0.003 -7"><span class='ocrx_word' id='word_1_414' title='bbox 309 2851 466 2888; x_wconf 87' lang='lat' dir='ltr'>riculum</span> <span class='ocrx_word' id='word_1_415' title='bbox 489 2846 690 2885; x_wconf 80' lang='lat' dir='ltr'>recusavit.</span> <span class='ocrx_word' id='word_1_416' title='bbox 743 2845 852 2882; x_wconf 80' lang='lat' dir='ltr'>Unde</span> <span class='ocrx_word' id='word_1_417' title='bbox 883 2845 1146 2895; x_wconf 77' lang='lat' dir='ltr'>possessiones</span> <span class='ocrx_word' id='word_1_418' title='bbox 1175 2845 1410 2882; x_wconf 81' lang='lat' dir='ltr'>immortales</span> <span class='ocrx_word' id='word_1_419' title='bbox 1431 2852 1489 2882; x_wconf 91' lang='lat' dir='ltr'>est</span> <span class='ocrx_word' id='word_1_420' title='bbox 1511 2853 1758 2890; x_wconf 88' lang='lat' dir='ltr'>consecutus,</span> 
     </span>
     <span class='ocr_line' id='line_1_45' title="bbox 310 2906 1756 2957; baseline -0.003 -8"><span class='ocrx_word' id='word_1_421' title='bbox 310 2920 391 2949; x_wconf 85' lang='lat' dir='ltr'>tum</span> <span class='ocrx_word' id='word_1_422' title='bbox 411 2921 533 2947; x_wconf 85' lang='lat' dir='ltr'>rerum</span> <span class='ocrx_word' id='word_1_423' title='bbox 555 2914 748 2957; x_wconf 69' lang='lat' dir='ltr'>gestarum</span> <span class='ocrx_word' id='word_1_424' title='bbox 770 2906 1003 2951; x_wconf 69' lang='lat' dir='ltr'>memoriam,</span> <span class='ocrx_word' id='word_1_425' title='bbox 1024 2913 1104 2943; x_wconf 83' lang='lat' dir='ltr'>tum</span> <span class='ocrx_word' id='word_1_426' title='bbox 1126 2906 1367 2944; x_wconf 77' lang='lat' dir='ltr'>donariorum</span> <span class='ocrx_word' id='word_1_427' title='bbox 1387 2913 1542 2957; x_wconf 77' lang='lat' dir='ltr'>propter</span> <span class='ocrx_word' id='word_1_428' title='bbox 1561 2906 1643 2944; x_wconf 75' lang='lat' dir='ltr'>illas</span> <span class='ocrx_word' id='word_1_429' title='bbox 1664 2920 1756 2945; x_wconf 86' lang='lat' dir='ltr'>con-</span> 
     </span>
    </p>
   </div>
  </div>
 </body>
</html>
