1923 3149
290 317 692 359 ARGUMENTUM
725 314 1020 355 ORATIONIS
1064 316 1119 353 IN
1154 315 1426 355 APHOBUM
1461 316 1532 353 DE

797 377 1018 416 TUTELA.

224 490 486 522 mesrnzxss
506 489 707 525 Paeaniemis,
724 488 941 519 Demosthenis
958 488 1087 518 oratoris
1103 493 1203 527 pater,
1221 487 1372 517 decedens
1389 487 1508 517 duobus
1531 488 1636 517 liberis

180 541 410 580 superstitibus,
428 542 633 572 Demosthene
650 544 680 570 et
695 540 769 576 filia,
793 544 911 570 tutores
935 538 1069 569 instituit
1084 541 1147 568 tum
1163 538 1281 573 liberis,
1307 543 1371 567 tum
1387 539 1538 577 pecuniae,
1556 543 1635 568 tres:

177 593 257 623 duos
270 597 428 631 cognatos,
445 593 607 632 Aphobum
623 596 654 622 et
669 592 936 631 Demophontem3
953 594 984 620 et
999 600 1090 619 unum
1102 599 1120 619 a
1136 599 1233 628 puero
1249 587 1390 623 amicum,
1405 589 1636 628 Therippidem.

177 645 224 674 Ae
239 643 434 683 Therippidae
450 644 532 682 legat
544 654 630 674 usum
646 644 778 674 fructum
789 642 986 682 septuaginta
997 641 1155 677 minarum,
1170 641 1319 680 tantisper
1329 641 1400 670 dum
1415 641 1638 669 Demosthenes

175 699 277 734 togam
295 695 415 725 virilem
427 701 571 725 sumeret,
595 693 802 733 Demophonti
814 693 904 723 filiam
919 693 1104 732 despondet,
1120 703 1154 722 ac
1171 692 1231 721 duo
1244 691 1358 721 talenta
1372 690 1456 721 dotis
1472 690 1500 719 ei
1517 690 1637 719 nomine

176 745 268 784 legat.
312 746 477 785 Aphobum
493 745 582 775 minis
607 745 764 784 octoginta
783 744 876 780 datis,
894 754 978 773 suam
996 753 1136 779 uxorem,
1150 742 1277 772 liberum
1296 745 1433 776 matrem,
1447 740 1638 774 Cleobulam‚

176 794 304 833 Gylonis
320 794 411 824 filiam
428 796 556 832 ducere3
573 800 662 834 atque
672 795 792 824 aedibus
803 794 905 831 etiam,
917 800 947 824 et
959 794 1038 824 omni
1050 804 1152 824 earum
1166 793 1367 822 instrumento
1382 801 1417 820 ac
1433 790 1638 830 supellectile,

174 854 274 884 usque
290 845 327 874 ad
346 845 466 875 virilem
484 845 700 875 Demosthenis
721 849 852 881 aetatem,
869 845 912 875 uti
929 846 1029 883 jubet.
1074 844 1119 874 Hi
1135 844 1253 883 legatas
1274 843 1397 882 quidem
1415 841 1475 871 sibi
1493 841 1639 881 pecunias

174 896 276 926 statim
293 896 465 936 accipiunt:
488 897 543 926 sed
559 906 656 936 neque
672 897 824 936 Aphobus
840 896 978 926 defuncti
998 906 1137 931 uxorem,
1158 905 1215 925 nec
1232 894 1416 934 Demophon
1434 893 1524 923 tiliam
1542 893 1640 922 ducit.

173 947 252 977 Cum
275 951 377 977 antem
403 958 466 978 rem
487 948 718 987 quatuordecim
734 948 880 978 talentum
901 952 1097 983 tractassent,
1120 951 1154 976 ut
1174 951 1274 977 orator
1290 946 1435 982 ostendit,
1460 951 1490 974 et
1511 944 1639 983 triginta

173 998 287 1028 talenta
315 1009 369 1038 pro
391 999 604 1029 emolumentis
628 999 750 1028 solvere
774 1009 808 1027 ac
831 999 961 1028 reddere
987 999 1149 1032 deberent,
1173 1007 1271 1036 pauca
1290 996 1411 1026 omnino
1438 995 1638 1026 Demostheni

169 1050 233 1087 jam
254 1048 358 1078 adulto
382 1048 583 1078 tradiderunt.
635 1049 834 1087 Quapropter
856 1048 1007 1077 adversus
1023 1045 1191 1087 Aphobum
1211 1046 1317 1076 tutelae
1340 1045 1461 1075 nomine
1487 1045 1637 1075 actionem

172 1099 282 1128 decem
299 1098 446 1128 talentum
463 1099 695 1138 institnit‚quod
711 1099 737 1128 is
750 1108 805 1137 pro
821 1098 912 1128 tertia
928 1102 1023 1138 gestae
1039 1098 1144 1127 tutelae
1154 1102 1252 1137 parte,
1269 1097 1410 1137 pecuniae
1425 1097 1566 1126 trientem
1582 1097 1638 1126 de-

174 1149 354 1187 heretzquae
367 1148 467 1178 omnia
477 1153 579 1179 orator
591 1155 653 1179 tum
668 1159 683 1178 e
696 1153 790 1183 sorte,
805 1154 869 1179 tum
883 1159 924 1179 ex
940 1149 1152 1179 emolumentis
1164 1149 1329 1189 Aphobum
1341 1148 1454 1178 debere
1464 1147 1595 1187 colligit,
1608 1151 1639 1177 et

170 1200 319 1238 quasdam
337 1201 404 1239 ejus
419 1199 608 1239 objectiones
627 1200 748 1230 refutat.

218 1251 297 1281 Haec
313 1251 415 1281 oratio
423 1251 558 1282 secundo
572 1252 643 1283 loeo
657 1256 706 1282 est
721 1251 838 1283 habita:
861 1255 891 1282 et
903 1250 1091 1291 quorundam
1107 1260 1177 1292 quae
1191 1249 1277 1290 prius
1290 1249 1381 1280 etiam
1397 1249 1481 1280 dicta
1493 1253 1575 1285 sunt,
1587 1259 1636 1279 re·

171 1301 358 1341 petitionem
373 1302 521 1333 continet.

505 1601 1317 1660 DEMOSTHENIS

675 1741 1129 1790 INAPHOBUM

580 1873 883 1917 ORATIO
939 1874 1210 1917 PRIMA.

228 1985 263 2022 1.
293 1983 340 2021 SI
361 1981 549 2020 voluisset
566 1982 769 2032 Aphobus,
790 1982 964 2028 Judices,
984 1994 1030 2020 ea
1055 1982 1183 2021 facere
1201 1995 1289 2033 quae
1319 1984 1429 2033 justa
1457 1990 1550 2021 sunt
1567 1992 1636 2023 aut

172 2045 223 2082 de
237 2044 380 2083 nostris
392 2044 662 2084 controversiis
674 2043 882 2082 familiares
903 2056 1057 2082 sumere
1078 2044 1258 2091 arbitros,
1274 2057 1406 2083 carere
1421 2044 1481 2083 his
1497 2045 1535 2082 in
1551 2045 1634 2083 foro

170 2105 348 2157 litigandi
369 2105 552 2144 molestiis
568 2105 845 2156 potuissemus,
896 2105 1050 2143 Fuisset
1067 2106 1169 2143 enim
1185 2106 1275 2144 satis
1289 2105 1390 2144 stare
1405 2105 1572 2144 decretis
1586 2105 1633 2143 il-

170 2166 310 2212 lorum,
340 2173 384 2204 ut
401 2167 508 2205 nulla
527 2167 637 2205 nobis
657 2173 762 2205 esset
782 2179 869 2205 cum
889 2179 935 2205 eo
952 2167 1164 2205 contentio.
1223 2167 1354 2212 Quum
1380 2180 1473 2205 vero
1501 2180 1635 2205 eorum

169 2228 309 2279 quibus
335 2242 398 2267 res
417 2236 561 2266 nostrae
580 2228 816 2280 percognitae
836 2235 927 2266 sunt
945 2228 1177 2266 sententiam
1196 2235 1237 2266 et
1263 2228 1523 2279 cognitionem
1551 2241 1634 2266 om-

170 2291 263 2330 nino
285 2291 522 2338 detrectarit,
552 2298 590 2330 et
622 2292 672 2330 ad
703 2304 776 2329 vos
809 2291 874 2341 qui
904 2291 953 2328 de
977 2290 1117 2328 nostris
1140 2291 1306 2341 negotiis
1326 2291 1514 2342 comperti
1539 2289 1634 2328 nihil

169 2352 318 2390 habetis
337 2352 559 2399 accesserit,
597 2365 755 2390 necesse
785 2359 846 2390 est
875 2351 1003 2390 facere
1031 2351 1243 2402 perieulum
1265 2364 1315 2390 an
1333 2358 1462 2390 vestra
1478 2364 1551 2402 ope
1567 2351 1633 2402 jus

170 2419 345 2452 nostrum
375 2414 423 2451 ab
453 2426 501 2452 eo
527 2412 713 2464 consequi
734 2412 942 2464 possimus.
1000 2412 1189 2463 Equidem
1209 2412 1302 2458 scio,
1321 2412 1496 2459 Judices,
1516 2424 1633 2463 quam

172 2475 330 2512 difficile
350 2475 400 2513 sit
416 2475 455 2512 in
475 2483 673 2514 certamen
689 2475 925 2513 descendere
942 2487 987 2513 ac
1004 2475 1185 2514 dimicare
1199 2475 1247 2512 de
1262 2474 1424 2512 fortunis
1440 2474 1633 2520 omnibus,

171 2549 261 2574 cum
278 2536 368 2573 viris
383 2542 422 2574 et
439 2537 595 2575 dicendi
607 2537 738 2588 peritis
754 2544 792 2575 et
806 2536 983 2574 omnibus
1004 2536 1126 2587 copiis
1145 2536 1358 2582 instructis,
1377 2535 1469 2573 mihi
1486 2533 1633 2572 homini

170 2604 326 2647 propter
344 2604 500 2635 aetatem
521 2611 644 2635 rerum
664 2611 825 2649 prorsus
850 2597 1040 2648 imperito.
1098 2597 1332 2648 Quanquam
1362 2603 1491 2636 autem
1515 2596 1632 2646 longe

171 2672 256 2696 sum
282 2658 366 2696 istis
395 2659 563 2705 inferior,
585 2672 691 2710 spem
711 2668 842 2698 tamen
861 2659 1046 2710 optimam
1065 2659 1189 2697 habeo
1209 2673 1269 2697 me
1304 2666 1343 2696 et
1370 2671 1393 2695 a
1413 2657 1522 2695 vobis
1543 2669 1631 2707 quae

168 2733 282 2772 aequa
299 2727 392 2758 sunt
409 2721 715 2771 impetraturum,
746 2730 786 2760 et
813 2721 983 2760 oratione
1003 2734 1090 2760 mea
1108 2728 1260 2760 tantum
1280 2726 1560 2764 assecuturum,
1587 2725 1632 2756 ut:

168 2795 247 2820 rem
267 2795 420 2819 omnem
439 2782 494 2820 uti
513 2789 625 2833 gesta
637 2790 698 2820 est
708 2783 824 2834 plane
841 2783 1076 2834 intelligatis,
1090 2795 1163 2821 nec
1178 2782 1295 2820 ullam
1311 2787 1458 2832 partem
1484 2779 1631 2831 negotii

167 2843 216 2880 de
235 2856 313 2894 quo
327 2843 492 2882 ferenda
504 2850 617 2882 erunt
628 2843 809 2896 suffragia
825 2846 1024 2896 ignoretis.
1055 2844 1226 2882 Proinde
1242 2855 1338 2893 rogo
1351 2854 1436 2888 vos,
1451 2841 1629 2887 Judices,

169 2910 214 2942 ut
232 2916 294 2944 me
310 2905 480 2958 benigne
500 2905 679 2953 audiatis,
699 2912 752 2954 et,
771 2905 804 2944 si
821 2905 983 2945 affectus
1009 2905 1155 2957 injuriis
1173 2904 1346 2950 videbor,
1373 2903 1413 2941 in
1441 2915 1528 2942 meo
1541 2902 1629 2953 jure

868 2969 889 3003 3
915 2979 939 3003 P
