<?xml version="1.0" encoding="UTF-8"?>
<!DOCTYPE html PUBLIC "-//W3C//DTD XHTML 1.0 Transitional//EN"
    "http://www.w3.org/TR/xhtml1/DTD/xhtml1-transitional.dtd">
<html xmlns="http://www.w3.org/1999/xhtml" xml:lang="en" lang="en">
 <head>
  <title>
</title>
<meta http-equiv="Content-Type" content="text/html;charset=utf-8" />
  <meta name='ocr-system' content='tesseract 3.04.00' />
  <meta name='ocr-capabilities' content='ocr_page ocr_carea ocr_par ocr_line ocrx_word'/>
</head>
<body>
  <div class='ocr_page' id='page_1' title='image "./oratoresatticie15dobs_0383.png"; bbox 0 0 1923 3149; ppageno 0'>
   <div class='ocr_carea' id='block_1_1' title="bbox 537 127 1602 168">
    <p class='ocr_par' dir='ltr' id='par_1_1' title="bbox 537 127 1602 168">
     <span class='ocr_line' id='line_1_1' title="bbox 537 127 1602 168; baseline 0.003 -4"><span class='ocrx_word' id='word_1_1' title='bbox 537 127 759 165; x_wconf 78' lang='lat' dir='ltr'>CONTRA</span> <span class='ocrx_word' id='word_1_2' title='bbox 790 128 1215 166; x_wconf 70' lang='lat' dir='ltr'>ANDIio&#39;rioNEM.</span> <span class='ocrx_word' id='word_1_3' title='bbox 1527 132 1602 168; x_wconf 83' lang='lat'>367</span> 
     </span>
    </p>
   </div>
   <div class='ocr_carea' id='block_1_2' title="bbox 139 229 1613 2921">
    <p class='ocr_par' dir='ltr' id='par_1_2' title="bbox 139 229 1612 1809">
     <span class='ocr_line' id='line_1_2' title="bbox 149 229 1602 283; baseline 0.002 -16"><span class='ocrx_word' id='word_1_4' title='bbox 149 229 199 267; x_wconf 87' lang='lat' dir='ltr'>de</span> <span class='ocrx_word' id='word_1_5' title='bbox 215 242 345 276; x_wconf 86' lang='lat' dir='ltr'>causa,</span> <span class='ocrx_word' id='word_1_6' title='bbox 365 243 388 268; x_wconf 95' lang='lat' dir='ltr'>o</span> <span class='ocrx_word' id='word_1_7' title='bbox 405 230 583 277; x_wconf 72' lang='lat' dir='ltr'><strong>sceleste,</strong></span> <span class='ocrx_word' id='word_1_8' title='bbox 603 244 690 269; x_wconf 91' lang='lat' dir='ltr'>cum</span> <span class='ocrx_word' id='word_1_9' title='bbox 710 231 839 282; x_wconf 88' lang='lat' dir='ltr'>plures</span> <span class='ocrx_word' id='word_1_10' title='bbox 861 231 938 268; x_wconf 87' lang='lat' dir='ltr'>sint</span> <span class='ocrx_word' id='word_1_11' title='bbox 956 232 1067 268; x_wconf 84' lang='lat' dir='ltr'>annis</span> <span class='ocrx_word' id='word_1_12' title='bbox 1083 232 1252 282; x_wconf 77' lang='lat' dir='ltr'>triginta,</span> <span class='ocrx_word' id='word_1_13' title='bbox 1274 245 1321 269; x_wconf 84' lang='lat' dir='ltr'>ex</span> <span class='ocrx_word' id='word_1_14' title='bbox 1341 245 1417 283; x_wconf 87' lang='lat' dir='ltr'>quo</span> <span class='ocrx_word' id='word_1_15' title='bbox 1442 233 1602 271; x_wconf 85' lang='lat' dir='ltr'>versaris</span> 
     </span>
     <span class='ocr_line' id='line_1_3' title="bbox 148 291 1603 346; baseline 0.003 -19"><span class='ocrx_word' id='word_1_16' title='bbox 148 292 187 327; x_wconf 90' lang='lat' dir='ltr'>in</span> <span class='ocrx_word' id='word_1_17' title='bbox 218 291 435 342; x_wconf 79' lang='lat' dir='ltr'>republica:</span> <span class='ocrx_word' id='word_1_18' title='bbox 469 305 558 330; x_wconf 88' lang='lat' dir='ltr'>cum</span> <span class='ocrx_word' id='word_1_19' title='bbox 578 292 776 340; x_wconf 70' lang='lat' dir='ltr'>inteijecto</span> <span class='ocrx_word' id='word_1_20' title='bbox 805 299 976 342; x_wconf 76' lang='lat' dir='ltr'>tempore</span> <span class='ocrx_word' id='word_1_21' title='bbox 1001 292 1111 329; x_wconf 86' lang='lat' dir='ltr'>multi</span> <span class='ocrx_word' id='word_1_22' title='bbox 1130 301 1167 329; x_wconf 85' lang='lat' dir='ltr'>et</span> <span class='ocrx_word' id='word_1_23' title='bbox 1187 293 1305 331; x_wconf 88' lang='lat' dir='ltr'>duces</span> <span class='ocrx_word' id='word_1_24' title='bbox 1328 295 1603 346; x_wconf 84' lang='lat' dir='ltr'>rempublicam</span> 
     </span>
     <span class='ocr_line' id='line_1_4' title="bbox 147 351 1605 405; baseline 0.004 -18"><span class='ocrx_word' id='word_1_25' title='bbox 147 351 329 398; x_wconf 74' lang='lat' dir='ltr'>laeserint,</span> <span class='ocrx_word' id='word_1_26' title='bbox 349 360 386 390; x_wconf 89' lang='lat' dir='ltr'>et</span> <span class='ocrx_word' id='word_1_27' title='bbox 406 360 590 398; x_wconf 85' lang='lat' dir='ltr'>oratores,</span> <span class='ocrx_word' id='word_1_28' title='bbox 615 353 679 403; x_wconf 85' lang='lat' dir='ltr'>qui</span> <span class='ocrx_word' id='word_1_29' title='bbox 700 353 802 403; x_wconf 86' lang='lat' dir='ltr'>apud</span> <span class='ocrx_word' id='word_1_30' title='bbox 823 353 894 390; x_wconf 84' lang='lat' dir='ltr'>hos</span> <span class='ocrx_word' id='word_1_31' title='bbox 920 364 1076 389; x_wconf 85' lang='lat' dir='ltr'>causam</span> <span class='ocrx_word' id='word_1_32' title='bbox 1099 352 1295 398; x_wconf 86' lang='lat' dir='ltr'>dixerunt,</span> <span class='ocrx_word' id='word_1_33' title='bbox 1319 361 1356 391; x_wconf 88' lang='lat' dir='ltr'>ct</span> <span class='ocrx_word' id='word_1_34' title='bbox 1374 355 1512 405; x_wconf 88' lang='lat' dir='ltr'>partim</span> <span class='ocrx_word' id='word_1_35' title='bbox 1532 368 1605 393; x_wconf 85' lang='lat' dir='ltr'>sua</span> 
     </span>
     <span class='ocr_line' id='line_1_5' title="bbox 149 412 1602 463; baseline 0.004 -15"><span class='ocrx_word' id='word_1_36' title='bbox 149 413 295 450; x_wconf 84' lang='lat' dir='ltr'>scelera</span> <span class='ocrx_word' id='word_1_37' title='bbox 321 422 442 452; x_wconf 76' lang='lat' dir='ltr'>morte</span> <span class='ocrx_word' id='word_1_38' title='bbox 471 414 624 459; x_wconf 83' lang='lat' dir='ltr'>luerint,</span> <span class='ocrx_word' id='word_1_39' title='bbox 655 414 716 451; x_wconf 84' lang='lat' dir='ltr'>alii</span> <span class='ocrx_word' id='word_1_40' title='bbox 744 420 895 463; x_wconf 88' lang='lat' dir='ltr'>arrepta</span> <span class='ocrx_word' id='word_1_41' title='bbox 922 412 1016 462; x_wconf 82' lang='lat' dir='ltr'>fuga</span> <span class='ocrx_word' id='word_1_42' title='bbox 1044 412 1083 449; x_wconf 87' lang='lat' dir='ltr'>in</span> <span class='ocrx_word' id='word_1_43' title='bbox 1112 413 1290 450; x_wconf 80' lang='lat' dir='ltr'>exsilium</span> <span class='ocrx_word' id='word_1_44' title='bbox 1318 415 1503 452; x_wconf 87' lang='lat' dir='ltr'>abierint:</span> <span class='ocrx_word' id='word_1_45' title='bbox 1535 430 1602 454; x_wconf 91' lang='lat' dir='ltr'>ne-</span> 
     </span>
     <span class='ocr_line' id='line_1_6' title="bbox 150 473 1606 528; baseline 0.004 -19"><span class='ocrx_word' id='word_1_46' title='bbox 150 473 289 511; x_wconf 77' lang='lat' dir='ltr'>minem</span> <span class='ocrx_word' id='word_1_47' title='bbox 307 488 474 525; x_wconf 81' lang='lat' dir='ltr'>unquam</span> <span class='ocrx_word' id='word_1_48' title='bbox 495 475 701 519; x_wconf 82' lang='lat' dir='ltr'>accusasti,</span> <span class='ocrx_word' id='word_1_49' title='bbox 723 487 797 512; x_wconf 90' lang='lat' dir='ltr'>nec</span> <span class='ocrx_word' id='word_1_50' title='bbox 814 486 894 524; x_wconf 82' lang='lat' dir='ltr'>prae</span> <span class='ocrx_word' id='word_1_51' title='bbox 914 480 951 509; x_wconf 81' lang='lat' dir='ltr'>te</span> <span class='ocrx_word' id='word_1_52' title='bbox 971 473 1276 524; x_wconf 80' lang='lat' dir='ltr'>indignationem</span> <span class='ocrx_word' id='word_1_53' title='bbox 1307 475 1428 512; x_wconf 88' lang='lat' dir='ltr'>tulisti</span> <span class='ocrx_word' id='word_1_54' title='bbox 1450 485 1606 528; x_wconf 84' lang='lat' dir='ltr'>propter</span> 
     </span>
     <span class='ocr_line' id='line_1_7' title="bbox 149 533 1603 586; baseline 0.003 -16"><span class='ocrx_word' id='word_1_55' title='bbox 149 534 271 572; x_wconf 80' lang='lat' dir='ltr'>saetas</span> <span class='ocrx_word' id='word_1_56' title='bbox 291 535 510 585; x_wconf 77' lang='lat' dir='ltr'>reipublicae</span> <span class='ocrx_word' id='word_1_57' title='bbox 540 535 710 586; x_wconf 86' lang='lat' dir='ltr'>injurias,</span> <span class='ocrx_word' id='word_1_58' title='bbox 740 535 779 571; x_wconf 91' lang='lat' dir='ltr'>in</span> <span class='ocrx_word' id='word_1_59' title='bbox 808 539 914 571; x_wconf 78' lang='lat' dir='ltr'>tanta</span> <span class='ocrx_word' id='word_1_60' title='bbox 934 533 1171 571; x_wconf 84' lang='lat' dir='ltr'>confidentia</span> <span class='ocrx_word' id='word_1_61' title='bbox 1204 541 1269 571; x_wconf 82' lang='lat' dir='ltr'>tua</span> <span class='ocrx_word' id='word_1_62' title='bbox 1299 541 1338 572; x_wconf 90' lang='lat' dir='ltr'>et</span> <span class='ocrx_word' id='word_1_63' title='bbox 1357 534 1603 585; x_wconf 75' lang='lat' dir='ltr'>eloquentia:</span> 
     </span>
     <span class='ocr_line' id='line_1_8' title="bbox 150 593 1603 645; baseline 0.003 -14"><span class='ocrx_word' id='word_1_64' title='bbox 150 595 218 631; x_wconf 85' lang='lat' dir='ltr'>scd</span> <span class='ocrx_word' id='word_1_65' title='bbox 241 595 290 632; x_wconf 90' lang='lat' dir='ltr'>ibi</span> <span class='ocrx_word' id='word_1_66' title='bbox 315 596 467 633; x_wconf 85' lang='lat' dir='ltr'>deinum</span> <span class='ocrx_word' id='word_1_67' title='bbox 503 602 540 632; x_wconf 88' lang='lat' dir='ltr'>te</span> <span class='ocrx_word' id='word_1_68' title='bbox 561 602 776 632; x_wconf 81' lang='lat' dir='ltr'>curatorem</span> <span class='ocrx_word' id='word_1_69' title='bbox 797 608 838 632; x_wconf 89' lang='lat' dir='ltr'>es</span> <span class='ocrx_word' id='word_1_70' title='bbox 858 593 1069 645; x_wconf 80' lang='lat' dir='ltr'>professus,</span> <span class='ocrx_word' id='word_1_71' title='bbox 1100 594 1165 632; x_wconf 88' lang='lat' dir='ltr'>ubi</span> <span class='ocrx_word' id='word_1_72' title='bbox 1186 595 1295 632; x_wconf 88' lang='lat' dir='ltr'>multi</span> <span class='ocrx_word' id='word_1_73' title='bbox 1325 596 1494 634; x_wconf 79' lang='lat' dir='ltr'>laedendi</span> <span class='ocrx_word' id='word_1_74' title='bbox 1521 598 1603 636; x_wconf 82' lang='lat' dir='ltr'>fue-</span> 
     </span>
     <span class='ocr_line' id='line_1_9' title="bbox 149 656 1604 710; baseline 0.003 -18"><span class='ocrx_word' id='word_1_75' title='bbox 149 656 266 693; x_wconf 78' lang='lat' dir='ltr'>runt?</span> <span class='ocrx_word' id='word_1_76' title='bbox 295 657 438 702; x_wconf 88' lang='lat' dir='ltr'>Vultis,</span> <span class='ocrx_word' id='word_1_77' title='bbox 457 656 726 702; x_wconf 81' lang='lat' dir='ltr'>Athenienses,</span> <span class='ocrx_word' id='word_1_78' title='bbox 748 656 830 707; x_wconf 86' lang='lat' dir='ltr'>ejus</span> <span class='ocrx_word' id='word_1_79' title='bbox 861 656 914 693; x_wconf 81' lang='lat' dir='ltr'>rei</span> <span class='ocrx_word' id='word_1_80' title='bbox 933 669 955 694; x_wconf 92' lang='lat' dir='ltr'>a</span> <span class='ocrx_word' id='word_1_81' title='bbox 980 669 1041 693; x_wconf 89' lang='lat' dir='ltr'>me</span> <span class='ocrx_word' id='word_1_82' title='bbox 1069 669 1226 694; x_wconf 87' lang='lat' dir='ltr'>causam</span> <span class='ocrx_word' id='word_1_83' title='bbox 1255 657 1363 695; x_wconf 88' lang='lat' dir='ltr'>vobis</span> <span class='ocrx_word' id='word_1_84' title='bbox 1391 659 1604 710; x_wconf 73' lang='lat' dir='ltr'>explicari?</span> 
     </span>
     <span class='ocr_line' id='line_1_10' title="bbox 151 716 1604 768; baseline 0.004 -15"><span class='ocrx_word' id='word_1_85' title='bbox 151 717 252 759; x_wconf 82' lang='lat' dir='ltr'>Quia</span> <span class='ocrx_word' id='word_1_86' title='bbox 270 724 309 754; x_wconf 87' lang='lat' dir='ltr'>et</span> <span class='ocrx_word' id='word_1_87' title='bbox 328 716 421 754; x_wconf 81' lang='lat' dir='ltr'>socii</span> <span class='ocrx_word' id='word_1_88' title='bbox 441 724 531 754; x_wconf 86' lang='lat' dir='ltr'>sunt</span> <span class='ocrx_word' id='word_1_89' title='bbox 549 716 785 768; x_wconf 85' lang='lat' dir='ltr'>injuriarum,</span> <span class='ocrx_word' id='word_1_90' title='bbox 805 730 902 767; x_wconf 86' lang='lat' dir='ltr'>quas</span> <span class='ocrx_word' id='word_1_91' title='bbox 923 718 1031 755; x_wconf 92' lang='lat' dir='ltr'>vobis</span> <span class='ocrx_word' id='word_1_92' title='bbox 1053 717 1209 768; x_wconf 84' lang='lat' dir='ltr'>quidam</span> <span class='ocrx_word' id='word_1_93' title='bbox 1229 718 1389 764; x_wconf 86' lang='lat' dir='ltr'>faciunt,</span> <span class='ocrx_word' id='word_1_94' title='bbox 1409 726 1448 757; x_wconf 88' lang='lat' dir='ltr'>et</span> <span class='ocrx_word' id='word_1_95' title='bbox 1467 720 1513 758; x_wconf 87' lang='lat' dir='ltr'>de</span> <span class='ocrx_word' id='word_1_96' title='bbox 1534 734 1604 759; x_wconf 90' lang='lat' dir='ltr'>ex-</span> 
     </span>
     <span class='ocr_line' id='line_1_11' title="bbox 139 767 1605 832; baseline 0.004 -18"><span class='ocrx_word' id='word_1_97' title='bbox 139 767 365 815; x_wconf 88' lang='lat' dir='ltr'>actionibus</span> <span class='ocrx_word' id='word_1_98' title='bbox 388 777 644 816; x_wconf 76' lang='lat' dir='ltr'>suffurantur:</span> <span class='ocrx_word' id='word_1_99' title='bbox 677 785 729 825; x_wconf 86' lang='lat' dir='ltr'>et,</span> <span class='ocrx_word' id='word_1_100' title='bbox 751 786 793 815; x_wconf 89' lang='lat' dir='ltr'>ut</span> <span class='ocrx_word' id='word_1_101' title='bbox 820 779 1048 817; x_wconf 84' lang='lat' dir='ltr'>insatiabilis</span> <span class='ocrx_word' id='word_1_102' title='bbox 1069 786 1129 817; x_wconf 88' lang='lat' dir='ltr'>est</span> <span class='ocrx_word' id='word_1_103' title='bbox 1152 793 1283 817; x_wconf 85' lang='lat' dir='ltr'>eorum</span> <span class='ocrx_word' id='word_1_104' title='bbox 1310 781 1517 832; x_wconf 81' lang='lat' dir='ltr'>cupiditas,</span> <span class='ocrx_word' id='word_1_105' title='bbox 1547 783 1605 820; x_wconf 92' lang='lat' dir='ltr'>bi-</span> 
     </span>
     <span class='ocr_line' id='line_1_12' title="bbox 150 837 1606 889; baseline 0.005 -15"><span class='ocrx_word' id='word_1_106' title='bbox 150 837 285 876; x_wconf 80' lang='lat' dir='ltr'>fariam</span> <span class='ocrx_word' id='word_1_107' title='bbox 305 839 501 889; x_wconf 88' lang='lat' dir='ltr'>republica</span> <span class='ocrx_word' id='word_1_108' title='bbox 520 837 711 876; x_wconf 87' lang='lat' dir='ltr'>fruuntur.</span> <span class='ocrx_word' id='word_1_109' title='bbox 760 839 897 889; x_wconf 89' lang='lat' dir='ltr'>Neque</span> <span class='ocrx_word' id='word_1_110' title='bbox 919 839 1017 876; x_wconf 89' lang='lat' dir='ltr'>enim</span> <span class='ocrx_word' id='word_1_111' title='bbox 1039 840 1155 878; x_wconf 82' lang='lat' dir='ltr'>tutius</span> <span class='ocrx_word' id='word_1_112' title='bbox 1181 848 1240 878; x_wconf 88' lang='lat' dir='ltr'>est</span> <span class='ocrx_word' id='word_1_113' title='bbox 1258 842 1464 880; x_wconf 90' lang='lat' dir='ltr'>multorum</span> <span class='ocrx_word' id='word_1_114' title='bbox 1486 851 1525 881; x_wconf 89' lang='lat' dir='ltr'>et</span> <span class='ocrx_word' id='word_1_115' title='bbox 1551 845 1606 882; x_wconf 90' lang='lat' dir='ltr'>le-</span> 
     </span>
     <span class='ocr_line' id='line_1_13' title="bbox 150 899 1605 956; baseline 0.005 -21"><span class='ocrx_word' id='word_1_116' title='bbox 150 900 245 937; x_wconf 85' lang='lat' dir='ltr'>viter</span> <span class='ocrx_word' id='word_1_117' title='bbox 263 899 568 950; x_wconf 86' lang='lat' dir='ltr'>delinquentium</span> <span class='ocrx_word' id='word_1_118' title='bbox 591 900 784 951; x_wconf 87' lang='lat' dir='ltr'>suscipere</span> <span class='ocrx_word' id='word_1_119' title='bbox 812 900 1045 947; x_wconf 86' lang='lat' dir='ltr'>inimicitias,</span> <span class='ocrx_word' id='word_1_120' title='bbox 1076 915 1192 956; x_wconf 18' lang='lat' dir='ltr'>qulam</span> <span class='ocrx_word' id='word_1_121' title='bbox 1219 915 1428 952; x_wconf 84' lang='lat' dir='ltr'>paucorum</span> <span class='ocrx_word' id='word_1_122' title='bbox 1449 911 1488 941; x_wconf 91' lang='lat' dir='ltr'>et</span> <span class='ocrx_word' id='word_1_123' title='bbox 1517 919 1605 955; x_wconf 83' lang='lat' dir='ltr'>gra-</span> 
     </span>
     <span class='ocr_line' id='line_1_14' title="bbox 151 961 1606 1016; baseline 0.005 -19"><span class='ocrx_word' id='word_1_124' title='bbox 151 961 268 998; x_wconf 87' lang='lat' dir='ltr'>viter:</span> <span class='ocrx_word' id='word_1_125' title='bbox 299 974 424 1010; x_wconf 86' lang='lat' dir='ltr'>neque</span> <span class='ocrx_word' id='word_1_126' title='bbox 454 973 544 998; x_wconf 84' lang='lat' dir='ltr'>vcro</span> <span class='ocrx_word' id='word_1_127' title='bbox 571 961 796 1012; x_wconf 80' lang='lat' dir='ltr'>popularius</span> <span class='ocrx_word' id='word_1_128' title='bbox 825 962 1078 999; x_wconf 87' lang='lat' dir='ltr'>multitudinis</span> <span class='ocrx_word' id='word_1_129' title='bbox 1108 963 1407 1001; x_wconf 85' lang='lat' dir='ltr'>animadvertere</span> <span class='ocrx_word' id='word_1_130' title='bbox 1432 973 1606 1016; x_wconf 87' lang='lat' dir='ltr'>peccata,</span> 
     </span>
     <span class='ocr_line' id='line_1_15' title="bbox 151 1022 1606 1074; baseline 0.004 -15"><span class='ocrx_word' id='word_1_131' title='bbox 151 1036 268 1073; x_wconf 88' lang='lat' dir='ltr'>quam</span> <span class='ocrx_word' id='word_1_132' title='bbox 288 1035 520 1074; x_wconf 84' lang='lat' dir='ltr'>paucorum:</span> <span class='ocrx_word' id='word_1_133' title='bbox 551 1022 619 1059; x_wconf 86' lang='lat' dir='ltr'>sed</span> <span class='ocrx_word' id='word_1_134' title='bbox 639 1022 767 1060; x_wconf 85' lang='lat' dir='ltr'>hocin</span> <span class='ocrx_word' id='word_1_135' title='bbox 782 1035 902 1061; x_wconf 82' lang='lat' dir='ltr'>causa</span> <span class='ocrx_word' id='word_1_136' title='bbox 920 1031 992 1069; x_wconf 86' lang='lat' dir='ltr'>est,</span> <span class='ocrx_word' id='word_1_137' title='bbox 1013 1024 1115 1074; x_wconf 90' lang='lat' dir='ltr'>quod</span> <span class='ocrx_word' id='word_1_138' title='bbox 1135 1038 1208 1074; x_wconf 83' lang='lat' dir='ltr'>ego</span> <span class='ocrx_word' id='word_1_139' title='bbox 1228 1025 1328 1062; x_wconf 90' lang='lat' dir='ltr'>dico.</span> <span class='ocrx_word' id='word_1_140' title='bbox 1381 1026 1439 1063; x_wconf 83' lang='lat' dir='ltr'>Ex</span> <span class='ocrx_word' id='word_1_141' title='bbox 1460 1028 1606 1065; x_wconf 88' lang='lat' dir='ltr'>facino-</span> 
     </span>
     <span class='ocr_line' id='line_1_16' title="bbox 152 1084 1607 1137; baseline 0.003 -15"><span class='ocrx_word' id='word_1_142' title='bbox 152 1085 250 1122; x_wconf 79' lang='lat' dir='ltr'>rosis</span> <span class='ocrx_word' id='word_1_143' title='bbox 269 1084 342 1122; x_wconf 89' lang='lat' dir='ltr'>illis</span> <span class='ocrx_word' id='word_1_144' title='bbox 359 1098 400 1122; x_wconf 92' lang='lat' dir='ltr'>se</span> <span class='ocrx_word' id='word_1_145' title='bbox 420 1097 539 1120; x_wconf 89' lang='lat' dir='ltr'>unum</span> <span class='ocrx_word' id='word_1_146' title='bbox 560 1096 645 1121; x_wconf 87' lang='lat' dir='ltr'>esse</span> <span class='ocrx_word' id='word_1_147' title='bbox 662 1084 781 1130; x_wconf 89' lang='lat' dir='ltr'>novit,</span> <span class='ocrx_word' id='word_1_148' title='bbox 797 1097 865 1122; x_wconf 85' lang='lat' dir='ltr'>vos</span> <span class='ocrx_word' id='word_1_149' title='bbox 886 1092 1016 1122; x_wconf 90' lang='lat' dir='ltr'>autem</span> <span class='ocrx_word' id='word_1_150' title='bbox 1033 1085 1137 1122; x_wconf 91' lang='lat' dir='ltr'>nihili</span> <span class='ocrx_word' id='word_1_151' title='bbox 1150 1086 1262 1131; x_wconf 85' lang='lat' dir='ltr'>fecit;</span> <span class='ocrx_word' id='word_1_152' title='bbox 1292 1100 1420 1137; x_wconf 85' lang='lat' dir='ltr'>eoque</span> <span class='ocrx_word' id='word_1_153' title='bbox 1430 1088 1479 1126; x_wconf 90' lang='lat' dir='ltr'>ad</span> <span class='ocrx_word' id='word_1_154' title='bbox 1497 1089 1607 1128; x_wconf 86' lang='lat' dir='ltr'>illurn</span> 
     </span>
     <span class='ocr_line' id='line_1_17' title="bbox 152 1144 1609 1197; baseline 0.005 -15"><span class='ocrx_word' id='word_1_155' title='bbox 152 1145 306 1183; x_wconf 89' lang='lat' dir='ltr'>modum</span> <span class='ocrx_word' id='word_1_156' title='bbox 327 1158 394 1183; x_wconf 88' lang='lat' dir='ltr'>vos</span> <span class='ocrx_word' id='word_1_157' title='bbox 417 1145 605 1183; x_wconf 86' lang='lat' dir='ltr'>tractavit.</span> <span class='ocrx_word' id='word_1_158' title='bbox 652 1144 753 1181; x_wconf 89' lang='lat' dir='ltr'>Nam</span> <span class='ocrx_word' id='word_1_159' title='bbox 781 1145 812 1182; x_wconf 88' lang='lat' dir='ltr'>si</span> <span class='ocrx_word' id='word_1_160' title='bbox 840 1146 1118 1196; x_wconf 84' lang='lat' dir='ltr'>mancipiorum</span> <span class='ocrx_word' id='word_1_161' title='bbox 1149 1148 1280 1185; x_wconf 89' lang='lat' dir='ltr'>urbem</span> <span class='ocrx_word' id='word_1_162' title='bbox 1310 1161 1396 1186; x_wconf 85' lang='lat' dir='ltr'>esse</span> <span class='ocrx_word' id='word_1_163' title='bbox 1427 1149 1540 1197; x_wconf 88' lang='lat' dir='ltr'>hanc,</span> <span class='ocrx_word' id='word_1_164' title='bbox 1569 1159 1609 1190; x_wconf 85' lang='lat' dir='ltr'>et</span> 
     </span>
     <span class='ocr_line' id='line_1_18' title="bbox 153 1205 1607 1259; baseline 0.004 -15"><span class='ocrx_word' id='word_1_165' title='bbox 153 1219 231 1244; x_wconf 90' lang='lat' dir='ltr'>non</span> <span class='ocrx_word' id='word_1_166' title='bbox 249 1219 380 1244; x_wconf 89' lang='lat' dir='ltr'>eorum</span> <span class='ocrx_word' id='word_1_167' title='bbox 401 1206 466 1256; x_wconf 90' lang='lat' dir='ltr'>qui</span> <span class='ocrx_word' id='word_1_168' title='bbox 486 1205 644 1243; x_wconf 84' lang='lat' dir='ltr'>aliorum</span> <span class='ocrx_word' id='word_1_169' title='bbox 666 1206 825 1256; x_wconf 84' lang='lat' dir='ltr'>imperio</span> <span class='ocrx_word' id='word_1_170' title='bbox 851 1206 956 1257; x_wconf 88' lang='lat' dir='ltr'>digni</span> <span class='ocrx_word' id='word_1_171' title='bbox 976 1207 1179 1254; x_wconf 81' lang='lat' dir='ltr'>habentur,</span> <span class='ocrx_word' id='word_1_172' title='bbox 1198 1222 1283 1247; x_wconf 80' lang='lat' dir='ltr'>esse</span> <span class='ocrx_word' id='word_1_173' title='bbox 1303 1217 1509 1259; x_wconf 84' lang='lat' dir='ltr'>constaret,</span> <span class='ocrx_word' id='word_1_174' title='bbox 1530 1226 1607 1251; x_wconf 91' lang='lat' dir='ltr'>non</span> 
     </span>
     <span class='ocr_line' id='line_1_19' title="bbox 153 1267 1607 1317; baseline 0.004 -11"><span class='ocrx_word' id='word_1_175' title='bbox 153 1268 354 1306; x_wconf 82' lang='lat' dir='ltr'>toleranda</span> <span class='ocrx_word' id='word_1_176' title='bbox 372 1267 508 1304; x_wconf 80' lang='lat' dir='ltr'>fuisset</span> <span class='ocrx_word' id='word_1_177' title='bbox 526 1267 650 1313; x_wconf 89' lang='lat' dir='ltr'>istius,</span> <span class='ocrx_word' id='word_1_178' title='bbox 671 1279 747 1317; x_wconf 84' lang='lat' dir='ltr'>qua</span> <span class='ocrx_word' id='word_1_179' title='bbox 766 1267 804 1305; x_wconf 92' lang='lat' dir='ltr'>in</span> <span class='ocrx_word' id='word_1_180' title='bbox 824 1268 906 1305; x_wconf 85' lang='lat' dir='ltr'>foro</span> <span class='ocrx_word' id='word_1_181' title='bbox 926 1270 1104 1306; x_wconf 85' lang='lat' dir='ltr'>utebatur</span> <span class='ocrx_word' id='word_1_182' title='bbox 1123 1270 1350 1308; x_wconf 86' lang='lat' dir='ltr'>insolentia:</span> <span class='ocrx_word' id='word_1_183' title='bbox 1388 1285 1476 1310; x_wconf 90' lang='lat' dir='ltr'>cum</span> <span class='ocrx_word' id='word_1_184' title='bbox 1494 1275 1607 1312; x_wconf 87' lang='lat' dir='ltr'>simul</span> 
     </span>
     <span class='ocr_line' id='line_1_20' title="bbox 152 1327 1608 1380; baseline 0.004 -13"><span class='ocrx_word' id='word_1_185' title='bbox 152 1336 192 1367; x_wconf 88' lang='lat' dir='ltr'>et</span> <span class='ocrx_word' id='word_1_186' title='bbox 210 1328 416 1379; x_wconf 84' lang='lat' dir='ltr'>inquilinos</span> <span class='ocrx_word' id='word_1_187' title='bbox 437 1335 475 1367; x_wconf 85' lang='lat' dir='ltr'>et</span> <span class='ocrx_word' id='word_1_188' title='bbox 493 1327 753 1366; x_wconf 83' lang='lat' dir='ltr'>Athenienses</span> <span class='ocrx_word' id='word_1_189' title='bbox 782 1328 953 1376; x_wconf 89' lang='lat' dir='ltr'>vinciret,</span> <span class='ocrx_word' id='word_1_190' title='bbox 975 1330 1163 1380; x_wconf 82' lang='lat' dir='ltr'>abriperet</span> <span class='ocrx_word' id='word_1_191' title='bbox 1181 1331 1219 1368; x_wconf 90' lang='lat' dir='ltr'>in</span> <span class='ocrx_word' id='word_1_192' title='bbox 1239 1345 1444 1379; x_wconf 80' lang='lat' dir='ltr'>carcerem,</span> <span class='ocrx_word' id='word_1_193' title='bbox 1466 1336 1608 1374; x_wconf 83' lang='lat' dir='ltr'>vocife-</span> 
     </span>
     <span class='ocr_line' id='line_1_21' title="bbox 153 1388 1610 1446; baseline 0.005 -18"><span class='ocrx_word' id='word_1_194' title='bbox 153 1396 301 1428; x_wconf 83' lang='lat' dir='ltr'>raretur</span> <span class='ocrx_word' id='word_1_195' title='bbox 316 1390 353 1427; x_wconf 89' lang='lat' dir='ltr'>in</span> <span class='ocrx_word' id='word_1_196' title='bbox 369 1388 636 1434; x_wconf 85' lang='lat' dir='ltr'>concionibus,</span> <span class='ocrx_word' id='word_1_197' title='bbox 655 1402 724 1439; x_wconf 90' lang='lat' dir='ltr'>pro</span> <span class='ocrx_word' id='word_1_198' title='bbox 742 1396 940 1440; x_wconf 82' lang='lat' dir='ltr'>suggesto,</span> <span class='ocrx_word' id='word_1_199' title='bbox 955 1403 1085 1428; x_wconf 81' lang='lat' dir='ltr'>servos</span> <span class='ocrx_word' id='word_1_200' title='bbox 1101 1393 1220 1430; x_wconf 90' lang='lat' dir='ltr'>servis</span> <span class='ocrx_word' id='word_1_201' title='bbox 1240 1400 1352 1431; x_wconf 87' lang='lat' dir='ltr'>natos</span> <span class='ocrx_word' id='word_1_202' title='bbox 1367 1396 1610 1446; x_wconf 75' lang='lat' dir='ltr'>appellitaret</span> 
     </span>
     <span class='ocr_line' id='line_1_22' title="bbox 155 1449 1612 1501; baseline 0.006 -12"><span class='ocrx_word' id='word_1_203' title='bbox 155 1464 198 1489; x_wconf 89' lang='lat' dir='ltr'>se</span> <span class='ocrx_word' id='word_1_204' title='bbox 227 1450 417 1495; x_wconf 87' lang='lat' dir='ltr'>meliores,</span> <span class='ocrx_word' id='word_1_205' title='bbox 444 1457 482 1487; x_wconf 82' lang='lat' dir='ltr'>et</span> <span class='ocrx_word' id='word_1_206' title='bbox 512 1456 614 1488; x_wconf 87' lang='lat' dir='ltr'>ortos</span> <span class='ocrx_word' id='word_1_207' title='bbox 644 1449 885 1488; x_wconf 82' lang='lat' dir='ltr'>melioribus:</span> <span class='ocrx_word' id='word_1_208' title='bbox 920 1452 1200 1501; x_wconf 84' lang='lat' dir='ltr'>percontando,</span> <span class='ocrx_word' id='word_1_209' title='bbox 1234 1468 1283 1491; x_wconf 82' lang='lat' dir='ltr'>an</span> <span class='ocrx_word' id='word_1_210' title='bbox 1311 1455 1453 1494; x_wconf 80' lang='lat' dir='ltr'>frustra</span> <span class='ocrx_word' id='word_1_211' title='bbox 1480 1471 1612 1498; x_wconf 87' lang='lat' dir='ltr'>carcer</span> 
     </span>
     <span class='ocr_line' id='line_1_23' title="bbox 154 1511 1609 1569; baseline 0.006 -18"><span class='ocrx_word' id='word_1_212' title='bbox 154 1520 260 1551; x_wconf 86' lang='lat' dir='ltr'>esset</span> <span class='ocrx_word' id='word_1_213' title='bbox 274 1511 502 1550; x_wconf 70' lang='lat' dir='ltr'>aedificatus.</span> <span class='ocrx_word' id='word_1_214' title='bbox 533 1511 726 1562; x_wconf 81' lang='lat' dir='ltr'>Equidem</span> <span class='ocrx_word' id='word_1_215' title='bbox 744 1511 784 1548; x_wconf 92' lang='lat' dir='ltr'>id</span> <span class='ocrx_word' id='word_1_216' title='bbox 799 1512 904 1550; x_wconf 88' lang='lat' dir='ltr'>haud</span> <span class='ocrx_word' id='word_1_217' title='bbox 920 1514 1140 1562; x_wconf 85' lang='lat' dir='ltr'>negaverim</span> <span class='ocrx_word' id='word_1_218' title='bbox 1159 1528 1168 1551; x_wconf 88' lang='lat'>:</span> <span class='ocrx_word' id='word_1_219' title='bbox 1191 1515 1381 1565; x_wconf 82' lang='lat' dir='ltr'>siqnidem</span> <span class='ocrx_word' id='word_1_220' title='bbox 1400 1527 1509 1569; x_wconf 73' lang='lat' dir='ltr'>pater</span> <span class='ocrx_word' id='word_1_221' title='bbox 1521 1528 1609 1561; x_wconf 90' lang='lat' dir='ltr'>tuus</span> 
     </span>
     <span class='ocr_line' id='line_1_24' title="bbox 154 1574 1610 1631; baseline 0.005 -19"><span class='ocrx_word' id='word_1_222' title='bbox 154 1575 257 1621; x_wconf 90' lang='lat' dir='ltr'>inde,</span> <span class='ocrx_word' id='word_1_223' title='bbox 276 1588 364 1612; x_wconf 89' lang='lat' dir='ltr'>cum</span> <span class='ocrx_word' id='word_1_224' title='bbox 385 1574 475 1625; x_wconf 84' lang='lat' dir='ltr'>ipsis</span> <span class='ocrx_word' id='word_1_225' title='bbox 496 1574 760 1625; x_wconf 84' lang='lat' dir='ltr'>compedibus,</span> <span class='ocrx_word' id='word_1_226' title='bbox 780 1576 819 1611; x_wconf 90' lang='lat' dir='ltr'>in</span> <span class='ocrx_word' id='word_1_227' title='bbox 847 1575 932 1626; x_wconf 85' lang='lat' dir='ltr'>ipsa</span> <span class='ocrx_word' id='word_1_228' title='bbox 957 1576 1255 1617; x_wconf 82' lang='lat' dir='ltr'>Bacchanalium</span> <span class='ocrx_word' id='word_1_229' title='bbox 1283 1593 1425 1631; x_wconf 82' lang='lat' dir='ltr'>pompa</span> <span class='ocrx_word' id='word_1_230' title='bbox 1456 1585 1610 1624; x_wconf 83' lang='lat' dir='ltr'>exsiliit,</span> 
     </span>
     <span class='ocr_line' id='line_1_25' title="bbox 154 1635 1611 1689; baseline 0.008 -14"><span class='ocrx_word' id='word_1_231' title='bbox 154 1637 263 1675; x_wconf 86' lang='lat' dir='ltr'>Alias</span> <span class='ocrx_word' id='word_1_232' title='bbox 283 1643 411 1674; x_wconf 88' lang='lat' dir='ltr'>autem</span> <span class='ocrx_word' id='word_1_233' title='bbox 432 1636 514 1686; x_wconf 89' lang='lat' dir='ltr'>ejus</span> <span class='ocrx_word' id='word_1_234' title='bbox 545 1635 799 1674; x_wconf 82' lang='lat' dir='ltr'>contumelias</span> <span class='ocrx_word' id='word_1_235' title='bbox 834 1649 946 1674; x_wconf 89' lang='lat' dir='ltr'>nemo</span> <span class='ocrx_word' id='word_1_236' title='bbox 966 1650 1066 1675; x_wconf 83' lang='lat' dir='ltr'>unus</span> <span class='ocrx_word' id='word_1_237' title='bbox 1092 1641 1377 1689; x_wconf 83' lang='lat' dir='ltr'>percensuerit:</span> <span class='ocrx_word' id='word_1_238' title='bbox 1410 1648 1517 1683; x_wconf 86' lang='lat' dir='ltr'>tanta</span> <span class='ocrx_word' id='word_1_239' title='bbox 1550 1656 1611 1685; x_wconf 82' lang='lat' dir='ltr'>est</span> 
     </span>
     <span class='ocr_line' id='line_1_26' title="bbox 156 1696 1610 1756; baseline 0.008 -22"><span class='ocrx_word' id='word_1_240' title='bbox 156 1711 288 1736; x_wconf 86' lang='lat' dir='ltr'>earum</span> <span class='ocrx_word' id='word_1_241' title='bbox 310 1697 530 1734; x_wconf 84' lang='lat' dir='ltr'>multitudo.</span> <span class='ocrx_word' id='word_1_242' title='bbox 561 1696 636 1733; x_wconf 80' lang='lat' dir='ltr'>Pro</span> <span class='ocrx_word' id='word_1_243' title='bbox 658 1697 796 1747; x_wconf 86' lang='lat' dir='ltr'>quibus</span> <span class='ocrx_word' id='word_1_244' title='bbox 816 1697 931 1734; x_wconf 82' lang='lat' dir='ltr'>hodie</span> <span class='ocrx_word' id='word_1_245' title='bbox 952 1699 1138 1737; x_wconf 85' lang='lat' dir='ltr'>universis</span> <span class='ocrx_word' id='word_1_246' title='bbox 1155 1714 1276 1750; x_wconf 76' lang='lat' dir='ltr'>poenae</span> <span class='ocrx_word' id='word_1_247' title='bbox 1294 1705 1492 1743; x_wconf 80' lang='lat' dir='ltr'>sumendae</span> <span class='ocrx_word' id='word_1_248' title='bbox 1507 1716 1610 1756; x_wconf 87' lang='lat' dir='ltr'>sunt,</span> 
     </span>
     <span class='ocr_line' id='line_1_27' title="bbox 156 1758 1430 1809; baseline 0.005 -13"><span class='ocrx_word' id='word_1_249' title='bbox 156 1766 195 1797; x_wconf 88' lang='lat' dir='ltr'>et</span> <span class='ocrx_word' id='word_1_250' title='bbox 215 1758 433 1809; x_wconf 82' lang='lat' dir='ltr'>exemplum</span> <span class='ocrx_word' id='word_1_251' title='bbox 453 1758 492 1795; x_wconf 86' lang='lat' dir='ltr'>in</span> <span class='ocrx_word' id='word_1_252' title='bbox 512 1771 596 1796; x_wconf 90' lang='lat' dir='ltr'>eum</span> <span class='ocrx_word' id='word_1_253' title='bbox 619 1759 828 1806; x_wconf 61' lang='lat' dir='ltr'>edendum,</span> <span class='ocrx_word' id='word_1_254' title='bbox 849 1772 926 1808; x_wconf 86' lang='lat' dir='ltr'>quo</span> <span class='ocrx_word' id='word_1_255' title='bbox 946 1760 1040 1799; x_wconf 87' lang='lat' dir='ltr'>fiant</span> <span class='ocrx_word' id='word_1_256' title='bbox 1059 1760 1122 1799; x_wconf 82' lang='lat' dir='ltr'>alii</span> <span class='ocrx_word' id='word_1_257' title='bbox 1142 1763 1430 1804; x_wconf 80' lang='lat' dir='ltr'>moderatiores.</span> 
     </span>
    </p>

    <p class='ocr_par' dir='ltr' id='par_1_3' title="bbox 152 1819 1613 2921">
     <span class='ocr_line' id='line_1_28' title="bbox 210 1819 1610 1880; baseline 0.007 -24"><span class='ocrx_word' id='word_1_258' title='bbox 210 1822 275 1857; x_wconf 77' lang='lat'>20.</span> <span class='ocrx_word' id='word_1_259' title='bbox 306 1821 356 1856; x_wconf 92' lang='lat' dir='ltr'>At</span> <span class='ocrx_word' id='word_1_260' title='bbox 375 1832 465 1857; x_wconf 86' lang='lat' dir='ltr'>vero</span> <span class='ocrx_word' id='word_1_261' title='bbox 483 1819 521 1856; x_wconf 91' lang='lat' dir='ltr'>in</span> <span class='ocrx_word' id='word_1_262' title='bbox 542 1819 601 1856; x_wconf 83' lang='lat' dir='ltr'>his</span> <span class='ocrx_word' id='word_1_263' title='bbox 622 1819 718 1856; x_wconf 58' lang='lat' dir='ltr'>actis</span> <span class='ocrx_word' id='word_1_264' title='bbox 751 1820 914 1869; x_wconf 85' lang='lat' dir='ltr'>publicis</span> <span class='ocrx_word' id='word_1_265' title='bbox 935 1828 995 1858; x_wconf 83' lang='lat' dir='ltr'>cst</span> <span class='ocrx_word' id='word_1_266' title='bbox 1023 1822 1123 1867; x_wconf 82' lang='lat' dir='ltr'>talis,</span> <span class='ocrx_word' id='word_1_267' title='bbox 1142 1824 1180 1861; x_wconf 88' lang='lat' dir='ltr'>in</span> <span class='ocrx_word' id='word_1_268' title='bbox 1200 1824 1283 1862; x_wconf 88' lang='lat' dir='ltr'>aliis</span> <span class='ocrx_word' id='word_1_269' title='bbox 1306 1833 1432 1865; x_wconf 86' lang='lat' dir='ltr'>autem</span> <span class='ocrx_word' id='word_1_270' title='bbox 1451 1831 1610 1880; x_wconf 77' lang='lat' dir='ltr'>quibus-</span> 
     </span>
     <span class='ocr_line' id='line_1_29' title="bbox 156 1879 1611 1945; baseline 0.008 -26"><span class='ocrx_word' id='word_1_271' title='bbox 156 1882 246 1920; x_wconf 85' lang='lat' dir='ltr'>dam</span> <span class='ocrx_word' id='word_1_272' title='bbox 261 1882 359 1919; x_wconf 80' lang='lat' dir='ltr'>bene</span> <span class='ocrx_word' id='word_1_273' title='bbox 379 1894 420 1919; x_wconf 86' lang='lat' dir='ltr'>se</span> <span class='ocrx_word' id='word_1_274' title='bbox 434 1879 580 1931; x_wconf 76' lang='lat' dir='ltr'>gessit?</span> <span class='ocrx_word' id='word_1_275' title='bbox 611 1881 732 1917; x_wconf 84' lang='lat' dir='ltr'>Immo</span> <span class='ocrx_word' id='word_1_276' title='bbox 752 1882 790 1918; x_wconf 90' lang='lat' dir='ltr'>in</span> <span class='ocrx_word' id='word_1_277' title='bbox 805 1882 941 1919; x_wconf 86' lang='lat' dir='ltr'>ceteris</span> <span class='ocrx_word' id='word_1_278' title='bbox 963 1883 1138 1922; x_wconf 90' lang='lat' dir='ltr'>omnibus</span> <span class='ocrx_word' id='word_1_279' title='bbox 1154 1885 1270 1923; x_wconf 82' lang='lat' dir='ltr'>talem</span> <span class='ocrx_word' id='word_1_280' title='bbox 1287 1900 1328 1926; x_wconf 85' lang='lat' dir='ltr'>se</span> <span class='ocrx_word' id='word_1_281' title='bbox 1343 1891 1505 1939; x_wconf 75' lang='lat' dir='ltr'>praebuit</span> <span class='ocrx_word' id='word_1_282' title='bbox 1517 1907 1611 1945; x_wconf 79' lang='lat' dir='ltr'>erga</span> 
     </span>
     <span class='ocr_line' id='line_1_30' title="bbox 157 1941 1610 1998; baseline 0.008 -19"><span class='ocrx_word' id='word_1_283' title='bbox 157 1956 239 1990; x_wconf 84' lang='lat' dir='ltr'>vos,</span> <span class='ocrx_word' id='word_1_284' title='bbox 259 1948 303 1979; x_wconf 89' lang='lat' dir='ltr'>ut</span> <span class='ocrx_word' id='word_1_285' title='bbox 328 1943 364 1979; x_wconf 85' lang='lat' dir='ltr'>in</span> <span class='ocrx_word' id='word_1_286' title='bbox 389 1942 434 1979; x_wconf 88' lang='lat' dir='ltr'>iis</span> <span class='ocrx_word' id='word_1_287' title='bbox 467 1955 552 1992; x_wconf 91' lang='lat' dir='ltr'>quae</span> <span class='ocrx_word' id='word_1_288' title='bbox 585 1941 763 1989; x_wconf 84' lang='lat' dir='ltr'>audistiS,</span> <span class='ocrx_word' id='word_1_289' title='bbox 793 1943 946 1981; x_wconf 86' lang='lat' dir='ltr'>minime</span> <span class='ocrx_word' id='word_1_290' title='bbox 980 1945 1068 1982; x_wconf 89' lang='lat' dir='ltr'>odio</span> <span class='ocrx_word' id='word_1_291' title='bbox 1101 1946 1149 1983; x_wconf 87' lang='lat' dir='ltr'>sit</span> <span class='ocrx_word' id='word_1_292' title='bbox 1184 1947 1337 1998; x_wconf 86' lang='lat' dir='ltr'>dignus.</span> <span class='ocrx_word' id='word_1_293' title='bbox 1374 1951 1477 1994; x_wconf 86' lang='lat' dir='ltr'>Quid</span> <span class='ocrx_word' id='word_1_294' title='bbox 1509 1958 1610 1995; x_wconf 84' lang='lat' dir='ltr'>enim</span> 
     </span>
     <span class='ocr_line' id='line_1_31' title="bbox 156 2003 1610 2056; baseline 0.01 -14"><span class='ocrx_word' id='word_1_295' title='bbox 156 2004 270 2042; x_wconf 75' lang='lat' dir='ltr'>vultis</span> <span class='ocrx_word' id='word_1_296' title='bbox 291 2003 417 2041; x_wconf 86' lang='lat' dir='ltr'>dicam</span> <span class='ocrx_word' id='word_1_297' title='bbox 430 2003 444 2040; x_wconf 70' lang='grc' dir='ltr'>’ἒ</span> <span class='ocrx_word' id='word_1_298' title='bbox 478 2003 703 2040; x_wconf 86' lang='lat' dir='ltr'>Solennium</span> <span class='ocrx_word' id='word_1_299' title='bbox 724 2015 900 2041; x_wconf 90' lang='lat' dir='ltr'>vasorum</span> <span class='ocrx_word' id='word_1_300' title='bbox 920 2006 1310 2054; x_wconf 67' lang='lat' dir='ltr'>reconcinnafflonem,</span> <span class='ocrx_word' id='word_1_301' title='bbox 1330 2018 1369 2049; x_wconf 88' lang='lat' dir='ltr'>et</span> <span class='ocrx_word' id='word_1_302' title='bbox 1383 2026 1610 2056; x_wconf 83' lang='lat' dir='ltr'>coronarum</span> 
     </span>
     <span class='ocr_line' id='line_1_32' title="bbox 158 2064 1612 2118; baseline 0.007 -14"><span class='ocrx_word' id='word_1_303' title='bbox 158 2065 472 2111; x_wconf 84' lang='lat' dir='ltr'>destructionem,</span> <span class='ocrx_word' id='word_1_304' title='bbox 490 2072 555 2101; x_wconf 88' lang='lat' dir='ltr'>aut</span> <span class='ocrx_word' id='word_1_305' title='bbox 583 2064 794 2118; x_wconf 78' lang='lat' dir='ltr'>phialarum</span> <span class='ocrx_word' id='word_1_306' title='bbox 819 2066 1028 2104; x_wconf 73' lang='lat' dir='ltr'>factionem</span> <span class='ocrx_word' id='word_1_307' title='bbox 1047 2067 1150 2104; x_wconf 80' lang='lat' dir='ltr'>illam</span> <span class='ocrx_word' id='word_1_308' title='bbox 1170 2071 1424 2118; x_wconf 65' lang='lat' dir='ltr'>praeclaram?</span> <span class='ocrx_word' id='word_1_309' title='bbox 1450 2075 1528 2113; x_wconf 86' lang='lat' dir='ltr'>Sed</span> <span class='ocrx_word' id='word_1_310' title='bbox 1549 2080 1612 2116; x_wconf 90' lang='lat' dir='ltr'>vel</span> 
     </span>
     <span class='ocr_line' id='line_1_33' title="bbox 157 2125 1610 2182; baseline 0.005 -16"><span class='ocrx_word' id='word_1_311' title='bbox 157 2135 314 2180; x_wconf 81' lang='lat' dir='ltr'>propter</span> <span class='ocrx_word' id='word_1_312' title='bbox 332 2127 428 2171; x_wconf 85' lang='lat' dir='ltr'>haec,</span> <span class='ocrx_word' id='word_1_313' title='bbox 449 2133 487 2162; x_wconf 90' lang='lat' dir='ltr'>et</span> <span class='ocrx_word' id='word_1_314' title='bbox 506 2125 534 2162; x_wconf 90' lang='lat' dir='ltr'>si</span> <span class='ocrx_word' id='word_1_315' title='bbox 557 2125 661 2163; x_wconf 86' lang='lat' dir='ltr'>nulla</span> <span class='ocrx_word' id='word_1_316' title='bbox 681 2126 754 2162; x_wconf 85' lang='lat' dir='ltr'>alia</span> <span class='ocrx_word' id='word_1_317' title='bbox 773 2127 1204 2179; x_wconf 78' lang='lat' dir='ltr'>rempublicam·injuria</span> <span class='ocrx_word' id='word_1_318' title='bbox 1223 2129 1426 2182; x_wconf 74' lang='lat' dir='ltr'>affecisset,</span> <span class='ocrx_word' id='word_1_319' title='bbox 1443 2142 1513 2182; x_wconf 87' lang='lat' dir='ltr'>ter,</span> <span class='ocrx_word' id='word_1_320' title='bbox 1534 2152 1610 2178; x_wconf 81' lang='lat' dir='ltr'>non</span> 
     </span>
     <span class='ocr_line' id='line_1_34' title="bbox 157 2183 1610 2247; baseline 0.008 -20"><span class='ocrx_word' id='word_1_321' title='bbox 157 2189 276 2229; x_wconf 87' lang='lat' dir='ltr'>semel</span> <span class='ocrx_word' id='word_1_322' title='bbox 295 2189 487 2226; x_wconf 80' lang='lat' dir='ltr'>duntaxat</span> <span class='ocrx_word' id='word_1_323' title='bbox 504 2183 863 2237; x_wconf 62' lang='lat' dir='ltr'>jure-&#39;occideretun</span> <span class='ocrx_word' id='word_1_324' title='bbox 905 2188 1005 2226; x_wconf 81' lang='lat' dir='ltr'>Nam</span> <span class='ocrx_word' id='word_1_325' title='bbox 1033 2196 1072 2227; x_wconf 82' lang='lat' dir='ltr'>et</span> <span class='ocrx_word' id='word_1_326' title='bbox 1097 2191 1297 2241; x_wconf 76' lang='lat' dir='ltr'>sacrilegii,</span> <span class='ocrx_word' id='word_1_327' title='bbox 1328 2200 1366 2230; x_wconf 91' lang='lat' dir='ltr'>et</span> <span class='ocrx_word' id='word_1_328' title='bbox 1390 2195 1610 2247; x_wconf 85' lang='lat' dir='ltr'>impietatis,</span> 
     </span>
     <span class='ocr_line' id='line_1_35' title="bbox 158 2250 1612 2312; baseline 0.005 -23"><span class='ocrx_word' id='word_1_329' title='bbox 158 2259 198 2292; x_wconf 84' lang='lat' dir='ltr'>et</span> <span class='ocrx_word' id='word_1_330' title='bbox 215 2251 433 2303; x_wconf 86' lang='lat' dir='ltr'>peculatus,</span> <span class='ocrx_word' id='word_1_331' title='bbox 449 2257 488 2287; x_wconf 83' lang='lat' dir='ltr'>et</span> <span class='ocrx_word' id='word_1_332' title='bbox 507 2250 676 2286; x_wconf 83' lang='lat' dir='ltr'>omnium</span> <span class='ocrx_word' id='word_1_333' title='bbox 696 2250 1007 2300; x_wconf 82' lang='lat' dir='ltr'>gravissimorum</span> <span class='ocrx_word' id='word_1_334' title='bbox 1027 2252 1217 2289; x_wconf 75' lang='lat' dir='ltr'>scelerum</span> <span class='ocrx_word' id='word_1_335' title='bbox 1237 2267 1323 2291; x_wconf 84' lang='lat' dir='ltr'>reus</span> <span class='ocrx_word' id='word_1_336' title='bbox 1342 2263 1414 2294; x_wconf 81' lang='lat' dir='ltr'>est.</span> <span class='ocrx_word' id='word_1_337' title='bbox 1451 2260 1510 2297; x_wconf 88' lang='lat' dir='ltr'>Ac</span> <span class='ocrx_word' id='word_1_338' title='bbox 1530 2263 1612 2312; x_wconf 82' lang='lat' dir='ltr'>ple-</span> 
     </span>
     <span class='ocr_line' id='line_1_36' title="bbox 153 2312 1609 2369; baseline 0.002 -16"><span class='ocrx_word' id='word_1_339' title='bbox 153 2328 274 2366; x_wconf 80' lang='lat' dir='ltr'>raque</span> <span class='ocrx_word' id='word_1_340' title='bbox 311 2314 393 2364; x_wconf 85' lang='lat' dir='ltr'>ejus</span> <span class='ocrx_word' id='word_1_341' title='bbox 425 2314 554 2358; x_wconf 78' lang='lat' dir='ltr'>verba,</span> <span class='ocrx_word' id='word_1_342' title='bbox 581 2313 719 2362; x_wconf 87' lang='lat' dir='ltr'>quibus</span> <span class='ocrx_word' id='word_1_343' title='bbox 755 2312 882 2349; x_wconf 82' lang='lat' dir='ltr'>fucum</span> <span class='ocrx_word' id='word_1_344' title='bbox 911 2313 1017 2350; x_wconf 87' lang='lat' dir='ltr'>vobis</span> <span class='ocrx_word' id='word_1_345' title='bbox 1052 2313 1229 2359; x_wconf 76' lang='lat' dir='ltr'>faciebat,</span> <span class='ocrx_word' id='word_1_346' title='bbox 1261 2318 1461 2369; x_wconf 72' lang='lat' dir='ltr'>praeteribo</span> <span class='ocrx_word' id='word_1_347' title='bbox 1478 2333 1486 2358; x_wconf 72' lang='grc' dir='ltr'>ε</span> <span class='ocrx_word' id='word_1_348' title='bbox 1522 2336 1609 2362; x_wconf 83' lang='lat' dir='ltr'>cum</span> 
     </span>
     <span class='ocr_line' id='line_1_37' title="bbox 160 2375 1610 2433; baseline 0.003 -17"><span class='ocrx_word' id='word_1_349' title='bbox 160 2391 248 2416; x_wconf 80' lang='lat' dir='ltr'>vero</span> <span class='ocrx_word' id='word_1_350' title='bbox 263 2377 420 2413; x_wconf 79' lang='lat' dir='ltr'>dixisset</span> <span class='ocrx_word' id='word_1_351' title='bbox 434 2377 524 2413; x_wconf 76' lang='lat' dir='ltr'>felia</span> <span class='ocrx_word' id='word_1_352' title='bbox 541 2376 708 2412; x_wconf 78' lang='lat' dir='ltr'>defluere</span> <span class='ocrx_word' id='word_1_353' title='bbox 729 2375 775 2412; x_wconf 88' lang='lat' dir='ltr'>de</span> <span class='ocrx_word' id='word_1_354' title='bbox 790 2375 956 2420; x_wconf 86' lang='lat' dir='ltr'>coronis,</span> <span class='ocrx_word' id='word_1_355' title='bbox 975 2381 1014 2410; x_wconf 75' lang='lat' dir='ltr'>et</span> <span class='ocrx_word' id='word_1_356' title='bbox 1028 2387 1093 2411; x_wconf 81' lang='lat' dir='ltr'>eas</span> <span class='ocrx_word' id='word_1_357' title='bbox 1107 2382 1297 2413; x_wconf 82' lang='lat' dir='ltr'>vetustate</span> <span class='ocrx_word' id='word_1_358' title='bbox 1313 2384 1610 2433; x_wconf 83' lang='lat' dir='ltr'>computruisse,</span> 
     </span>
     <span class='ocr_line' id='line_1_38' title="bbox 152 2437 1610 2492; baseline 0.01 -21"><span class='ocrx_word' id='word_1_359' title='bbox 152 2439 270 2492; x_wconf 4' lang='lat' dir='ltr'>,quasi</span> <span class='ocrx_word' id='word_1_360' title='bbox 285 2439 464 2485; x_wconf 83' lang='lat' dir='ltr'>violaceae</span> <span class='ocrx_word' id='word_1_361' title='bbox 478 2444 622 2483; x_wconf 88' lang='lat' dir='ltr'>essent,</span> <span class='ocrx_word' id='word_1_362' title='bbox 638 2443 703 2473; x_wconf 79' lang='lat' dir='ltr'>aut</span> <span class='ocrx_word' id='word_1_363' title='bbox 717 2449 898 2480; x_wconf 72' lang='lat' dir='ltr'>rosaceae,</span> <span class='ocrx_word' id='word_1_364' title='bbox 913 2449 987 2473; x_wconf 88' lang='lat' dir='ltr'>non</span> <span class='ocrx_word' id='word_1_365' title='bbox 1002 2448 1142 2481; x_wconf 71' lang='lat' dir='ltr'>aureae,</span> <span class='ocrx_word' id='word_1_366' title='bbox 1155 2437 1262 2474; x_wconf 83' lang='lat' dir='ltr'>vobis</span> <span class='ocrx_word' id='word_1_367' title='bbox 1283 2446 1414 2477; x_wconf 85' lang='lat' dir='ltr'>auctor</span> <span class='ocrx_word' id='word_1_368' title='bbox 1433 2455 1498 2480; x_wconf 83' lang='lat' dir='ltr'>eas</span> <span class='ocrx_word' id='word_1_369' title='bbox 1520 2458 1610 2484; x_wconf 91' lang='lat' dir='ltr'>con-</span> 
     </span>
     <span class='ocr_line' id='line_1_39' title="bbox 159 2497 1611 2552; baseline 0.005 -14"><span class='ocrx_word' id='word_1_370' title='bbox 159 2501 277 2539; x_wconf 84' lang='lat' dir='ltr'>flandi</span> <span class='ocrx_word' id='word_1_371' title='bbox 292 2500 374 2536; x_wconf 83' lang='lat' dir='ltr'>suit.</span> <span class='ocrx_word' id='word_1_372' title='bbox 417 2499 556 2536; x_wconf 84' lang='lat' dir='ltr'>Postea</span> <span class='ocrx_word' id='word_1_373' title='bbox 577 2499 613 2535; x_wconf 91' lang='lat' dir='ltr'>in</span> <span class='ocrx_word' id='word_1_374' title='bbox 634 2498 782 2535; x_wconf 86' lang='lat' dir='ltr'>tributis</span> <span class='ocrx_word' id='word_1_375' title='bbox 802 2498 1001 2547; x_wconf 78' lang='lat' dir='ltr'>exigendis</span> <span class='ocrx_word' id='word_1_376' title='bbox 1022 2497 1159 2534; x_wconf 74' lang='lat' dir='ltr'>adesse</span> <span class='ocrx_word' id='word_1_377' title='bbox 1181 2498 1394 2537; x_wconf 81' lang='lat' dir='ltr'>ministrum</span> <span class='ocrx_word' id='word_1_378' title='bbox 1417 2505 1611 2552; x_wconf 84' lang='lat' dir='ltr'>publicum</span> 
     </span>
     <span class='ocr_line' id='line_1_40' title="bbox 154 2558 1611 2616; baseline 0.003 -16"><span class='ocrx_word' id='word_1_379' title='bbox 154 2563 287 2616; x_wconf 87' lang='lat' dir='ltr'>jussit,</span> <span class='ocrx_word' id='word_1_380' title='bbox 312 2568 354 2598; x_wconf 88' lang='lat' dir='ltr'>ut</span> <span class='ocrx_word' id='word_1_381' title='bbox 381 2561 436 2597; x_wconf 86' lang='lat' dir='ltr'>vir</span> <span class='ocrx_word' id='word_1_382' title='bbox 465 2562 602 2605; x_wconf 83' lang='lat' dir='ltr'>bonus,</span> <span class='ocrx_word' id='word_1_383' title='bbox 631 2573 719 2596; x_wconf 88' lang='lat' dir='ltr'>cum</span> <span class='ocrx_word' id='word_1_384' title='bbox 761 2572 807 2596; x_wconf 83' lang='lat' dir='ltr'>ea</span> <span class='ocrx_word' id='word_1_385' title='bbox 835 2558 975 2609; x_wconf 79' lang='lat' dir='ltr'>singuli</span> <span class='ocrx_word' id='word_1_386' title='bbox 1005 2559 1067 2608; x_wconf 86' lang='lat' dir='ltr'>qui</span> <span class='ocrx_word' id='word_1_387' title='bbox 1101 2560 1362 2608; x_wconf 76' lang='lat' dir='ltr'>pependerant</span> <span class='ocrx_word' id='word_1_388' title='bbox 1393 2563 1611 2616; x_wconf 83' lang='lat' dir='ltr'>inscripturi</span> 
     </span>
     <span class='ocr_line' id='line_1_41' title="bbox 154 2619 1610 2670; baseline -0.002 -8"><span class='ocrx_word' id='word_1_389' title='bbox 154 2631 316 2669; x_wconf 87' lang='lat' dir='ltr'>essent:</span> <span class='ocrx_word' id='word_1_390' title='bbox 349 2622 383 2658; x_wconf 89' lang='lat' dir='ltr'>in</span> <span class='ocrx_word' id='word_1_391' title='bbox 404 2621 553 2658; x_wconf 88' lang='lat' dir='ltr'>coronis</span> <span class='ocrx_word' id='word_1_392' title='bbox 574 2628 701 2657; x_wconf 85' lang='lat' dir='ltr'>autem</span> <span class='ocrx_word' id='word_1_393' title='bbox 730 2633 825 2670; x_wconf 86' lang='lat' dir='ltr'>quas</span> <span class='ocrx_word' id='word_1_394' title='bbox 845 2619 1088 2667; x_wconf 78' lang='lat' dir='ltr'>concidebat,</span> <span class='ocrx_word' id='word_1_395' title='bbox 1104 2619 1291 2669; x_wconf 86' lang='lat' dir='ltr'>justitiam</span> <span class='ocrx_word' id='word_1_396' title='bbox 1312 2621 1414 2658; x_wconf 72' lang='lat' dir='ltr'>illam</span> <span class='ocrx_word' id='word_1_397' title='bbox 1446 2637 1522 2662; x_wconf 90' lang='lat' dir='ltr'>non</span> <span class='ocrx_word' id='word_1_398' title='bbox 1542 2629 1610 2666; x_wconf 82' lang='lat' dir='ltr'>ad-</span> 
     </span>
     <span class='ocr_line' id='line_1_42' title="bbox 160 2681 1611 2739; baseline -0.001 -16"><span class='ocrx_word' id='word_1_399' title='bbox 160 2685 297 2730; x_wconf 89' lang='lat' dir='ltr'>hibuit,</span> <span class='ocrx_word' id='word_1_400' title='bbox 317 2683 386 2720; x_wconf 90' lang='lat' dir='ltr'>sed</span> <span class='ocrx_word' id='word_1_401' title='bbox 406 2683 486 2733; x_wconf 66' lang='lat' dir='ltr'>ipse</span> <span class='ocrx_word' id='word_1_402' title='bbox 506 2689 645 2727; x_wconf 83' lang='lat' dir='ltr'>orator,</span> <span class='ocrx_word' id='word_1_403' title='bbox 665 2681 866 2723; x_wconf 79' lang='lat' dir='ltr'>aurifusor,</span> <span class='ocrx_word' id='word_1_404' title='bbox 885 2687 1066 2731; x_wconf 77' lang='lat' dir='ltr'>quoestor,</span> <span class='ocrx_word' id='word_1_405' title='bbox 1088 2681 1289 2730; x_wconf 85' lang='lat' dir='ltr'>inscriptor</span> <span class='ocrx_word' id='word_1_406' title='bbox 1308 2683 1463 2721; x_wconf 75' lang='lat' dir='ltr'>exstitit.</span> <span class='ocrx_word' id='word_1_407' title='bbox 1493 2687 1611 2739; x_wconf 73' lang='lat' dir='ltr'>Atqui</span> 
     </span>
     <span class='ocr_line' id='line_1_43' title="bbox 163 2741 1610 2796; baseline -0.003 -11"><span class='ocrx_word' id='word_1_408' title='bbox 163 2747 194 2786; x_wconf 87' lang='lat' dir='ltr'>si</span> <span class='ocrx_word' id='word_1_409' title='bbox 214 2747 253 2785; x_wconf 89' lang='lat' dir='ltr'>in</span> <span class='ocrx_word' id='word_1_410' title='bbox 272 2746 463 2788; x_wconf 87' lang='lat' dir='ltr'>omnibus,</span> <span class='ocrx_word' id='word_1_411' title='bbox 478 2756 563 2793; x_wconf 85' lang='lat' dir='ltr'>quae</span> <span class='ocrx_word' id='word_1_412' title='bbox 581 2742 732 2792; x_wconf 89' lang='lat' dir='ltr'>publico</span> <span class='ocrx_word' id='word_1_413' title='bbox 751 2743 892 2792; x_wconf 80' lang='lat' dir='ltr'>agebas</span> <span class='ocrx_word' id='word_1_414' title='bbox 912 2742 1077 2785; x_wconf 83' lang='lat' dir='ltr'>nomine,</span> <span class='ocrx_word' id='word_1_415' title='bbox 1100 2741 1231 2779; x_wconf 65' lang='lat' dir='ltr'>haberi</span> <span class='ocrx_word' id='word_1_416' title='bbox 1253 2742 1319 2778; x_wconf 82' lang='lat' dir='ltr'>tibi</span> <span class='ocrx_word' id='word_1_417' title='bbox 1341 2743 1453 2781; x_wconf 80' lang='lat' dir='ltr'>fidem</span> <span class='ocrx_word' id='word_1_418' title='bbox 1476 2759 1610 2796; x_wconf 78' lang='lat' dir='ltr'>postu-</span> 
     </span>
     <span class='ocr_line' id='line_1_44' title="bbox 161 2802 1613 2855; baseline 0.001 -9"><span class='ocrx_word' id='word_1_419' title='bbox 161 2809 299 2853; x_wconf 84' lang='lat' dir='ltr'>lasses,</span> <span class='ocrx_word' id='word_1_420' title='bbox 331 2806 529 2844; x_wconf 68' lang='lat' dir='ltr'>furtatua</span> <span class='ocrx_word' id='word_1_421' title='bbox 554 2804 679 2840; x_wconf 89' lang='lat' dir='ltr'>minus</span> <span class='ocrx_word' id='word_1_422' title='bbox 708 2810 834 2840; x_wconf 87' lang='lat' dir='ltr'>essent</span> <span class='ocrx_word' id='word_1_423' title='bbox 860 2803 1112 2853; x_wconf 75' lang='lat' dir='ltr'>deprehensa.</span> <span class='ocrx_word' id='word_1_424' title='bbox 1165 2802 1280 2839; x_wconf 83' lang='lat' dir='ltr'>Nunc</span> <span class='ocrx_word' id='word_1_425' title='bbox 1310 2804 1347 2840; x_wconf 89' lang='lat' dir='ltr'>in</span> <span class='ocrx_word' id='word_1_426' title='bbox 1377 2806 1541 2855; x_wconf 86' lang='lat' dir='ltr'>tributis,</span> <span class='ocrx_word' id='word_1_427' title='bbox 1571 2820 1613 2851; x_wconf 89' lang='lat' dir='ltr'>ut</span> 
     </span>
     <span class='ocr_line' id='line_1_45' title="bbox 163 2863 1612 2921; baseline -0.002 -15"><span class='ocrx_word' id='word_1_428' title='bbox 163 2881 315 2921; x_wconf 77' lang='lat' dir='ltr'>aequum</span> <span class='ocrx_word' id='word_1_429' title='bbox 334 2874 406 2913; x_wconf 89' lang='lat' dir='ltr'>est,</span> <span class='ocrx_word' id='word_1_430' title='bbox 427 2878 502 2904; x_wconf 89' lang='lat' dir='ltr'>non</span> <span class='ocrx_word' id='word_1_431' title='bbox 524 2864 738 2903; x_wconf 83' lang='lat' dir='ltr'>habendam</span> <span class='ocrx_word' id='word_1_432' title='bbox 759 2863 825 2901; x_wconf 86' lang='lat' dir='ltr'>tibi</span> <span class='ocrx_word' id='word_1_433' title='bbox 843 2877 928 2902; x_wconf 87' lang='lat' dir='ltr'>esse</span> <span class='ocrx_word' id='word_1_434' title='bbox 949 2864 1063 2901; x_wconf 81' lang='lat' dir='ltr'>fidem</span> <span class='ocrx_word' id='word_1_435' title='bbox 1083 2876 1170 2901; x_wconf 83' lang='lat' dir='ltr'>cum</span> <span class='ocrx_word' id='word_1_436' title='bbox 1192 2865 1378 2911; x_wconf 78' lang='lat' dir='ltr'>sanxeris,</span> <span class='ocrx_word' id='word_1_437' title='bbox 1399 2868 1466 2905; x_wconf 83' lang='lat' dir='ltr'>sed</span> <span class='ocrx_word' id='word_1_438' title='bbox 1495 2874 1612 2911; x_wconf 75' lang='lat' dir='ltr'>servis</span> 
     </span>
    </p>
   </div>
  </div>
 </body>
</html>
