1923 3149
606 157 827 196 CONTRA
855 156 1238 196 TIMOCRATEM.
1543 156 1621 192 417

165 259 218 300 ad
238 260 457 299 institutum
477 266 654 299 nostrum
674 259 840 299 fortasse
865 258 959 297 nihil
984 258 1173 297 attinent:
1203 258 1308 310 quod
1329 257 1361 296 si
1385 256 1471 308 quis
1488 256 1625 294 horum

167 333 286 359 unum
307 320 471 367 violarit,
487 321 605 359 cuivis
626 321 695 359 dat
712 319 924 359 accusandi
943 325 1191 371 potestatem.
1233 319 1470 357 Timocrates
1497 317 1626 368 igitur,

167 383 201 420 si
221 395 299 419 non
317 384 495 421 omnibus
514 383 573 421 his
603 390 813 428 teneretur,
842 394 969 432 neque
990 387 1126 419 contra
1154 381 1239 418 haec
1258 380 1388 418 omnia
1415 381 1539 431 legem
1565 393 1627 418 ro-

166 443 316 493 gasset',
337 457 456 482 unum
476 444 670 496 quippiam
690 445 728 481 in
746 457 792 482 eo
809 442 983 482 accusari
1004 442 1222 493 potuisset:
1252 454 1357 479 nunc
1373 454 1534 479 neeesse
1554 448 1628 487 est,

167 505 330 555 singulis
362 505 570 551 distinctis,
591 518 637 543 ea
662 505 821 544 seorsim
843 503 1038 555 explicari.
1086 503 1258 540 Primum
1286 503 1402 553 igitur
1423 502 1461 539 id
1489 502 1627 548 dicam,

167 565 206 602 in
229 579 306 616 quo
334 566 499 616 primurn
518 566 695 617 deliquit,
729 579 815 604 eum
845 572 983 603 contra
1012 577 1147 603 ornnes
1182 564 1291 614 leges
1323 564 1459 601 tulisse
1486 563 1626 613 legem,

166 626 351 677 deinceps
381 627 516 665 ordine
545 634 691 673 cetera,
717 632 832 678 prout
858 626 967 664 vobis
1002 626 1135 664 audire
1169 625 1471 676 unumquodque
1502 624 1627 662 visum

167 687 293 726 fuerit.
338 688 447 739 Cape
476 688 584 737 leges
621 688 730 732 istas,
770 694 809 725 et
838 686 980 730 recita3
1020 686 1215 725 constabit
1244 687 1344 724 enim
1375 699 1462 725 eum
1490 686 1627 724 horum

167 747 261 786 nihil
276 748 429 788 fecisse.
486 748 702 795 Attendite,
713 748 881 800 judices,
904 748 996 786 dum
1012 748 1120 799 leges
1136 748 1360 786 recitantur.

681 883 869 922 JUSSIO
900 882 1107 921 LEGUM.

214 967 316 997 Primo
334 972 457 998 senatus
472 973 626 1000 conventu
644 969 695 999 die
709 969 884 1004 undecimo,
899 974 1061 1009 postquam
1085 973 1157 999 vota
1171 968 1200 999 in
1216 969 1332 1009 populo
1347 973 1474 1007 peracta
1487 967 1600 997 suerint
1614 977 1632 997 a

168 1028 311 1057 praecone
325 1019 496 1049 sciscantur
512 1020 750 1059 leges‚primum
765 1021 803 1049 de
817 1020 978 1049 senatoriis
992 1021 1093 1056 rebus,
1109 1019 1220 1050 deinde
1232 1020 1270 1049 de
1281 1019 1503 1055 communibus,
1519 1019 1631 1048 deinde

166 1069 209 1098 de
233 1069 279 1098 his
295 1080 362 1108 quae
379 1071 566 1100 novemviris
580 1071 649 1100 latae
667 1075 748 1107 sunt,
765 1081 838 1101 mox
865 1071 904 1100 de
927 1070 1054 1109 reliquis
1076 1070 1324 1110 magistratibus:
1347 1070 1446 1110 prima
1468 1070 1507 1100 sit
1531 1074 1631 1099 autem

169 1119 363 1158 dijudicatio,
385 1121 434 1150 cui
453 1121 526 1150 satis
550 1132 617 1151 esse
634 1122 797 1152 videantur
812 1123 896 1161 leges
913 1121 1086 1157 senatoriae,
1101 1121 1151 1151 cui
1172 1132 1228 1151 non
1247 1122 1429 1160 videantur-3
1452 1121 1563 1151 deinde
1584 1131 1632 1150 re-

170 1180 238 1200 rum
253 1171 456 1201 communium
479 1173 586 1203 eodem
612 1174 716 1203 modo.
757 1173 818 1203 Sed
835 1173 938 1212 legum
955 1173 1166 1211 comprobatio
1188 1173 1239 1202 fiat
1259 1173 1429 1202 secundum
1444 1173 1530 1212 leges
1548 1183 1633 1203 rece-

169 1225 248 1261 ptas.
277 1222 367 1260 Quod
385 1222 411 1251 si
428 1233 497 1262 quae
519 1229 653 1263 receptae
670 1224 755 1263 leges
771 1224 948 1263 improbatae
970 1223 1095 1259 suerint,
1118 1228 1285 1259 senatores,
1300 1223 1331 1253 in
1352 1234 1480 1263 quorum
1505 1222 1635 1253 admini-

171 1273 318 1304 stratione
334 1275 453 1313 rogatio
475 1277 555 1305 sacta
574 1277 677 1311 suerit,
693 1276 731 1306 de
747 1276 930 1315 improbatis
944 1275 1066 1314 legibus
1081 1280 1266 1314 postremam
1284 1275 1374 1305 trium
1394 1275 1572 1305 concionum
1588 1274 1635 1304 in-

167 1323 290 1354 dicant:
312 1325 461 1363 praesides
480 1336 566 1361 vero,
580 1327 632 1365 qui
648 1326 679 1356 in
696 1337 732 1356 ea
747 1325 894 1356 concione
910 1326 1125 1365 praesederint,
1142 1325 1315 1356 necessario
1332 1326 1548 1366 respondeant,
1571 1325 1634 1365 pri-

169 1386 252 1405 mum
269 1380 338 1415 post
354 1387 441 1406 sacra
456 1377 496 1408 de
512 1378 779 1417 legumlatoribus,
797 1377 909 1416 quibus
935 1377 1165 1407 conditionibus
1181 1378 1288 1407 sedere
1312 1377 1457 1412 debeant,
1481 1382 1512 1407 et
1529 1378 1568 1407 de
1588 1388 1637 1407 ar-

169 1432 273 1465 gento,
291 1428 369 1457 unde
383 1428 636 1467 legumlatoribus
650 1429 690 1458 sit
703 1429 896 1458 solvendum.
918 1429 1152 1467 Legnmlatores
1166 1433 1266 1458 autem
1282 1438 1321 1457 ex
1338 1427 1374 1457 iis
1393 1428 1569 1467 deligantur
1584 1427 1635 1467 qui

171 1477 380 1507 Heliasticum
394 1479 608 1517 jusjurandum
631 1480 793 1509 dederunt.
826 1478 878 1508 Sin
901 1483 1057 1509 senatores
1081 1479 1194 1509 adhoc
1219 1480 1433 1520 praescriptum
1458 1480 1636 1510 concionem

171 1537 230 1557 non
246 1528 419 1564 habuerint,
433 1533 486 1557 aut
501 1529 648 1568 praesides
664 1540 721 1558 non
739 1529 775 1558 ad
790 1529 849 1558 hoc
863 1529 1080 1568 praescriptum
1097 1530 1325 1569 responderint,
1341 1530 1538 1559 mulctabitur
1547 1541 1637 1560 sena-

171 1582 272 1608 torum
299 1579 508 1617 unusquisque
534 1579 618 1609 mille
646 1579 801 1609 drachmis
825 1579 974 1609 Minervae
991 1579 1098 1615 saeris,
1114 1580 1282 1619 praesidum
1304 1584 1403 1609 autem
1429 1580 1637 1619 unusquisque

171 1628 373 1669 quadraginta
388 1630 548 1660 drachmas
563 1631 675 1660 debeat
689 1630 843 1667 ,Minervae
861 1640 984 1667 sacras3
1007 1630 1100 1660 liceat
1113 1631 1203 1660 etiam
1226 1641 1280 1660 eos
1294 1631 1373 1670 apud
1389 1630 1532 1660 sexviros
1553 1641 1590 1660 ea
1604 1641 1636 1661 a-

170 1680 274 1710 ctione
288 1680 449 1719 postulari,
461 1692 529 1720 qnae
542 1681 572 1711 in
586 1681 726 1711 aerarium
743 1684 853 1721 agitur,
870 1681 922 1721 qui
936 1681 1144 1721 magistratum
1161 1682 1304 1720 gesserit.
1328 1680 1453 1711 Sexviri
1465 1685 1566 1711 autem
1582 1682 1638 1711 de-

170 1731 251 1761 latos
264 1731 482 1761 introducunto
495 1733 524 1761 in
537 1733 687 1772 judicium
700 1744 741 1763 ex
755 1733 837 1772 lege,
848 1737 900 1762 aut
914 1732 944 1762 in
956 1733 1151 1772 Areopagum
1165 1743 1202 1762 ne
1213 1733 1411 1768 ascendunto,
1423 1736 1456 1762 ut
1468 1732 1521 1772 qui
1533 1733 1638 1772 legum

173 1785 416 1815 emendationem
431 1786 589 1825 abrogent.
612 1787 784 1825 Antequam
808 1796 878 1815 vero
895 1786 1003 1816 concio
1021 1785 1061 1815 sit
1076 1785 1193 1816 indicta
1211 1786 1383 1825 quicunque
1403 1784 1639 1816 Atheniensium

172 1835 273 1874 legem
290 1836 369 1866 serre
384 1836 526 1872 voluerit,
542 1841 611 1866 ante
627 1842 742 1866 statuas
759 1837 885 1866 heroum
902 1835 1034 1874 scriptas
1051 1846 1102 1865 eas
1117 1836 1215 1875 legeS,
1231 1846 1308 1875 quas
1318 1836 1389 1870 fert,
1405 1835 1588 1874 proponit03
1604 1841 1638 1866 ut

171 1895 231 1924 pro
259 1886 456 1916 multitudine
481 1887 711 1926 propositarum
738 1887 852 1925 legum,
878 1889 991 1915 statuat
1011 1884 1145 1924 populus
1165 1885 1205 1914 de
1228 1890 1365 1925 tempore
1385 1886 1637 1925 legumlatoribus

172 1937 383 1967 concedendo.

216 1988 251 2017 Is
265 1998 337 2017 vero
351 1987 404 2026 qui
420 1998 530 2018 novam
547 1988 646 2026 legem
658 1987 729 2023 fert,
747 1987 775 2016 in
792 1986 893 2016 album
908 1987 1033 2016 relatam
1049 1990 1203 2026 proponat
1215 1990 1283 2016 ante
1293 1990 1410 2016 statuas
1420 1986 1548 2017 heroum
1562 1998 1638 2026 quo-

174 2037 263 2074 tidie,
278 2038 376 2067 donec
391 2038 499 2068 concio
523 2038 685 2068 indicatur.
721 2037 903 2076 Deligantnr
918 2041 1020 2066 autem
1035 2047 1052 2066 e
1069 2037 1245 2077 municipiis
1267 2036 1389 2076 legibus
1406 2037 1641 2076 patrocinatori,

174 2099 243 2128 quae
266 2089 347 2128 apud
378 2089 595 2128 legumlatores
621 2089 816 2127 abrogantur,
841 2087 975 2127 quinque
1001 2087 1058 2118 viri
1082 2097 1122 2117 ex
1147 2088 1287 2118 omnibus
1309 2088 1563 2126 Atheniensibus,
1590 2100 1638 2119 X1.

175 2138 290 2169 mensis
301 2138 400 2170 Junii.

231 2232 270 2267 7.
301 2230 378 2267 Hae
406 2229 513 2280 leges
533 2242 666 2269 omnes
697 2230 816 2280 longo
840 2232 922 2278 jam
948 2236 1121 2282 tempore
1147 2237 1241 2268 sunt
1270 2237 1452 2282 receptae,
1472 2237 1512 2269 et
1538 2244 1641 2283 saepe

177 2291 238 2331 sui
258 2291 453 2342 specimen
473 2293 738 2342 praebuerunt,
759 2305 799 2330 se
819 2292 1006 2342 prodesse
1024 2292 1148 2338 vobis,
1174 2305 1303 2343 neque
1319 2292 1511 2331 hactenus
1536 2294 1642 2344 quis-

178 2366 296 2404 quam
311 2353 470 2399 exstitit,
493 2353 557 2404 qui
577 2353 697 2391 bonas
719 2366 783 2391 eas
804 2366 889 2391 esse
907 2361 1083 2404 negaret.
1115 2353 1274 2392 Merito.
1305 2353 1411 2391 Nihil
1433 2354 1535 2392 enim
1555 2367 1640 2392 cru-

179 2414 282 2460 dele,
301 2414 396 2452 nihil
423 2414 637 2453 violentum
666 2421 733 2453 aut
751 2415 918 2453 libertati
944 2415 1178 2453 contrarium
1197 2414 1402 2466 imperant,
1420 2416 1490 2453 sed
1505 2423 1643 2454 contra

178 2475 308 2527 potius
343 2474 560 2514 humaniter
579 2477 708 2515 omnia
737 2483 777 2514 et
794 2476 1032 2528 populariter
1050 2477 1131 2515 fieri
1158 2477 1314 2528 jubent.
1374 2478 1434 2515 Ac
1463 2478 1642 2528 primum,

176 2536 366 2587 judicium
381 2550 502 2586 penes
521 2551 590 2575 vos
610 2551 696 2576 esse
715 2538 935 2584 voluerunt,
956 2550 1049 2575 num
1065 2539 1241 2589 roganda
1261 2539 1308 2576 sit
1321 2539 1434 2577 etiam
1449 2553 1550 2577 nova
1564 2540 1642 2587 lex,

181 2611 231 2636 an
249 2597 342 2635 satis
363 2610 448 2635 esse
468 2605 615 2637 veteres
640 2599 689 2637 sit
707 2599 923 2649 putandum
940 2611 949 2636 z
980 2599 1136 2645 deinde,
1154 2600 1186 2637 si
1207 2600 1452 2638 decreveritis
1473 2613 1560 2637 esse
1583 2614 1644 2639 ro-

183 2659 366 2710 gandam,
384 2672 462 2696 non
483 2660 612 2697 statim
630 2673 714 2698 eam
738 2661 826 2698 ferri
839 2661 992 2712 jubent,
1011 2660 1081 2698 sed
1094 2661 1132 2698 in
1152 2662 1302 2699 tertiam
1323 2661 1548 2699 concionem
1565 2662 1643 2700 dis-

182 2721 381 2758 tulerunt:
411 2732 482 2757 nec
515 2719 553 2756 in
583 2733 630 2758 ea
654 2721 742 2759 ferri
767 2728 1056 2768 concesserunt,
1088 2723 1158 2760 sed
1192 2722 1424 2761 considerari
1443 2722 1645 2773 jusserunt

182 2782 322 2833 quibus
362 2781 650 2820 conditionibus
683 2782 958 2833 legumlatores
993 2784 1230 2822 constituere
1264 2782 1413 2821 velitis:
1442 2783 1644 2833 interjecto

185 2850 314 2882 autem
340 2850 528 2894 tempore,
548 2844 781 2882 mandarunt
799 2845 927 2896 legem
947 2859 1083 2896 rogare
1103 2845 1335 2890 volentibus,
1355 2850 1398 2880 ut
1425 2843 1534 2893 leges
1555 2857 1644 2894 pro-

184 2911 336 2956 ponant
353 2911 443 2944 ante
459 2911 609 2943 statuas
628 2904 804 2954 heroum,
824 2913 866 2944 ut
884 2906 1046 2957 quilibet
1063 2907 1108 2944 iis
1129 2904 1399 2951 consideratis,
1428 2904 1458 2944 si
1477 2904 1571 2956 quid
1587 2905 1647 2943 in—

595 2979 599 2981 ·
841 2968 865 3004 3
896 2980 926 3005 H
