1923 3149
563 185 635 222 DE
670 185 842 224 FALSO
873 186 1234 227 TESTIMONIO.
1540 191 1618 224 499

781 387 994 425 TESTES.

162 477 300 529 Neque
321 492 409 517 vero
434 492 522 517 cum
546 492 619 529 ego
652 479 733 517 liaec
764 487 942 530 prompte
971 478 1160 525 offerrem,
1189 486 1307 517 testes
1335 481 1443 518 aliter
1463 482 1616 519 animati

162 545 284 576 erant.
316 538 394 576 Sed
415 545 453 576 et
473 539 524 585 hi,
544 538 722 590 adductis
742 539 882 584 liberis,
902 539 1129 576 confirmare
1149 552 1236 589 quae
1257 540 1432 579 dixerant
1446 543 1617 589 jurando

162 599 200 636 in
220 599 371 637 illorum
392 599 519 650 capita
538 599 767 638 voluerunt:
806 607 845 637 at
865 600 935 637 iste
956 613 1026 638 nec
1047 600 1105 637 his
1127 614 1251 652 neque
1272 601 1346 639 illis
1374 615 1497 652 neque
1526 604 1617 640 mihi

161 660 310 698 deferre
322 661 591 712 jusjurandum
614 661 746 705 voluit,
783 660 849 698 sed
881 673 1033 699 summa
1064 675 1190 699 rerum
1216 662 1255 699 in
1280 662 1420 701 callide
1440 664 1617 702 confictis

160 722 285 760 verbis
305 730 343 760 et
362 722 524 760 testibus
542 737 619 761 non
635 735 725 760 vera
742 722 876 760 testari
897 723 1017 760 solitis
1038 723 1242 769 collocata,
1263 737 1369 775 spem
1384 725 1564 776 concepit
1578 739 1617 764 se

159 782 268 821 vobis
288 783 399 821 facile
422 783 603 822 daturum
623 797 708 822 esse
728 785 857 822 verba.
898 785 1007 835 Cape
1029 785 1144 836 igitur
1165 798 1211 823 ae
1231 785 1317 836 lege
1337 785 1392 823 eis
1418 785 1492 824 hoe
1522 799 1618 837 quo-

159 856 234 894 que
253 843 531 882 testimonium.

683 996 1088 1034 TESTIMONIUM.

219 1091 278 1128 17.
310 1091 397 1135 Qua
414 1091 560 1129 ratione
580 1092 786 1143 quisquam
821 1091 986 1142 apertius
1007 1091 1190 1129 ostendat
1205 1099 1244 1129 et
1264 1091 1373 1129 nobis
1401 1090 1480 1128 fieri
1513 1091 1619 1129 calu-

159 1151 316 1198 mniam,
332 1160 371 1191 et
385 1153 500 1191 istum
517 1160 598 1191 turn
619 1167 706 1192 vero
723 1151 941 1190 testimonio
953 1160 1033 1190 tum
1047 1153 1314 1204 justojudicio
1328 1152 1562 1199 convictum,
1581 1160 1620 1190 et

162 1213 398 1260 damnatum,
432 1229 547 1265 quarn
581 1215 611 1252 si
643 1215 718 1252 hoc
751 1214 867 1252 modo
888 1214 1088 1252 ostendat:
1119 1228 1205 1251 eum
1236 1215 1407 1252 noluisse
1439 1227 1615 1265 puerum,

159 1275 368 1312 testimonii
403 1276 642 1326 scriptorem,
664 1275 852 1326 subjicere
873 1275 1088 1326 quaestioni,
1109 1283 1152 1313 ut
1171 1282 1426 1325 cognosceret
1451 1275 1499 1313 de
1529 1275 1619 1325 ipsis

159 1335 514 1379 testificationibus;
565 1336 713 1373 AEsium
752 1337 908 1373 fratrem
940 1339 1022 1384 ejus
1055 1349 1101 1373 ea
1126 1337 1373 1374 testificatum
1405 1350 1504 1381 esse,
1534 1349 1621 1386 quae

160 1395 255 1434 dicit
280 1409 364 1434 esse
391 1397 511 1441 falsa;
542 1396 659 1435 istum
691 1397 818 1447 ipsum
848 1396 984 1434 eadem
1016 1397 1265 1434 testificatum
1293 1397 1385 1434 mihi
1411 1410 1496 1446 quae
1525 1397 1620 1434 alios

160 1463 280 1494 testes
299 1457 337 1494 in
356 1458 574 1495 Demonem
595 1470 708 1495 suum
739 1457 969 1495 avunculum
987 1464 1026 1495 et
1051 1464 1313 1500 contutorem;
1345 1457 1517 1495 noluisse
1533 1470 1620 1495 eum

162 1517 324 1556 ancillas
344 1519 393 1556 de
413 1531 474 1564 eo,
496 1531 544 1556 an
565 1519 680 1557 homo
700 1518 797 1556 liber
817 1524 931 1563 esset,
953 1524 1153 1568 torquere;
1183 1526 1342 1556 matrem
1362 1519 1476 1556 fidem
1496 1519 1553 1556 his
1573 1519 1622 1557 de

160 1579 275 1616 rebus
296 1586 428 1617 nostro
457 1579 629 1630 periculo
649 1578 799 1617 firmare
820 1579 1009 1624 voluisse3
1038 1579 1151 1617 istum
1172 1579 1399 1630 reliquorum
1423 1593 1621 1618 servorum

160 1639 310 1677 nullum
331 1640 532 1678 admittere
552 1640 718 1678 voluisse
740 1640 805 1689 qui
825 1640 955 1678 omnia
983 1640 1116 1677 melius
1143 1640 1298 1686 scirent,
1317 1653 1431 1690 quarn
1454 1641 1621 1692 Milyas;

160 1700 255 1738 nulli
274 1701 441 1748 testium,
462 1701 527 1752 qui
547 1715 633 1739 eum
655 1701 798 1739 habere
814 1701 1016 1752 pecuniam
1038 1709 1296 1745 asseruerant,
1309 1701 1396 1738 falsi
1415 1702 1621 1739 testimonii

160 1763 261 1801 diem
281 1763 446 1807 dixisse;
476 1776 551 1801 nec
572 1769 848 1801 testamentum
879 1762 1109 1808 reddidisse,
1138 1776 1210 1800 nec
1245 1762 1401 1799 domum
1432 1762 1621 1809 elocasse,

159 1839 249 1863 cum
268 1826 375 1876 leges
389 1826 578 1877 jubeant;
612 1838 699 1862 cum
721 1837 794 1874 ego
815 1830 855 1861 et
874 1831 992 1861 testes
1012 1825 1161 1861 firmare
1183 1824 1297 1861 fidem
1320 1823 1520 1868 vellemus,
1535 1824 1621 1874 jus-

153 1887 362 1937 jurandum
384 1893 472 1924 ante
489 1887 683 1932 daremus,
704 1898 750 1923 ea
769 1885 1005 1930 conditione,
1023 1892 1066 1922 ut
1084 1884 1247 1922 remissa
1267 1884 1302 1921 ei
1320 1891 1421 1922 esset
1441 1885 1620 1935 pecunia,

157 1955 315 1999 propter
332 1960 447 1997 quam
464 1947 627 1999 Milyam
642 1946 890 1997 postulasset,
906 1945 1031 1996 ipsum
1053 1944 1090 1981 id
1113 1944 1183 1981 sibi
1203 1955 1279 1981 non
1296 1957 1379 1981 esse
1400 1944 1620 1982 faciendum

158 2008 382 2047 censuisse?
413 2009 497 2058 Ego
517 2007 781 2045 mediusfidius
797 2007 871 2044 hoc
888 2005 1093 2044 ostendere
1113 2018 1190 2043 non
1212 2018 1372 2056 possum
1391 2006 1620 2053 accuratius,

159 2083 275 2121 quam
307 2069 356 2106 ad
388 2069 492 2106 hunc
522 2068 696 2106 modum.
762 2069 996 2117 Quanquam
1028 2073 1158 2104 autem
1188 2073 1228 2104 et
1261 2066 1315 2104 ita
1346 2066 1549 2104 manifeste
1581 2068 1618 2104 in

157 2138 275 2169 testes
294 2130 489 2176 mentitur,
509 2136 548 2167 et
566 2143 587 2167 e
608 2130 722 2166 rebus
739 2128 830 2179 ipsis
852 2128 944 2165 nihil
966 2128 1098 2165 damni
1119 2127 1227 2173 sacit,
1247 2134 1286 2165 et
1300 2127 1410 2178 justo
1431 2135 1493 2165 est
1513 2127 1619 2179 judi-

158 2193 217 2230 cio
236 2192 455 2237 damnatus,
476 2198 608 2228 tamen
624 2189 871 2240 impudenter
890 2190 1175 2240 tergiversatur.

215 2255 278 2291 18.
309 2252 424 2295 Quod
444 2252 527 2297 nisi,
547 2251 652 2302 prius
674 2258 712 2289 et
738 2252 786 2289 ab
807 2250 938 2288 amicis
959 2257 998 2288 et
1017 2252 1064 2288 ab
1094 2248 1244 2287 arbitris
1272 2249 1498 2299 injuriarum
1524 2264 1618 2289 con-

158 2314 378 2359 demnatus,
399 2313 459 2350 his
478 2313 602 2351 verbis
623 2319 809 2358 uteretur,
829 2312 954 2349 minus
975 2319 1079 2349 esset
1099 2312 1342 2349 mirandum:
1373 2325 1489 2359 nunc,
1511 2321 1618 2364 post-

157 2390 272 2428 quam
292 2374 382 2412 mihi
412 2374 604 2425 persuasit
630 2380 673 2411 ut
695 2374 899 2412 Archeneo
920 2380 957 2411 et
988 2373 1243 2411 Dracontidae
1265 2380 1302 2411 et
1330 2373 1468 2412 Phano
1500 2388 1616 2425 quem

160 2449 263 2475 nunc
291 2435 379 2473 falsi
413 2433 621 2473 testimonii
668 2447 774 2472 reum
807 2434 899 2472 fecit
931 2447 1011 2472 rem
1052 2434 1328 2485 permitterem,
1366 2447 1431 2472 eos
1463 2435 1618 2485 quidem

157 2498 294 2535 missos
314 2495 418 2541 fecit,
436 2496 501 2534 ubi
520 2509 568 2534 ex
587 2497 640 2534 eis
660 2496 853 2541 audierat,
876 2495 907 2533 si
926 2508 1012 2533 cum
1028 2495 1283 2547 jurejurando
1313 2495 1555 2540 arbitrentur,
1577 2509 1617 2533 se

157 2571 245 2595 eum
264 2556 396 2594 tutelae
417 2555 681 2602 damnaturos,
704 2563 743 2593 et
755 2555 805 2593 ad
821 2556 956 2593 sortito
978 2555 1111 2592 datum
1128 2555 1311 2593 arbitrum
1330 2555 1435 2601 abiit,
1450 2568 1616 2605 cumque

156 2619 307 2657 nullum
339 2617 483 2655 crimen
504 2616 649 2655 diluere
670 2624 819 2668 posset,
842 2616 956 2654 etiam
982 2616 1082 2653 illius
1103 2622 1161 2653 est
1189 2616 1380 2654 sententia
1399 2615 1617 2653 damnatus.

155 2681 317 2720 Judices
342 2687 485 2724 autem,
507 2691 604 2729 quos
625 2680 850 2730 appellaret,
872 2691 992 2716 causa
1012 2677 1180 2728 cognita,
1199 2691 1276 2714 non
1307 2677 1415 2713 aliter
1442 2689 1557 2726 quam
1579 2686 1617 2714 et

156 2743 238 2794 ejus
259 2741 372 2780 amici
391 2749 431 2778 et
450 2739 591 2778 arbiter
611 2747 840 2785 statuerunt,
859 2746 897 2778 et
916 2740 1097 2777 mulctam
1120 2740 1254 2777 decem
1275 2738 1429 2776 talentis
1448 2739 1616 2776 aestima-

156 2809 258 2842 runt.
317 2802 409 2840 Non
439 2800 657 2839 mehercule
687 2802 792 2852 quod
818 2801 980 2839 liberum
1012 2814 1099 2838 esse
1132 2800 1294 2851 Milyam
1327 2799 1615 2837 dixisset—hoc

159 2864 258 2903 enim
289 2863 382 2903 nihil
417 2863 466 2901 ad
495 2876 654 2902 causam
675 2862 926 2910 attinebat—,
948 2863 1017 2901 sed
1047 2862 1152 2913 quod
1172 2875 1211 2899 re
1242 2861 1460 2911 quindecim
1490 2861 1610 2899 talen·
