1923 3149
287 104 337 140 80
646 101 855 141 ORATIO
885 101 961 141 DE
994 102 1374 142 CHERSONESO.

282 204 343 242 Ita
361 205 416 250 fit,
432 209 475 242 ut
492 215 559 242 vos
574 203 692 243 otium
713 204 990 255 adipiscamini,
1011 213 1126 256 atque
1141 206 1177 243 in
1199 219 1367 256 praesens
1384 206 1477 245 nihil
1493 207 1631 259 agatis,
1648 220 1736 258 quae

282 277 416 302 vereor
431 278 477 302 ne
496 265 604 303 vobis
625 266 832 316 aliquando
854 279 995 316 magno
1011 267 1230 304 constitisse
1251 267 1430 305 credituri
1450 268 1544 315 sitis,
1562 269 1625 306 isti
1645 280 1735 306 vero

283 325 443 375 gratiam
465 335 750 376 consequantur
769 333 808 363 ct
828 340 915 377 quae
941 340 987 364 ex
1004 327 1063 365 his
1084 329 1188 364 rebus
1211 329 1331 364 oritur
1356 329 1586 366 mercedem.
1647 329 1733 380 Ego

280 399 370 424 vero
391 400 718 438 supervacaneum
745 401 826 425 esse
849 396 940 438 puto
960 390 1068 426 vobis
1096 389 1258 426 suadere
1279 402 1429 440 pacem,
1451 390 1529 440 qui,
1550 403 1636 428 cum
1651 392 1734 442 jam

280 461 508 498 persuasum
530 449 568 486 id
589 457 661 494 est,
682 449 878 495 desidetis,
900 450 968 487 sed
988 450 1040 487 illi
1058 452 1275 488 suadendum
1295 457 1361 496 est,
1383 452 1447 502 qui
1468 451 1576 490 bellis
1595 464 1734 503 geren-

278 509 336 546 dis
357 517 590 560 occupatur;
618 511 679 548 cui
706 510 736 547 si
770 523 995 560 persuasum
1024 511 1151 557 fuerit,
1180 513 1218 549 in
1243 513 1351 550 vobis
1377 513 1482 550 nulla
1513 526 1621 551 mora
1654 521 1733 552 est:

279 570 443 608 molesta
462 585 564 616 vero,
586 585 721 608 necesse
737 577 825 619 puto
844 573 941 609 vobis
955 574 1117 618 suadere,
1141 574 1281 611 ducere
1302 588 1398 619 esse,
1421 587 1498 612 non
1514 588 1601 625 quae
1621 583 1731 613 tuen-

278 631 339 669 dae
359 632 494 669 salutis
511 633 634 682 gratia
653 633 982 683 insumpserimus,
999 634 1067 672 sed
1082 648 1127 671 ea
1146 648 1233 684 quae
1248 635 1427 677 feremus,
1450 637 1481 673 si
1501 636 1584 674 haec
1603 637 1732 674 facere

276 693 510 731 noluerimus
527 706 536 730 ι
553 700 593 731 et
615 698 637 716 “
658 706 749 744 opes
778 701 921 732 nostrae
942 694 1168 733 differentur
1181 695 1201 709 '’
1221 697 1376 745 quemvis
1402 698 1658 746 obstrepentem
1680 698 1730 735 si-

275 761 389 799 stere,
404 754 617 792 custodiam
634 768 709 805 qua
725 762 1046 793 conservarentur
1063 756 1312 807 assignando,
1329 770 1407 795 non
1427 759 1590 808 neglectu
1610 764 1645 795 et
1663 760 1730 797 ab·

268 815 441 866 jectione
463 816 649 854 utilitatis.
707 817 792 867 Ego
823 830 931 863 ver0,
959 818 1231 863 Athenienses,
1258 818 1331 856 hoe
1358 819 1484 869 ipsum
1505 833 1607 870 aegre
1633 821 1730 867 fero,

274 877 306 915 si
324 877 498 928 pecuniae
527 877 702 928 direptio,
733 892 846 929 quam
877 885 920 916 ut
947 879 1058 924 tueri,
1087 879 1141 916 sie
1170 879 1411 929 peculatores
1437 881 1585 930 punire,
1611 894 1730 931 penes

270 951 338 976 vos
372 945 445 983 est,
478 939 707 989 quibusdam
728 949 897 977 vestrum
929 947 987 977 est
1019 940 1193 977 molesta.
1250 940 1453 991 Philippus
1487 949 1630 986 autem,
1663 942 1731 992 qui

274 1006 394 1037 totam
427 1000 607 1051 deinceps
636 1000 828 1038 Graeeiam
854 1000 995 1052 diripit,
1022 1007 1062 1038 et
1080 1008 1206 1039 vestro
1238 1000 1340 1038 malo
1377 1001 1517 1052 diripit,
1551 1015 1630 1040 non
1668 1009 1731 1041 est

274 1062 472 1100 molestus.

330 1125 390 1162 14.
422 1126 519 1167 Quae
545 1124 661 1175 igitur
685 1137 804 1163 causa
831 1125 987 1164 tandem
1013 1132 1085 1173 est,
1109 1125 1382 1171 Athenienses,
1413 1139 1500 1164 cum
1525 1125 1725 1178 Philippus

271 1185 326 1222 ita
345 1185 544 1223 manifeste
560 1186 663 1224 bella
682 1192 801 1237 gerat,
820 1200 890 1238 per
907 1187 1085 1238 injuriam
1106 1194 1314 1237 grassetur,
1336 1189 1449 1225 urbes
1477 1197 1655 1238 occupet,
1683 1194 1728 1225 ut

267 1247 428 1284 istorum
444 1260 557 1285 nemo
577 1261 745 1299 unquam
766 1248 913 1294 dixerit,
934 1262 1022 1286 eum
1049 1249 1190 1300 injuste
1210 1262 1324 1300 agere
1346 1249 1569 1299 bellumque
1585 1249 1727 1300 facere,

271 1308 342 1345 sed
363 1314 402 1345 ut
421 1309 604 1347 concitati
623 1310 715 1348 belli
736 1309 877 1348 crimen
902 1310 978 1348 illis
1001 1311 1226 1361 impingant,
1247 1310 1312 1361 qui
1339 1311 1523 1347 conatibus
1543 1310 1639 1347 illius
1657 1310 1727 1347 ob-

269 1369 484 1408 sistendum
507 1379 546 1408 et
564 1371 648 1409 haee
676 1380 808 1410 nostra
826 1371 1060 1409 vindicanda
1086 1371 1274 1409 suadent?
1305 1371 1389 1422 Ego
1417 1371 1587 1409 docebo:
1618 1370 1725 1421 quod

267 1430 506 1468 iracundiam
533 1446 630 1479 eam,
651 1445 766 1482 quam
792 1447 860 1484 par
886 1439 946 1471 est
971 1439 1015 1470 ut
1041 1445 1109 1469 vos
1135 1431 1370 1482 concipiatis,
1391 1433 1422 1470 si
1452 1445 1549 1483 quas
1578 1445 1599 1470 e
1618 1432 1722 1470 bello

267 1492 462 1530 molestias
483 1494 672 1544 ceperitis,
692 1494 731 1530 in
751 1508 830 1540 eos,
851 1495 915 1544 qui
934 1493 1042 1532 vobis
1071 1493 1275 1531 utilissima
1300 1494 1446 1539 dicunt,
1469 1493 1640 1531 converti
1657 1506 1724 1531 vo-

266 1553 369 1597 lunt;
400 1561 443 1591 ut
461 1554 532 1592 hos
549 1568 706 1592 eausam
722 1555 850 1593 dicere
870 1556 1033 1605 cogatis,
1050 1568 1128 1592 non
1150 1554 1370 1605 Philippum
1390 1554 1643 1599 ulciscamini,
1664 1562 1723 1593 at-

267 1628 344 1666 que
365 1622 611 1654 accusatores
632 1630 720 1654 cum
742 1616 829 1663 sint,
849 1616 920 1667 ipsi
940 1623 1070 1653 tamen
1091 1629 1114 1652 a
1138 1627 1178 1652 se
1196 1629 1298 1653 nunc
1319 1615 1570 1653 admissorum
1590 1629 1725 1666 poenas

267 1676 394 1714 nullas
415 1677 519 1715 dent.
577 1677 662 1716 Hoc
686 1678 781 1715 illud
807 1684 867 1715 est
892 1677 996 1728 quod
1024 1677 1170 1721 dieunt,
1191 1676 1289 1714 velle
1315 1676 1503 1726 quosdam
1530 1677 1634 1727 apud
1653 1691 1722 1716 vos

267 1739 434 1776 excitare
453 1739 610 1784 bellum,
631 1739 721 1777 hinc
739 1739 805 1776 illa
832 1745 925 1776 nata
950 1745 1010 1775 est
1037 1737 1246 1775 altercatio.
1305 1737 1388 1787 Ego
1403 1750 1491 1774 vero
1513 1744 1620 1774 certo
1640 1737 1721 1776 scio

267 1799 502 1850 Philippum,
524 1813 612 1838 cum
639 1813 753 1838 nemo
781 1799 1074 1837 Atheniensium
1099 1799 1244 1836 bellum
1269 1798 1518 1844 decrevisset,
1539 1805 1621 1835 tum
1642 1799 1718 1837 alia

266 1861 402 1906 multa,
433 1875 520 1912 quae
548 1868 680 1899 nostra
707 1862 873 1907 fuerunt,
901 1874 1127 1912 occupasse,
1156 1868 1238 1898 tum
1265 1874 1368 1898 nunc
1397 1860 1544 1898 auxilia
1570 1860 1721 1899 misisse

268 1922 485 1960 Cardianis.
527 1923 568 1960 Si
587 1936 658 1960 nos
679 1923 793 1973 igitur
812 1923 1054 1960 dissimulare
1071 1922 1258 1968 volemus,
1280 1922 1327 1959 ab
1349 1934 1394 1959 eo
1414 1934 1484 1959 nos
1504 1921 1606 1959 bello
1626 1921 1720 1972 peti,

266 1984 436 2021 omnium
456 1984 726 2022 stolidissimus
753 1992 868 2031 esset,
893 1985 923 2021 si
944 1984 1024 2034 ipse
1048 1984 1087 2021 id
1118 1996 1328 2034 coarguere
1346 1983 1474 2020 vellet.
1532 1983 1610 2020 Sed
1631 1996 1720 2021 cum

265 2059 338 2084 nos
367 2047 472 2097 ipsos
500 2047 692 2091 invaserit,
724 2047 817 2097 quid
846 2046 960 2097 [tum]
988 2045 1183 2084 dicemus?
1212 2047 1295 2096 ipse
1328 2045 1430 2083 enim
1450 2058 1491 2083 se
1518 2045 1721 2084 nobiscum

264 2108 408 2146 bellum
428 2121 559 2160 gerere
578 2109 734 2159 negabit,
753 2107 1079 2158 quemadmodum
1100 2114 1139 2144 et
1157 2106 1275 2144 Oritis
1295 2106 1400 2152 fecit,
1415 2119 1503 2144 cum
1523 2106 1661 2144 milites
1681 2106 1719 2143 in

265 2181 398 2206 eorum
417 2183 510 2220 agro
536 2176 678 2215 essent,
705 2177 744 2207 et
768 2169 951 2215 Pheraeis,
971 2168 1195 2219 priusquam
1215 2167 1358 2204 moenia
1376 2173 1630 2217 oppugnaret,
1649 2178 1718 2203 ne-

260 2243 335 2280 que
354 2244 442 2267 cum
463 2230 657 2282 Olynthiis
679 2231 806 2269 statim
827 2231 865 2268 in
885 2230 1069 2281 principio
1096 2243 1131 2266 se
1156 2229 1281 2265 bellum
1297 2241 1426 2278 gerere
1448 2227 1633 2278 professus
1646 2233 1714 2274 est,

261 2292 389 2329 donec
411 2292 448 2328 in
469 2293 635 2342 ipsorum
656 2304 789 2342 agrum
809 2291 982 2329 duxisset
1002 2290 1224 2328 exercitum.
1281 2288 1341 2325 An
1362 2294 1442 2325 tum
1462 2300 1615 2338 quoque
1633 2287 1716 2326 bel-

260 2353 339 2390 lum
356 2352 441 2390 illos
463 2354 655 2390 concitare
670 2353 854 2398 dicemus,
875 2353 939 2402 qui
960 2351 1185 2402 propulsare
1204 2350 1279 2387 vim
1295 2348 1512 2400 jubebunt?
1543 2348 1630 2386 Hoc
1644 2348 1717 2399 igi-

259 2421 321 2451 tur
340 2420 528 2465 superest,
550 2421 592 2451 ut
611 2414 844 2451 serviamus:
874 2427 945 2451 nec
966 2413 1066 2451 enim
1082 2411 1250 2449 medium
1270 2410 1478 2461 quiequam
1499 2416 1570 2454 est,
1590 2410 1623 2447 si
1641 2423 1715 2449 nec

257 2475 314 2512 vis
333 2475 579 2526 propulsetur
597 2489 669 2513 nec
689 2477 736 2513 ab
765 2475 938 2513 hostibus
966 2475 1084 2512 otium
1109 2472 1355 2511 concedatur.
1413 2470 1490 2509 Sed
1511 2485 1637 2522 neque
1664 2472 1714 2510 de

256 2537 393 2575 iisdem
408 2539 511 2574 rebus
530 2538 636 2575 vobis
658 2544 717 2575 est
735 2537 1029 2588 periclitandum
1049 2548 1092 2573 ac
1113 2534 1283 2573 caeteris:
1314 2547 1438 2584 neque
1457 2533 1559 2571 enim
1580 2535 1712 2572 urbem

257 2599 434 2649 subigere
452 2598 534 2635 vult
550 2598 769 2648 Philippus,
788 2598 855 2635 sed
876 2597 1028 2648 penitus
1049 2596 1287 2634 exscindere.
1346 2595 1449 2637 Quia
1463 2595 1556 2633 satis
1575 2594 1711 2632 intelli-

257 2660 326 2710 git,
342 2674 409 2697 vos
431 2659 568 2698 servire
596 2672 721 2709 neque
742 2659 850 2703 velle,
872 2671 997 2708 neque
1022 2658 1052 2695 si
1069 2656 1231 2702 velletis,
1250 2669 1386 2707 posse;
1417 2668 1505 2694 eum
1524 2655 1711 2706 imperare

255 2720 550 2759 consueveritis:
581 2721 685 2770 atqui
706 2720 906 2757 occasione
926 2719 1069 2763 oblata,
1091 2717 1161 2755 sibi
1179 2717 1265 2768 plus
1286 2717 1428 2768 negotii
1450 2728 1566 2768 posse
1588 2716 1709 2754 faces-

259 2794 354 2826 sere,
373 2795 489 2832 quam
509 2781 678 2832 reliquos
697 2781 872 2820 homines
889 2780 1099 2817 universos.

315 2844 374 2880 15.
404 2843 571 2882 Proinde
590 2842 700 2893 quasi
720 2843 768 2882 de
788 2854 937 2880 summa
956 2855 1080 2880 rerum
1101 2841 1374 2889 decertaretur,
1395 2840 1448 2879 ita
1466 2851 1532 2878 vos
1554 2845 1705 2890 oportet
