1923 3149
479 160 550 199 DE
581 163 728 199 MALE
758 163 931 199 GESTA
963 162 1292 201 LEGATIONE.
1530 163 1605 199 237

155 265 310 309 adsunt,
332 264 423 314 quid
447 264 555 301 tum?
585 265 638 302 sic
660 264 764 301 enim
794 264 968 300 tractasti
997 278 1078 309 eOS,
1110 278 1176 313 pro
1205 271 1274 301 tua
1302 264 1457 314 quidem
1487 270 1609 315 parte,

154 333 197 364 ut
210 340 281 364 nec
297 326 427 363 amicis
444 324 633 376 opitulari,
654 336 725 362 nec
746 324 918 361 inimicos
938 323 1073 360 ulcisci
1089 324 1250 373 possint.

205 388 271 425 29.
301 388 390 425 Jam
406 400 475 437 pra
492 393 546 424 ter
566 385 735 423 dedecus
752 392 790 422 et
803 383 1065 435 ignominiam,
1080 397 1167 434 quae
1180 384 1217 420 in
1230 383 1324 421 actis
1337 385 1477 431 insunt,
1492 385 1607 423 etiam

151 461 292 498 magna
313 461 358 485 ex
379 448 436 485 his
467 454 550 485 orta
577 460 658 484 esse
686 445 906 497 reipublicae
927 445 1107 495 pericula,
1135 445 1287 482 ostendi
1328 445 1438 483 facile
1464 453 1606 496 potest.

153 509 249 552 Quis
270 509 370 547 enim
391 517 560 547 vestrum
586 509 749 558 ignorat,
775 505 964 544 Phocensi
984 505 1102 552 bello,
1129 505 1220 542 dum
1243 505 1463 543 Phocenses
1491 507 1607 558 Pylas

151 578 342 615 tenerent,
367 584 437 608 nec
459 583 482 608 a
506 570 699 608 Thebanis
728 568 932 620 quicquam
951 567 1058 605 vobis
1093 567 1212 605 fuisse
1241 567 1503 613 metuendum,
1535 581 1608 606 nec

150 633 212 670 vel
240 633 275 669 in
304 632 629 682 Peloponnesum,
654 630 715 667 vel
742 630 779 666 in
809 629 1012 675 Euboeam,
1043 628 1104 666 vel
1132 628 1169 666 in
1204 629 1370 666 Atticam
1404 634 1607 666 venturum

151 693 271 731 fuisse
292 693 523 742 Philippum,
546 698 613 729 aut
632 690 862 729 Thebanos?
913 690 1012 727 Eam
1040 691 1158 740 igitur
1186 690 1444 735 securitatem,
1464 702 1551 739 quae
1573 696 1611 727 et

153 767 176 792 a
200 754 288 792 loco
321 760 361 791 et
381 753 494 791 rebus
528 753 620 804 ipsis
640 752 858 803 reipublicae
890 753 1135 802 suppetebat,
1164 753 1323 789 istorum
1345 750 1544 788 fraudibus
1572 757 1611 787 ct

151 814 364 852 mendaciis
391 815 654 860 circumventi,
675 826 742 851 vos
764 813 971 856 amisistis;
1004 819 1118 863 atque
1138 813 1265 858 armis,
1286 818 1325 850 et
1346 812 1449 850 bello
1469 824 1606 862 perpe-

150 882 230 921 tuo,
246 881 286 914 et
305 876 455 926 magnis
476 876 634 913 urbibus
656 875 846 913 sociorum
865 874 1078 921 hominum,
1100 883 1138 913 et
1158 874 1287 926 amplo
1308 887 1401 924 agro
1421 874 1607 911 munitam

150 937 256 988 passi
276 937 366 975 estis
381 938 512 975 everti.
548 937 682 987 Itaque
698 937 842 974 frustra
861 937 987 987 priora
1007 936 1148 974 auxilia
1174 937 1212 973 in
1233 936 1348 987 Pylas
1368 936 1486 973 missa
1503 942 1606 981 sunt,

151 1011 237 1048 quae
259 999 422 1049 amplius
449 998 626 1036 ducentis
646 999 803 1036 talentis
829 998 936 1036 vobis
956 999 1225 1044 constiterunt,
1248 998 1279 1035 si
1300 997 1413 1035 etiam
1438 997 1607 1048 privatos

151 1073 296 1105 eorum,
335 1060 400 1111 qui
429 1060 663 1111 expeditioni
703 1061 969 1105 interfuerunt,
1009 1066 1185 1111 sumptus
1223 1059 1456 1111 supputetis:
1486 1059 1608 1096 inanis

151 1122 265 1159 etiam
287 1134 374 1171 spes
391 1128 463 1167 est,
485 1134 601 1172 quam
614 1122 662 1159 de
684 1121 917 1159 ulciscendis
937 1122 1129 1159 Thebanis
1145 1121 1421 1172 conceperatis.
1480 1118 1484 1123 ”

205 1184 269 1220 30.
304 1182 420 1225 Quod
440 1189 568 1219 autem
585 1182 768 1229 omnium,
789 1196 877 1220 curn
891 1183 1012 1221 multa
1031 1189 1070 1220 et
1082 1184 1222 1221 acerba
1242 1196 1288 1220 ea
1307 1183 1396 1229 sint,
1416 1182 1455 1219 in
1469 1182 1608 1232 quibus

148 1243 221 1281 iste
236 1243 416 1294 Philippo
436 1243 619 1288 inserviit,
636 1250 674 1281 et
692 1245 728 1281 in
751 1245 1027 1294 rempublicam
1043 1251 1080 1282 et
1098 1245 1137 1282 in
1151 1258 1220 1282 vos
1242 1257 1388 1290 omnes,
1408 1251 1607 1282 contume-

149 1304 379 1343 liosissmum
391 1311 462 1350 est,
472 1304 511 1341 id
525 1318 571 1344 ex
585 1317 645 1343 me
659 1305 800 1343 audite.
819 1306 918 1344 Cum
931 1306 1131 1357 Philippus
1148 1308 1194 1345 ab
1209 1307 1316 1344 initio
1330 1306 1608 1352 constituisset,

150 1365 278 1404 omnia
292 1379 381 1416 quae
408 1366 630 1404 decreverat
647 1374 831 1417 praestare
860 1367 1072 1413 Thebanis,
1101 1368 1172 1406 iste
1193 1366 1382 1406 contrario
1409 1368 1606 1414 nunciato,

149 1433 355 1478 vestraque
385 1429 624 1465 aversatione
657 1428 865 1474 declarata,
892 1436 930 1465 et
958 1429 1066 1466 vobis
1094 1429 1314 1467 inimicitias
1336 1429 1608 1467 Thebanorum

151 1489 271 1535 auxit,
285 1495 323 1526 et
342 1489 504 1539 gratiam
523 1489 718 1539 Philippo.
749 1490 846 1531 Quis
867 1489 983 1540 igitur
1005 1490 1224 1528 mortalium
1244 1489 1471 1528 insolentius
1493 1503 1607 1541 agere

150 1550 347 1587 vobiscum
373 1550 594 1601 potuisset?
626 1551 733 1601 Cape
760 1551 956 1589 decretum
983 1551 1195 1602 Diophanti
1224 1559 1263 1589 et
1289 1552 1553 1597 Callisthenis,
1570 1557 1609 1589 et

151 1611 282 1657 recita,
304 1617 346 1648 ut
366 1612 508 1658 sciatis,
529 1624 615 1648 cum
638 1612 764 1649 officio
791 1612 1058 1662 fungeremini,
1088 1613 1391 1663 supplicationes
1418 1613 1607 1659 decretas,

152 1678 191 1708 et
210 1672 496 1710 laudationibus
517 1671 675 1710 affectos
704 1686 789 1710 esse
809 1686 892 1719 vos,
921 1680 960 1710 et
979 1686 1001 1710 a
1022 1673 1170 1711 civibus
1191 1675 1336 1720 vestris,
1357 1680 1394 1711 et
1423 1674 1470 1710 ab
1499 1672 1606 1710 aliis:

149 1738 353 1783 postquam
382 1740 509 1771 autem
529 1734 590 1771 isti
610 1747 676 1771 vos
698 1735 933 1784 deceperint,
952 1748 1019 1772 vos
1049 1735 1190 1772 liberos
1216 1742 1255 1773 et
1273 1748 1410 1772 uxores
1435 1747 1485 1771 ex
1506 1734 1608 1784 agris

150 1792 189 1829 in
209 1793 341 1831 urbem
361 1793 618 1840 transtulisse,
634 1802 803 1832 etsacra
824 1795 1014 1840 Herculis,
1030 1809 1118 1833 cum
1130 1810 1204 1847 pax
1221 1804 1334 1842 esset,
1350 1796 1451 1833 intra
1464 1795 1608 1833 moenia

148 1853 327 1892 facienda
347 1854 587 1892 decrevisse.
619 1855 665 1892 Id
683 1856 787 1905 quod
808 1857 935 1900 miror,
957 1858 987 1893 si
1014 1871 1115 1901 eum,
1137 1872 1204 1907 per
1223 1872 1337 1908 quem
1366 1858 1461 1896 deos
1483 1859 1606 1909 patrio

151 1915 223 1953 ritu
243 1917 366 1954 colere
382 1929 459 1954 non
479 1915 598 1962 licuit,
620 1916 772 1966 impune
790 1915 1000 1954 dimittetis.
1041 1917 1179 1956 Recita
1198 1920 1408 1956 decretum.

711 2070 1035 2109 DECRETUM.

155 2165 251 2202 Haec
271 2164 387 2215 igitur
412 2165 502 2202 olim
522 2177 542 2201 e
563 2164 750 2214 dignitate
782 2178 907 2202 rerum
937 2173 1135 2216 gestarum
1160 2166 1401 2207 decrevistis.
1447 2171 1532 2221 Age
1565 2180 1603 2210 et

151 2226 271 2264 recita
289 2233 327 2263 et
346 2239 391 2264 ea
410 2239 497 2276 quae
517 2232 742 2276 sequuntur.

714 2371 1041 2412 DECRETUM.

153 2464 254 2502 Haec
296 2470 377 2502 tum
402 2478 470 2503 vos
500 2464 739 2511 decrevistis,
770 2466 819 2502 ab
858 2466 941 2503 istis
981 2466 1149 2517 impulsi,
1186 2480 1274 2505 curn
1314 2482 1360 2507 ea
1403 2483 1471 2521 spe
1499 2473 1605 2512 initio

152 2539 276 2576 neque
294 2538 429 2577 pacem
454 2526 651 2572 fecissetis,
673 2539 798 2576 neque
819 2527 1044 2564 societatem
1064 2528 1245 2576 inissetis,
1266 2543 1394 2581 neque
1413 2542 1502 2582 post
1520 2547 1606 2572 cum

152 2586 311 2625 adducti
332 2587 438 2632 estis,
458 2592 501 2623 ut
520 2594 691 2637 posteros
711 2587 827 2625 etiam
853 2588 993 2639 scripto
1021 2590 1398 2640 complecteremini:
1427 2595 1496 2631 sed
1521 2602 1604 2632 tan-

149 2661 264 2699 quam
290 2647 477 2685 mirabilia
500 2649 631 2686 nescio
660 2662 746 2699 quae
765 2656 922 2700 propter
937 2650 1030 2688 istos
1050 2651 1152 2689 bona
1171 2654 1396 2703 percepturi.
1442 2655 1604 2697 Quoties

150 2715 279 2747 autem
298 2708 413 2746 etiam
440 2715 541 2758 post,
562 2709 762 2747 audientes
790 2709 955 2761 Philippi
981 2713 1190 2750 exercitum
1216 2713 1265 2750 ad
1294 2713 1519 2752 Porthmum
1540 2725 1606 2755 aut

150 2769 201 2808 ad
217 2770 381 2820 Megara
392 2781 489 2814 esse,
506 2770 724 2808 tumultuati
745 2771 842 2817 sitis,
859 2772 964 2810 scitis
985 2785 1129 2811 omnes.
1183 2774 1272 2812 Non
1292 2774 1408 2824 igitur
1427 2776 1500 2814 hoc
1518 2790 1604 2828 spe-

150 2831 336 2869 ctandum
355 2836 425 2875 est,
446 2836 513 2867 aut
531 2831 777 2879 cessandum,
804 2833 951 2871 etiamsi
972 2835 1142 2872 nondum
1158 2835 1327 2873 Atticam
1347 2836 1504 2884 invadit,
1534 2839 1605 2877 sed

150 2892 247 2932 illud
260 2891 480 2936 videndum,
502 2904 550 2929 an
569 2904 638 2943 per
655 2891 750 2931 istos
765 2900 938 2946 potestas
960 2896 999 2934 id
1017 2896 1185 2934 faciendi
1205 2896 1297 2935 data
1318 2897 1351 2935 ei
1371 2897 1433 2946 sit,
1453 2900 1606 2950 quando
