1923 3149
529 179 751 217 CONTRA
780 177 1226 216 ARISTOCRATEM.
1519 175 1593 212 397

144 281 314 332 prandis,
334 281 427 320 nihil
446 295 576 321 eorum
597 282 760 333 denique
779 294 858 319 non
882 280 1039 324 faceret,
1058 292 1145 328 quae
1163 278 1281 316 homo
1300 277 1414 315 nullis
1433 274 1597 326 legibus,

147 343 262 380 nullis
289 343 401 381 ullius
427 343 648 394 reipublicae
678 342 852 380 honestis
890 340 1074 378 institutis
1107 346 1147 376 et
1175 339 1375 389 disciplina
1398 339 1599 382 educatus,

144 404 397 455 principatum
414 412 562 450 nactus,
577 404 776 454 designare
790 409 905 454 queat
920 415 930 445 ;
962 401 1164 451 Lampsaci
1176 400 1329 437 tandem
1351 399 1428 436 duo
1441 398 1596 448 quidam

144 463 316 502 homines
333 464 723 503 exstiterunt—alteri
740 464 1008 512 Thersagoras
1033 473 1171 498 nomen
1193 461 1280 507 fuit,
1306 459 1518 496 Execestus
1542 459 1597 496 al—

145 525 349 576 teri—qui,
362 526 464 564 idem
481 526 584 575 quod
602 524 748 563 laudati
767 524 822 561 illi
838 523 955 561 vestri
970 521 1220 573 tyrannicidae
1233 527 1460 565 statuentes,
1478 519 1598 557 Phili-

145 599 252 623 scum
271 587 518 625 occiderunt:
547 585 650 624 haud
671 585 822 636 injuria,
845 583 949 634 quod
968 582 1100 633 patriae
1119 582 1330 620 libertatem
1351 580 1599 618 asserendam

145 660 232 685 esse
253 648 528 686 existimarent.
561 647 674 691 Quod
694 646 724 684 si
743 646 829 696 quis
845 645 1003 682 Philisci
1023 644 1235 688 studiosus,
1254 650 1336 680 tum
1357 655 1442 679 cum
1465 641 1597 678 Perin-

144 708 234 746 thiis
254 709 436 746 militibus
456 708 648 759 stipendia
668 707 843 751 solveret,
868 714 987 744 totam
1010 706 1307 756 Hellespontum
1332 708 1494 749 teneret,
1516 715 1597 739 om-

145 769 248 806 nium
268 769 474 819 praesidum
497 775 600 806 esset
619 768 890 817 amplissimus,
915 768 1145 818 scripsisset,
1173 764 1495 817 quemadmodum
1526 763 1597 801 iste

144 842 262 873 nunc,
292 829 323 867 si
343 829 428 880 quis
458 829 645 867 occiderit
666 828 890 873 Philiscum,
915 828 1053 866 abduci
1073 840 1160 864 eum
1186 840 1207 864 e
1233 826 1378 863 ditione
1407 825 1600 862 sociorum

145 889 284 928 liceat:
316 904 385 941 per
404 891 498 928 deos
519 890 766 935 immortales,
786 890 914 927 videte
934 889 971 925 in
992 896 1176 939 quantam
1196 887 1442 938 ignominiam
1468 887 1601 923 civita-

145 957 222 989 tem
237 952 478 1002 conjecisset.
509 952 681 989 Profecti
699 952 799 989 euim
820 950 1148 1000 Thersagoras‘et
1177 949 1394 987 Execestus
1414 948 1601 993 Lesbum,

147 1012 222 1050 illic
242 1013 478 1051 habitarunt.
509 1014 623 1057 Quod
650 1014 682 1051 si
704 1013 789 1064 quis
809 1027 830 1051 e
853 1012 1010 1050 Philisci
1030 1012 1158 1049 liberis
1179 1017 1246 1049 aut
1273 1011 1420 1056 amicis,
1445 1022 1601 1047 manum

146 1073 200 1111 eis
220 1073 429 1125 injecisset,
452 1075 571 1112 dediti
596 1070 726 1113 vestro
754 1073 1092 1112 senatusconsulto
1112 1073 1284 1110 fuissent.
1314 1070 1510 1113 Quantum
1531 1071 1602 1120 igi-

146 1141 209 1172 tur
235 1135 416 1182 dedecus,
445 1136 715 1180 Athenienses,
733 1135 889 1186 publice
919 1142 1141 1185 susceptum
1169 1140 1286 1179 esset,
1317 1146 1405 1171 cum
1439 1146 1507 1170 eos
1537 1132 1602 1182 qui

148 1197 251 1247 apud
269 1210 337 1236 vos
353 1198 429 1235 tale
442 1198 593 1236 facinus
610 1198 826 1241 ediderunt,
842 1203 880 1234 et
893 1197 999 1234 aereis
1016 1196 1152 1233 statuis
1165 1203 1204 1234 et
1220 1196 1378 1235 summis
1392 1194 1603 1232 honoribus

147 1258 396 1295 ornaveritis:
427 1259 458 1295 si
479 1258 564 1296 illos
585 1259 649 1309 qui
669 1258 743 1296 alio
762 1258 942 1308 quopiam
968 1257 1007 1293 in
1026 1256 1113 1294 loco
1142 1256 1240 1295 idem
1262 1255 1363 1306 quod
1385 1254 1438 1299 hi,
1461 1255 1509 1292 de
1535 1267 1604 1305 pa-

148 1318 219 1355 tria
240 1331 310 1356 sua
342 1326 556 1364 senserunt,
586 1319 782 1356 deditione
803 1317 1088 1355 damnassetis?
1119 1318 1175 1355 Ac
1203 1317 1303 1354 illius
1331 1314 1485 1366 quidem
1505 1323 1601 1353 tem-

148 1392 253 1429 pore,
269 1379 428 1417 feliciter
450 1393 542 1418 sane
562 1393 639 1417 non
669 1379 812 1417 accidit
838 1385 881 1416 ut
901 1378 1056 1429 decepti
1076 1377 1262 1428 flagitium
1284 1375 1438 1428 aliquod
1465 1377 1604 1414 admit-

146 1441 277 1478 teretis
293 1454 302 1478 2
336 1441 375 1478 in
389 1441 464 1479 hoc
483 1455 587 1488 vero,
607 1442 638 1479 si
659 1441 750 1478 mihi
769 1439 966 1491 parebitis,
984 1453 1034 1477 ne
1053 1439 1092 1476 id
1109 1453 1183 1476 usu
1202 1438 1330 1477 veniat
1352 1437 1604 1488 prospicietis.

151 1500 250 1538 Cum
271 1501 372 1539 enim
391 1509 553 1552 excepto
573 1501 738 1546 nemine,
758 1501 795 1538 in
818 1500 1044 1538 universum
1065 1500 1248 1550 scriptum
1270 1499 1332 1544 sit,
1355 1499 1386 1535 si
1405 1498 1488 1549 quis
1506 1500 1607 1537 occi-

149 1562 248 1600 derit
266 1562 552 1608 Charidemum,
572 1563 652 1600 fieri
669 1569 785 1613 queat
799 1569 842 1600 ut
860 1575 954 1600 casu
971 1562 1085 1599 etiam
1112 1562 1190 1599 tale
1209 1561 1403 1612 quippiam
1425 1560 1606 1599 eveniret.

203 1624 265 1660 36.
297 1623 412 1661 Nunc
447 1623 629 1674 deinceps
661 1623 699 1663 in
734 1623 838 1661 facta
871 1622 1093 1661 Charidemi
1124 1623 1288 1660 breviter
1322 1622 1526 1672 inquiram,
1567 1629 1607 1660 et

150 1696 340 1722 summam
354 1697 484 1721 eorum
504 1684 796 1735 impudentiam,
817 1696 840 1721 a
859 1684 998 1734 quibus
1015 1683 1208 1728 laudatur,
1223 1684 1439 1720 ostendam.
1475 1683 1606 1720 Unum

150 1750 280 1781 autem
312 1745 420 1782 vobis
453 1745 546 1783 illud
565 1745 762 1796 polliceor,
795 1757 922 1794 neque
951 1758 1041 1782 vero
1063 1744 1266 1794 quisquam
1291 1744 1607 1794 pollicitationem

152 1818 276 1843 meam
301 1819 402 1856 aegre
427 1806 535 1850 ferat,
567 1819 626 1843 me
651 1819 730 1843 non
750 1805 845 1843 illud
871 1806 985 1843 modo
1005 1813 1261 1851 ostensurum,
1292 1805 1491 1855 indignum
1517 1819 1606 1843 eum

152 1878 239 1903 esse
257 1866 436 1904 custodia
455 1867 503 1904 ab
529 1867 604 1904 isto
635 1867 803 1911 decreta,
837 1867 904 1904 sed
933 1867 1198 1916 gravissimum
1228 1867 1343 1903 etiam
1378 1866 1608 1916 supplicium
1637 1865 1640 1868 ”

153 1926 349 1972 meruisse,
370 1928 401 1965 si
420 1928 536 1965 modo
556 1928 736 1965 malevoli
764 1927 885 1973 vobis,
905 1935 943 1965 et
963 1927 1202 1978 impostores,
1224 1933 1262 1965 et
1281 1927 1520 1964 continenter
1539 1928 1609 1965 ad-

153 1994 366 2033 versantes,
393 1987 488 2038 jure
517 1988 743 2039 puniuntur.
795 1987 988 2025 Fortassis
1016 1994 1146 2025 autem
1173 1994 1342 2025 vestrum
1365 1987 1608 2037 quibusdam,

155 2047 504 2093 considerantibus,
526 2049 688 2098 primum
715 2047 839 2085 civem
869 2061 956 2085 eum
986 2061 1073 2086 esse
1103 2048 1262 2094 factum,
1292 2048 1432 2085 deinde
1463 2061 1609 2096 rursus,

155 2107 281 2144 aureis
297 2107 460 2152 coronis,
480 2115 662 2158 tanquam
683 2108 731 2145 de
752 2109 948 2158 republica
964 2110 1062 2146 bene
1081 2110 1271 2155 meritum,
1284 2109 1520 2153 decoratum,
1540 2108 1611 2145 mi-

156 2167 230 2204 rari
249 2167 364 2213 subit,
384 2181 454 2206 vos
475 2170 591 2206 tantis
607 2169 645 2206 in
661 2170 776 2206 rebus
792 2176 870 2206 tam
889 2169 1004 2206 facile
1025 2182 1110 2207 esse
1125 2169 1324 2220 deceptos.
1355 2169 1416 2206 Ne
1432 2169 1607 2207 verodu-

157 2227 297 2272 bitetis,
311 2228 402 2278 quin
417 2228 569 2280 decepti
583 2229 679 2267 sitis.
711 2230 791 2267 Cur
803 2236 928 2267 autem
946 2230 984 2268 id
995 2230 1102 2267 vobis
1118 2230 1292 2267 accidere
1305 2237 1608 2268 consentaneum

156 2288 221 2336 sit,
234 2302 439 2340 exponam.
471 2290 567 2336 Vos,
580 2290 850 2337 Athenienses,
863 2304 950 2328 cum
966 2291 1087 2328 multa
1102 2298 1203 2328 recte
1217 2290 1456 2341 intelligatis,
1472 2290 1609 2328 iisdem

155 2361 291 2400 parum
317 2357 554 2397 constanter,
587 2365 707 2402 quum
736 2365 829 2390 usus
865 2352 1049 2402 postulat,
1081 2351 1268 2389 insistitis.
1306 2352 1533 2403 Cujusmodi
1551 2358 1611 2390 est

158 2410 261 2459 quod
281 2410 398 2448 dico?
429 2412 467 2449 Si
488 2414 572 2462 quis
602 2426 668 2450 vos
699 2419 821 2463 roget,
846 2412 1038 2463 quodnam
1060 2426 1182 2463 genus
1204 2413 1396 2451 hominurn
1418 2427 1467 2451 ex
1487 2413 1610 2451 omni-

156 2471 230 2508 bus
251 2473 475 2510 mortalibus
491 2474 528 2511 in
544 2474 696 2511 civitate
713 2473 1035 2523 improbissimum
1054 2474 1211 2524 putetis,
1232 2488 1303 2512 nec
1320 2475 1523 2525 agricolaS,
1537 2487 1610 2512 nec

159 2539 403 2579 mercatores,
423 2547 494 2571 nec
509 2535 735 2579 metallicos,
758 2542 826 2572 aut
844 2535 1048 2585 quicquam
1068 2535 1144 2573 tale
1164 2537 1459 2587 responderitis:
1490 2537 1558 2575 sed
1578 2536 1609 2574 si

159 2593 245 2642 quis
265 2605 342 2637 eos,
358 2593 423 2643 qui
436 2595 614 2632 mercede
632 2596 816 2633 conducti
831 2596 1122 2643 concionantur,
1139 2604 1178 2634 et
1193 2597 1349 2647 decreta
1365 2598 1524 2642 faciunt,
1542 2610 1610 2635 no-

160 2653 291 2698 minet,
311 2653 346 2690 ei
360 2666 428 2691 vos
448 2666 580 2693 omnes
596 2669 818 2694 assensuros
832 2657 922 2694 satis
936 2657 1026 2695 scio.
1059 2657 1261 2694 Hactenus
1277 2659 1391 2707 igitur
1406 2664 1507 2695 recte
1521 2670 1610 2694 sen-

160 2714 251 2758 titis,
274 2715 321 2751 de
335 2720 463 2752 cetero
480 2729 554 2753 non
574 2717 678 2754 item.
710 2717 809 2765 Nam
832 2731 930 2768 quos
947 2714 1116 2755 omnium
1129 2714 1424 2768 improbissimos
1445 2718 1516 2768 ipsi
1536 2731 1608 2768 pu-

159 2775 260 2820 tatis,
278 2774 338 2812 his
351 2775 520 2820 creditis,
536 2777 954 2827 quandojudieandum
970 2786 1042 2823 est,
1058 2779 1182 2829 qualis
1197 2777 1464 2828 unusquisque
1483 2778 1530 2815 sit
1543 2791 1608 2816 ex-

159 2835 407 2873 istimandusz
429 2836 464 2873 hi
481 2849 585 2882 vero,
602 2845 715 2887 prout
728 2838 780 2875 eis
793 2839 938 2876 bonum
953 2846 992 2876 et
1003 2839 1248 2877 commodum
1262 2846 1331 2883 est,
1348 2851 1422 2875 non
1437 2845 1480 2876 ut
1491 2839 1608 2889 aequi-

162 2903 221 2934 tas
241 2904 278 2933 et
297 2897 348 2934 rei
364 2897 502 2934 veritas
523 2897 705 2948 postulat,
727 2911 1040 2950 unumquemque
1058 2900 1118 2937 vel
1137 2899 1298 2950 probum
1319 2899 1378 2936 vel
1396 2900 1610 2951 improbum
