1923 3149
468 204 544 242 DE
575 204 724 242 MALE
753 202 930 243 GESTA
961 201 1288 241 LEGATIONE.
1524 203 1598 239 251

145 307 314 353 sthenes,
336 319 382 344 ex
404 319 503 352 mea,
523 314 567 344 ut
597 307 667 353 ais,
687 305 918 345 Philocratis
951 305 1178 343 defensione
1208 319 1296 344 cum
1326 304 1598 349 intellexisses,

143 381 214 406 nos
236 368 317 406 sani
339 368 431 405 nihil
463 380 590 419 agere,
622 367 821 418 posteriori
851 367 1036 418 legationi
1067 367 1116 403 ad
1143 367 1415 417 jusjurandum
1444 366 1598 417 exigen-

143 430 236 467 dum
252 431 377 468 missae
399 429 633 468 interfuisti?
662 443 729 468 cur
749 442 831 467 eam
851 442 929 467 non
949 428 1106 480 ejurasti
1124 428 1139 464 ἲ
1169 428 1257 466 Hoc
1276 435 1519 474 mementote,
1540 441 1601 466 me

139 493 360 544 promisisse
392 493 436 530 iis
469 505 567 543 quos
601 492 852 538 redemeram,
886 500 924 530 et
955 491 1160 529 allaturum
1193 492 1413 542 pecuniam,
1453 498 1492 529 et
1517 504 1599 538 eos,

142 553 387 604 quantumin
409 566 468 591 me
489 559 610 600 esset,
628 549 959 591 conservaturum.
1017 551 1107 590 Non
1134 552 1454 590 committendum
1486 553 1602 602 igitur

143 624 238 662 erat,
255 622 298 653 ut
318 615 510 660 mentirer,
527 622 565 652 et
585 615 802 652 desererem
817 614 1060 652 calamitosos
1090 615 1193 652 cives
1209 627 1218 657 ;
1252 626 1376 664 neque
1397 614 1512 651 etiam
1534 614 1602 651 ad-

142 677 301 715 modum
333 677 538 715 honestum
573 683 640 714 aut
667 682 792 714 tutum
823 684 918 723 erat,
950 675 1163 714 detrectata
1195 675 1388 727 legatione
1426 675 1602 726 privatim

139 737 216 775 illic
236 739 424 776 oberrare.
484 736 586 775 Nam
608 737 681 775 nisi
700 737 786 776 illos
807 751 957 776 servare
978 738 1203 785 voluissem,
1216 735 1272 775 dii
1290 728 1349 775 me
1371 749 1502 775 omnes
1516 750 1602 788 per-

139 799 235 837 dant
253 807 292 837 et
317 799 528 845 eradicent,
549 799 579 836 si
601 812 781 850 magnam
814 800 948 837 mereri
981 800 1186 851 pecuniam
1206 799 1427 845 voluissem,
1449 805 1492 836 ut
1509 798 1604 836 isto·

139 861 275 898 rumin
295 861 487 911 legatione
508 860 660 911 collega
679 875 818 899 essem.
844 861 965 912 Cujus
986 863 1041 899 rei
1062 862 1214 912 signum
1233 861 1306 898 hoc
1327 868 1411 904 est;
1432 860 1535 910 quod
1552 860 1602 898 ad

140 923 289 960 tertiam
310 923 543 973 legationem
563 924 621 961 bis
642 923 817 961 delectus
837 936 860 960 a
878 924 1001 968 vobis,
1033 923 1092 960 bis
1124 922 1377 974 jurejurando
1411 921 1600 965 recusavi,

140 991 181 1022 et
199 984 236 1021 in
256 984 321 1022 illa
337 985 572 1035 profectione
604 984 677 1022 illis
702 998 769 1036 per
789 984 918 1023 omnia
936 984 990 1022 fui
1011 984 1252 1022 adversatus.
1311 984 1410 1025 Quae
1430 983 1546 1033 igitur
1565 981 1604 1020 in

141 1044 335 1096 legatione
369 1046 442 1083 mei
473 1045 616 1083 arbitrii
642 1047 813 1092 fuerunt,
833 1045 908 1084 hoc
941 1060 981 1084 se
1012 1046 1129 1083 modo
1148 1045 1257 1083 vobis
1290 1044 1534 1082 habuerunt:
1565 1045 1605 1081 in

140 1108 278 1157 quibus
299 1113 427 1144 autem
448 1106 524 1153 isti,
544 1115 586 1143 ut
607 1107 751 1158 plures,
770 1107 995 1154 vincebant,
1013 1120 1060 1144 ea
1079 1107 1209 1144 omnia
1238 1105 1443 1156 perierunt.
1502 1104 1606 1147 Quin

140 1175 179 1205 ct
198 1176 329 1206 cetera
348 1168 476 1205 omnia
493 1168 769 1206 convenienter
788 1167 847 1205 his
866 1176 953 1206 acta
966 1175 1110 1213 essent,
1131 1168 1162 1205 si
1183 1167 1268 1218 quis
1291 1166 1380 1204 mihi
1401 1167 1606 1217 paruisset.

142 1228 280 1279 Neque
301 1230 402 1267 enim
427 1243 500 1280 ego
532 1230 585 1266 ita
614 1229 761 1275 infelix,
788 1238 856 1267 aut
888 1243 1034 1267 vaecors
1066 1229 1134 1277 fui,
1165 1236 1208 1266 ut
1237 1228 1437 1279 pecuniam
1459 1228 1605 1274 darem,

140 1303 231 1342 cum
250 1290 345 1328 alios
377 1291 550 1341 accipere
569 1289 750 1337 viderem,
769 1304 838 1340 pro
870 1304 957 1328 meo
978 1291 1095 1328 vestri
1129 1290 1280 1327 studio:
1311 1302 1398 1339 quae
1419 1296 1547 1326 autem
1569 1296 1608 1326 et

141 1352 223 1390 sine
244 1352 428 1403 impensis
449 1351 586 1389 confici
606 1352 833 1402 potuissent,
849 1358 888 1389 et
906 1352 1094 1389 universae
1115 1351 1260 1389 civitati
1278 1350 1394 1400 longe
1413 1350 1500 1400 plus
1520 1363 1607 1401 pro-

139 1413 317 1458 fuissent,
345 1426 391 1451 ea
423 1413 505 1450 fieri
537 1412 763 1451 noluissem.
822 1413 906 1451 Imo
934 1412 1028 1464 quid
1059 1412 1296 1458 maluissem,
1320 1410 1607 1449 Athenienses?

143 1475 212 1513 sed
231 1489 291 1513 me
309 1474 517 1513 vincebant
538 1473 597 1512 isti
615 1474 808 1512 nimirum.

197 1538 261 1574 52.
292 1537 407 1587 Agite
423 1549 513 1574 vero
534 1536 628 1587 quid
647 1537 746 1573 inter
779 1536 863 1573 haec
891 1536 965 1573 iste
988 1535 1122 1585 egerit,
1154 1541 1193 1572 et
1222 1534 1314 1584 quid
1349 1533 1605 1578 Philocrates,

142 1603 316 1650 spectate
334 1612 343 1636 ι
374 1599 460 1636 haec
481 1599 584 1636 enim
603 1598 703 1636 inter
724 1611 765 1636 se
785 1597 941 1643 collata,
961 1597 1123 1635 clariora
1152 1603 1275 1634 erunt.
1335 1596 1504 1632 Primum
1534 1596 1606 1646 igi-

140 1668 203 1698 tur
222 1660 444 1698 Phocenses
467 1668 505 1698 et
523 1660 687 1698 Alenses
708 1660 851 1698 foedere
868 1659 1129 1705 excluserunt,
1146 1666 1184 1696 et
1198 1657 1509 1708 Cersobleptem,
1526 1663 1607 1693 tum

142 1730 278 1760 contra
298 1723 509 1768 decretum,
530 1730 609 1760 tum
631 1730 765 1761 contra
783 1735 830 1760 ea
850 1734 936 1772 quae
971 1720 1020 1758 ad
1040 1733 1110 1758 vos
1144 1721 1267 1758 relata
1297 1726 1406 1758 erant
1425 1731 1433 1755 :
1465 1717 1607 1756 deinde

142 1785 229 1823 loco
257 1797 410 1822 movere
439 1791 558 1835 atque
589 1785 789 1821 immutare
825 1784 1042 1827 decretum,
1075 1795 1152 1832 quo
1186 1781 1305 1832 legati
1342 1780 1606 1827 veniebamus,

142 1853 234 1885 sunt
261 1847 457 1898 aggressi:
487 1854 624 1898 postea
655 1846 870 1884 Cardianos
901 1845 1084 1895 Philippo
1103 1844 1228 1882 socios
1257 1843 1547 1894 inscripserunt,
1568 1850 1608 1880 et

140 1909 300 1966 scriptas
320 1922 342 1946 a
361 1921 421 1945 me
439 1907 569 1946 literas
597 1908 646 1945 ad
675 1921 742 1945 vos
762 1920 841 1945 non
861 1906 1070 1944 mittendas
1100 1911 1348 1952 censuerunt,
1377 1905 1452 1955 ipsi
1479 1910 1606 1942 autem

145 1968 344 2007 vaecordes
376 1982 465 2006 suas
496 1969 627 2007 literas
647 1969 857 2006 miserunt:
888 1974 927 2006 et
946 1974 1080 2005 tamen
1110 1967 1322 2018 praeclarus
1355 1967 1428 2003 iste
1460 1966 1516 2003 vir
1545 1979 1607 2004 me

142 2032 357 2082 pollicitum
377 2044 464 2069 esse
485 2031 665 2082 Philippo
698 2031 793 2068 dixit
820 2044 883 2068 me
915 2030 1191 2081 rempublicam
1210 2037 1379 2068 vestram
1400 2030 1609 2080 abrogatu-

142 2105 241 2137 rum,
262 2091 367 2142 quod
390 2092 475 2129 illas
506 2092 848 2143 reprehendebam,
870 2105 967 2142 quas
997 2105 1075 2130 non
1096 2091 1215 2129 modo
1245 2098 1378 2142 turpes
1413 2090 1610 2128 existima-

143 2154 245 2200 bam,
267 2154 336 2192 sed
363 2161 403 2192 et
426 2155 598 2200 verebar,
619 2152 679 2204 ne}
697 2153 831 2191 insons
860 2166 935 2203 ego
968 2154 1063 2205 meo*⁴
1081 2154 1236 2192 interitu
1267 2153 1421 2204 culpam
1456 2152 1610 2189 illorum

142 2216 300 2268 luerem,
331 2214 547 2253 AEschines'
573 2228 664 2253 vero
694 2227 894 2265 nunquam
924 2214 1073 2252 destitit
1099 2215 1276 2265 privatim
1306 2213 1491 2265 congredi
1521 2226 1611 2252 cum

143 2277 337 2328 Philippo.
394 2276 451 2313 Ac
472 2283 600 2314 cetera
617 2276 773 2327 quidem
794 2284 919 2321 taceo,
953 2276 1162 2327 Dercyllus
1197 2283 1327 2314 autem
1359 2275 1495 2313 Pheris
1523 2288 1613 2314 eum

144 2345 260 2377 nocte
279 2337 448 2390 quadam
475 2338 707 2382 observavit,
729 2350 807 2374 non
827 2350 915 2387 ego,
937 2337 1108 2375 adhibito
1128 2350 1249 2388 puero
1268 2337 1343 2375 hoc
1362 2350 1465 2383 meo,
1486 2349 1611 2388 eoque

146 2392 400 2451 deprehenso,
418 2413 438 2437 e
459 2399 711 2438 tabernaculo
732 2399 898 2450 Philippi
918 2407 1100 2446 exeunte,
1120 2412 1282 2450 puerum
1309 2399 1403 2436 mihi
1432 2399 1609 2437 renunci-

149 2474 212 2498 are
226 2461 356 2511 jussit,
379 2468 418 2499 et
437 2461 562 2512 ipsum
582 2461 622 2499 id
640 2459 873 2498 meminisse.
931 2460 1115 2512 Denique
1145 2460 1315 2498 nefarius
1350 2461 1438 2507 iste,
1473 2467 1512 2498 et
1541 2461 1611 2498 im-

146 2521 313 2573 pudens,
332 2528 485 2560 noctem
505 2529 543 2559 et
562 2522 677 2568 diem,
697 2520 882 2572 digressis
902 2521 1030 2568 nobis,
1049 2522 1234 2560 remansit
1252 2521 1356 2572 apud
1375 2521 1610 2572 Philippum.

149 2584 201 2621 Et
230 2583 317 2620 haec
334 2597 420 2621 vere
444 2597 466 2622 a
480 2597 542 2622 me
568 2584 641 2623 dici
661 2590 705 2622 ut
725 2590 922 2635 appareat,
941 2584 1106 2635 primum
1124 2596 1198 2636 ego
1214 2583 1295 2634 ipse
1312 2583 1350 2620 in
1369 2583 1531 2621 tabellas
1553 2596 1609 2620 re-

147 2646 283 2691 seram,
303 2652 342 2683 et
370 2658 458 2683 meo
483 2645 654 2696 periculo
684 2646 945 2684 testificabor:
977 2646 1116 2683 deinde
1149 2651 1363 2684 ceterorum
1397 2645 1612 2695 legatorum

146 2707 323 2758 singulos
344 2707 484 2753 citabo,
505 2714 544 2745 et
562 2708 717 2746 omnino
737 2714 804 2746 aut
821 2707 1035 2753 testificari,
1057 2714 1124 2746 aut
1143 2708 1291 2759 ejurare
1311 2719 1463 2757 cogam.
1495 2704 1610 2748 Quod

148 2769 179 2808 si
194 2768 558 2821 ejurarintsperjurii
572 2782 638 2808 eos
657 2768 858 2808 manifeste
877 2770 915 2808 in
934 2777 1147 2822 conspectu
1167 2775 1294 2808 vestro
1315 2768 1552 2806 convincam.
