1923 3149
428 327 633 369 LIBANII
664 326 1064 369 ARGUMENTUM
1094 328 1403 368 ORATIONIS
1433 329 1655 370 CONTRA

817 390 1264 430 ARISTOCRATEM.

356 507 608 541 Cunnmmuust
619 509 750 546 Oritarn,
759 510 913 550 peregrini
926 509 1031 540 militis
1041 511 1161 546 ducem,
1172 510 1524 550 Cersobleptisff'hraeiae
1535 509 1615 550 regis
1630 510 1761 549 impera-

310 560 419 594 torem,
434 558 559 590 civitate
586 561 733 590 donarant
752 560 965 595 Athenienses,
987 561 1096 599 partim
1123 561 1203 600 quod
1228 561 1332 591 utilem
1355 561 1433 600 reip.
1459 570 1582 600 operam
1607 564 1761 593 navasset,

310 608 420 648 partim
444 610 524 648 quod
548 611 637 649 plura
664 612 701 640 ab
729 621 765 640 eo
789 611 936 640 beneficia
961 616 1185 650 exspectarent.
1215 613 1262 642 De
1288 612 1347 641 hoc
1364 611 1661 641 senatusconsultum
1686 609 1760 639 fecit

310 658 517 689 Aristocrates
533 661 726 698 hujusmodi:
749 661 780 689 si
805 661 898 699 quis
924 661 1212 691 Charidemum
1237 662 1467 696 occiderit,
1491 671 1604 700 comp
1618 661 1760 690 rehen-

310 709 353 740 di
386 720 470 740 eum
500 712 567 748 jus
603 711 753 750 fasque
773 715 862 741 esto
884 710 922 740 in
945 712 1045 741 omni
1076 712 1249 742 ditione
1282 714 1509 750 conjuncta
1532 721 1615 741 cum
1638 710 1758 741 Athe-

309 759 402 789 nien
417 761 509 790 sibu
524 771 559 799 s3
593 761 700 800 quod
735 761 889 800 siquis
919 763 1257 801 comprehensum
1288 762 1527 793 asseruerit
1551 763 1636 791 sive
1663 759 1759 790 civi-

310 814 370 840 tas
394 811 479 841 sive
502 812 613 842 homo
637 813 699 851 pri
711 815 832 848 vatus,
856 813 888 842 is
919 813 1105 842 foederum
1136 824 1153 842 e
1165 824 1280 854 xpers
1303 824 1319 842 e
1331 818 1400 842 sto.
1445 813 1548 851 Hujus
1563 817 1758 842 senatuscon-

309 861 381 890 sulti
398 866 554 892 accusator
572 863 751 902 EuthycleS,
770 862 986 892 Demosthenis
1003 873 1076 892 usus
1092 864 1239 899 oratione,
1257 863 1301 892 ait
1322 863 1450 902 primum
1463 861 1758 892 senatusconsultum

307 922 374 941 esse
391 917 497 942 contra
508 914 604 952 legeS,
617 913 689 952 quia
706 913 910 952 coguitionem
929 917 960 942 et
975 913 1093 951 judicia
1108 914 1207 950 tollat,
1223 919 1254 943 et
1270 913 1433 943 vindictam
1450 917 1519 942 aute
1534 912 1646 942 crimen
1663 910 1759 941 conti-

304 967 375 992 neat
389 963 554 1002 scriptam:
579 963 690 992 deinde
706 973 764 993 non
781 973 850 993 esso
874 974 890 992 e
912 973 945 992 re
965 963 1209 998 Atheniensium,
1224 964 1285 993 tale
1297 963 1479 994 Charidemo
1496 963 1661 992 decernere
1676 970 1756 1001 prae·

307 1013 414 1049 mium,
429 1023 484 1052 per
502 1013 583 1052 quod
598 1013 804 1044 Chersonesus
820 1013 987 1043 amittenda
1001 1014 1041 1044 sit
1055 1014 1155 1054 <quod
1170 1025 1229 1053 quo
1244 1020 1334 1052 pacto
1351 1014 1391 1043 sit
1405 1013 1550 1047 futurum,
1565 1012 1634 1050 ipsa
1655 1015 1758 1041 osten-

306 1065 360 1095 det
372 1063 504 1105 oratio):
530 1064 685 1094 examinat
700 1065 791 1094 etiam
813 1074 952 1104 personae
968 1064 1158 1103 qualitatem,
1187 1065 1349 1101 affirmans,
1377 1073 1436 1094 nou
1459 1063 1608 1094 meruisse
1631 1061 1758 1102 praemia

308 1115 533 1152 Charidemum,
547 1115 619 1146 talia
634 1115 816 1153 praesertim.

932 1231 1146 1270 ALITER.

350 1339 480 1369 EvnctA
493 1337 593 1368 insula
605 1342 652 1368 est
667 1347 684 1366 e
701 1337 824 1376 regione
839 1336 951 1368 Atticae
967 1342 1109 1377 protensa
1121 1347 1177 1377 per
1191 1336 1345 1367 Boeotiam
1365 1340 1398 1367 et
1421 1334 1588 1367 Phocidem
1603 1345 1701 1375 usque
1717 1335 1756 1365 ad

306 1390 457 1429 Aphetas,
471 1388 636 1418 Thessaliae
651 1388 763 1417 locum.
807 1387 928 1417 Scimus
952 1393 1051 1418 autem
1077 1388 1193 1427 oppida
1208 1389 1334 1418 Euboeae
1349 1397 1420 1417 esse
1434 1387 1540 1421 multa,
1555 1387 1633 1416 inter
1645 1397 1712 1425 quae
1725 1389 1757 1415 et

307 1442 408 1471 Oreus
429 1446 486 1477 est,
501 1441 579 1470 unde
603 1439 733 1478 patrium
758 1449 866 1468 nomen
897 1438 1013 1468 Orites.
1058 1439 1106 1468 Ex
1122 1449 1158 1468 eo
1174 1439 1288 1478 oppido
1304 1438 1362 1467 fuit
1377 1437 1578 1467 Charidemus
1595 1436 1756 1470 oriundus,

304 1492 459 1531 peregrini
474 1491 629 1520 exercitus
645 1499 700 1528 pro
714 1489 886 1518 defensione
902 1488 1128 1518 Atheniensium
1144 1494 1175 1518 et
1197 1488 1347 1518 sociorum
1363 1487 1482 1522 (luctor,
1498 1497 1591 1526 gener
1603 1486 1709 1524 Cotyis
1726 1493 1758 1515 et

305 1542 480 1581 imperator,
496 1541 644 1569 Thracum
661 1539 756 1578 regis,
772 1539 824 1577 qui
840 1539 1000 1577 aliquando
1016 1539 1251 1574 Chersonesum,
1266 1549 1334 1568 cum
1351 1543 1432 1568 esset
1448 1538 1687 1572 Atheniensium,
1704 1546 1755 1566 oc-

302 1598 439 1632 cuparat,
451 1602 486 1622 ao
502 1591 633 1622 moriens
647 1591 732 1630 regni
749 1601 957 1621 successorem
972 1591 1205 1630 Cersobleptem
1232 1601 1268 1621 ea
1294 1590 1467 1620 conditione
1483 1590 1657 1628 reliquerat,
1674 1595 1706 1619 ut
1722 1589 1754 1618 id

303 1655 374 1674 cum
389 1644 534 1673 Berisade
551 1647 582 1672 et
595 1641 753 1672 Amadoco
771 1641 915 1670 fratribus
931 1642 1107 1680 partiretur.
1153 1642 1270 1670 Ducem
1289 1651 1378 1681 porro
1393 1641 1610 1679 Cersobleptes
1624 1640 1756 1670 habebat

300 1695 430 1725 adfinem
456 1693 681 1727 Charidemum,
704 1691 869 1722 Berisades
887 1692 1115 1722 Athenodorum
1138 1693 1289 1731 quendam
1317 1702 1428 1731 genere
1455 1692 1684 1726 Atheniensem,
1714 1701 1754 1720 ex

301 1745 491 1785 Alopecensi
503 1743 683 1782 municipio,
699 1743 872 1772 Amadocus
888 1753 961 1773 vero
977 1744 1066 1778 duos,
1082 1743 1235 1772 Simonem
1259 1747 1290 1771 et
1310 1743 1484 1772 Bianorem.
1529 1743 1646 1782 Singuli
1662 1751 1754 1781 porro

300 1807 391 1837 reges
405 1795 642 1827 Atheniensibus
655 1792 820 1833 gratificari
835 1793 1010 1831 cupiebant,
1023 1797 1056 1823 ut
1072 1804 1124 1823 eos
1139 1794 1177 1823 ad
1201 1803 1289 1832 opem
1314 1793 1374 1822 sibi
1396 1793 1548 1823 serendam
1566 1798 1688 1832 paratos
1702 1793 1756 1822 ha-

299 1849 419 1884 berent,
435 1850 620 1885 auctoreque
647 1844 828 1875 Charidemo
849 1844 1070 1874 Chersonesum
1098 1845 1298 1874 communiter
1324 1844 1562 1873 Atheniensibus
1591 1844 1754 1874 dederuut.

302 1899 373 1935 Qua
386 1908 419 1927 re
442 1896 575 1935 cognita,
594 1895 627 1925 hi
648 1895 745 1930 illum,
768 1900 801 1924 ut
816 1895 892 1924 bene
910 1895 948 1923 de
963 1905 995 1924 se
1010 1895 1164 1930 meritum,
1179 1905 1269 1924 aurea
1285 1904 1394 1923 corona
1408 1899 1438 1923 et
1451 1894 1576 1923 civitate
1593 1895 1752 1924 donarunt.

302 1949 375 1988 Qui,
391 1953 424 1978 ut
438 1947 542 1977 amicis
557 1947 620 1977 suis
635 1956 691 1985 per
706 1944 950 1975 Aristomachum
966 1946 1116 1983 quendam
1133 1945 1328 1984 significavit,
1345 1944 1369 1974 si
1395 1944 1459 1973 vita
1481 1955 1546 1980 sua,
1561 1946 1683 1984 dempto
1707 1946 1754 1975 in-

300 2001 446 2032 sidiarum
462 2002 556 2034 metu,
567 2008 622 2037 per
635 1997 707 2026 illos
722 1996 752 2026 in
768 2001 835 2026 tuto
848 1996 1062 2032 collocaretur,
1075 2007 1106 2026 se
1122 1995 1331 2035 Amphipolim
1348 1995 1494 2033 Philippo
1506 1996 1677 2035 ademptam
1690 1996 1753 2027 illis

301 2052 382 2083 velle
399 2050 572 2080 restituere.
616 2047 718 2086 Igitur
729 2046 935 2076 Aristo-:rates
948 2046 1069 2085 quidam
1079 2046 1277 2076 Atheniensis
1289 2050 1391 2075 orator
1407 2045 1560 2075 decretum
1578 2047 1751 2088 hujusmodi

300 2101 444 2142 scripsit:
479 2099 549 2139 qui
581 2097 864 2128 Charidemum
896 2097 1188 2127 interfecerint
1220 2097 1266 2126 ad
1302 2096 1423 2136 suppl
1437 2096 1555 2126 icium
1587 2099 1675 2138 rapi
1690 2109 1749 2128 un-

300 2159 384 2190 tor3
406 2150 706 2182 interfectorem
728 2157 818 2177 vero
841 2147 906 2187 qui
939 2147 1187 2177 asseruerint
1221 2146 1308 2176 sive
1332 2146 1491 2185 publice
1515 2147 1599 2176 sive
1622 2149 1751 2186 priva-

298 2205 378 2240 tim,
414 2200 605 2233 Athenien
615 2199 709 2229 sium
739 2198 812 2229 foed
825 2209 841 2228 e
851 2208 891 2227 re
925 2209 968 2227 ex
979 2199 1011 2227 cl
1021 2199 1090 2227 ndu
1101 2208 1117 2227 n
1127 2203 1195 2227 tor.
1240 2198 1393 2226 Ceterum‘
1416 2197 1584 2236 Euthycles
1615 2200 1751 2237 quidam,

298 2252 457 2284 Thriasius
481 2250 650 2289 municeps,
666 2249 694 2278 ei
710 2249 834 2278 decreto
851 2248 1034 2283 intercessit,
1056 2253 1089 2277 ut
1112 2248 1200 2281 malo,
1215 2252 1246 2276 ut
1269 2247 1381 2285 iniquo.
1399 2252 1431 2276 ut
1449 2247 1558 2281 inutili,
1575 2253 1606 2276 ut
1623 2250 1747 2288 indigno

297 2304 413 2334 homini
428 2302 554 2340 scripto.
598 2302 632 2330 Is
652 2311 724 2330 auro
740 2299 811 2329 dato
828 2305 1013 2338 acceptaque
1041 2299 1096 2328 hac
1111 2310 1128 2328 a
1146 2298 1348 2328 Demosthene
1369 2298 1514 2332 oratione,
1530 2305 1651 2328 accusat
1676 2300 1748 2330 Ari-

298 2359 473 2385 stocratem.
504 2351 564 2381 Sed
582 2351 651 2389 quia
666 2350 791 2380 videbat
801 2355 902 2379 orator
916 2350 1083 2388 simplicem
1098 2349 1220 2388 quidem
1234 2359 1353 2378 causam
1369 2347 1468 2376 valere
1480 2348 1625 2385 legitimo,
1642 2352 1693 2380 sed
1712 2363 1749 2382 eo

296 2406 447 2438 laborare,
464 2402 545 2441 quod
570 2402 599 2430 in
624 2401 824 2431 decernendis
841 2400 974 2438 praemiis
992 2400 1159 2438 plerunque
1182 2409 1239 2428 nou
1271 2403 1329 2426 tam
1358 2399 1513 2435 dignitatis
1534 2400 1745 2438 accipientium

298 2465 389 2495 quam
406 2452 546 2483 utilitatis
560 2452 706 2480 rationem
728 2451 841 2480 ducere
863 2451 992 2484 soleant,
1007 2451 1173 2488 pra-sertim
1191 2450 1213 2478 si
1233 2449 1305 2478 clari
1322 2449 1414 2478 ‹luces
1431 2449 1500 2484 sint,
1517 2455 1546 2479 et
1562 2451 1637 2490 reip.
1658 2454 1747 2482 bene-

297 2505 421 2539 faciant,
446 2502 544 2542 qualis
568 2501 608 2529 sit
624 2501 834 2535 Charidemus,
851 2500 1060 2538 Cersobleptae
1076 2504 1106 2529 et
1122 2501 1182 2528 dux
1202 2504 1232 2528 et
1249 2499 1392 2533 sororius,
1409 2500 1448 2528 ob
1464 2501 1635 2531 restitutam
1652 2503 1746 2532 Cher-

299 2564 454 2588 sonesum,
470 2551 548 2591 grati
563 2550 653 2579 animi
670 2561 743 2588 ergo
760 2551 897 2579 delectus
916 2551 1080 2589 imperator
1105 2549 1346 2583 Atheniensium,
1361 2549 1442 2578 atiud
1459 2557 1665 2590 argumentum
1691 2564 1746 2583 ex-

298 2604 458 2643 cogitavit,
474 2611 532 2640 quo
555 2601 766 2630 intertexendo
792 2601 945 2638 perturbat
963 2601 1143 2632 auditorem,
1157 2609 1223 2627 cum
1244 2599 1316 2627 ‹licit
1335 2599 1480 2639 scriptum
1505 2611 1572 2630 esse
1593 2602 1746 2632 decretum

296 2654 327 2684 in
348 2653 485 2683 fraudem
507 2650 689 2680 Chersonesi
715 2651 799 2679 fundi
816 2650 1001 2689 reipublicae.
1045 2650 1152 2687 ltaque
1172 2649 1390 2678 Demosthenes
1404 2649 1491 2688 hujus
1504 2652 1684 2682 mentionem
1701 2653 1747 2682 in.

297 2703 432 2738 terserit,
449 2707 481 2731 ut
496 2700 700 2740 suspicionem
713 2699 830 2739 injiciat
845 2700 988 2734 auditori,
1002 2704 1161 2736 utrumque
1179 2704 1236 2728 tam
1254 2699 1481 2739 Cei-sobleptem
1496 2711 1585 2740 quam
1602 2702 1747 2732 Charide-

300 2764 383 2784 mum
405 2762 513 2783 munus
534 2752 590 2781 hoc
616 2750 779 2789 impetrare
794 2751 927 2785 studere,
943 2749 1023 2778 illius
1041 2749 1206 2788 provincioe
1222 2749 1323 2778 denuo
1339 2749 1504 2788 eripienda:
1520 2761 1604 2789 ergo,
1617 2761 1745 2789 quornm

300 2803 462 2843 cupiditati
478 2803 535 2832 hoc
555 2802 679 2831 decreto
705 2800 814 2830 callide
831 2801 1013 2839 suffragatur
1025 2799 1242 2834 Aristocrates,
1259 2805 1292 2828 ut
1307 2805 1412 2830 neuter
1427 2811 1529 2840 regum
1546 2806 1628 2831 metu
1644 2801 1745 2841 reipu-

298 2855 387 2884 blicae
402 2863 507 2884 manus
522 2852 628 2883 afferat
641 2850 835 2881 Charidemo.
880 2849 984 2889 Atque
999 2850 1063 2879 haec
1074 2851 1112 2880 de
1124 2855 1310 2889 argumento.
