1923 3149
574 184 798 221 CONTRA
831 183 1219 221 TIMOCRATEM.
1547 186 1624 220 427,

171 265 303 303 dentia
322 274 393 312 est,
410 268 557 318 quidvis
574 276 823 320 suscepturus
839 282 923 306 csse
939 269 1077 319 cupide
1094 269 1256 308 videtur.
1288 269 1624 311 Quemadmodum

172 327 287 377 igitur
302 329 395 366 alios
413 330 662 377 facinorosos,
678 331 743 380 qui
759 331 905 368 scelera
918 330 1099 375 fatentur,
1120 331 1200 368 sine
1215 331 1364 381 judiCio
1379 331 1501 381 puniri
1519 331 1626 381 leges

162 387 316 436 jubent,
332 390 385 427 sic
406 391 518 428 ctiam
541 391 624 435 iste,
645 390 959 441 quandoquidem
981 403 1068 428 eum
1095 390 1200 441 leges
1223 391 1411 429 malitiose
1433 405 1568 442 rogare
1590 401 1628 429 ct

171 450 357 499 abrogare
370 460 535 497 constat,
551 466 627 489 non
641 453 743 489 sacta
755 451 908 489 dicendi
923 457 1128 502 potestate,
1142 464 1213 488 nec
1222 453 1304 500 ejus
1319 453 1626 490 excusationibus

171 510 327 557 auditis,
357 512 674 550 condemnandus
699 513 782 550 erit.
831 512 932 549 Nam
953 512 1072 549 altera
1092 511 1218 561 priore
1238 512 1322 562 lege
1344 513 1468 549 fassus
1490 522 1559 558 cst,
1587 525 1628 550 sc

168 571 243 608 ista
262 573 453 610 contraria
472 573 646 619 ferenda,
668 565 859 624 peccare.-

229 633 287 668 18.
318 633 374 669 Ac
393 646 480 670 eum
501 640 540 670 et
559 640 695 671 contra
724 633 792 670 has
814 633 933 682 leges,
953 639 992 669 et
1011 639 1148 671 contra
1171 633 1425 684 supradictas,
1448 647 1492 671 ac
1510 648 1629 684 prope

170 692 328 729 dixerim
360 694 569 738 universas,
602 694 741 744 quibus
774 693 813 730 in
842 693 915 731 hac
944 695 1143 744 republica
1172 695 1325 742 utimur,
1354 696 1467 732 istam
1498 695 1629 732 tulisse

161 752 309 802 legem,
326 754 434 791 vobis
456 754 633 792 omnibus
654 753 902 805 perspicuum
923 767 1008 792 csse
1037 762 1144 806 puto.
1202 755 1323 793 Miror
1350 762 1496 801 autem,
1517 755 1629 805 quid-

170 827 259 852 nam
290 815 339 852 ad
363 815 447 853 haec
471 816 645 853 dicturus
665 817 727 854 sit.
777 816 914 866 Neque
933 816 1037 854 enim
1065 830 1176 854 suam
1205 817 1332 867 legem
1360 816 1516 867 reliquis
1537 829 1630 853 con-

169 875 324 912 trariam
352 889 430 913 non
457 889 556 921 esse,
584 876 790 914 ostendere
816 877 969 927 poterit,
991 890 1062 915 nec
1091 877 1343 928 persuadere,
1373 890 1413 914 se
1437 877 1630 914 hominem

169 949 294 986 rerum
318 937 546 988 imperitum,
568 951 692 975 errore
708 946 746 976 et
764 938 919 975 inscitia
935 950 1146 989 peccasse3
1170 939 1253 990 jam
1269 938 1360 975 olim
1376 938 1476 975 enim
1498 951 1631 975 omnes

168 1010 257 1034 eum
272 998 449 1036 viderunt
470 999 646 1037 mercede
667 1006 706 1036 et
719 1000 897 1044 scribere,
918 1005 957 1036 et
976 999 1073 1037 ferre
1089 1000 1209 1050 leges.
1243 999 1381 1049 Neque
1399 999 1494 1036 illud
1517 999 1631 1036 etiam

169 1059 300 1106 habet,
326 1066 370 1097 ut
406 1060 548 1112 injuste
575 1062 721 1099 sactum
756 1061 934 1106 fateatur,
975 1061 1045 1099 sed
1074 1056 1222 1099 veniam
1261 1067 1392 1098 tamen
1426 1061 1631 1110 impetrare

168 1121 336 1159 studeat.
371 1121 456 1159 Nec
475 1122 576 1159 enim
597 1122 750 1168 invitus,
770 1135 841 1160 nec
856 1134 925 1172 pro
946 1120 1198 1167 calamitosis,
1217 1133 1288 1159 nec
1307 1134 1376 1171 pro
1397 1121 1574 1170 cognatis
1596 1128 1634 1158 et

170 1182 399 1220 necessariis
429 1183 523 1233 suis,
564 1196 652 1220 eum
681 1184 781 1221 hanc
811 1183 938 1232 legem
966 1182 1099 1219 tulisse
1132 1189 1302 1226 constat,
1335 1182 1405 1218 sed
1433 1181 1567 1219 volens
1595 1182 1634 1218 in

170 1257 302 1281 eorum
324 1244 573 1282 commodum
588 1245 692 1289 tulit,
711 1245 776 1294 qui
792 1244 944 1294 magnis
962 1243 1107 1294 injuriis
1122 1256 1190 1281 vos
1204 1242 1430 1297 affecerunt,
1449 1242 1633 1293 nullaque

169 1304 243 1342 sibi
261 1305 552 1343 necessitudine
571 1305 804 1355 conjunctis,
825 1305 898 1342 nisi
923 1305 1021 1342 forte
1042 1304 1128 1343 illos
1155 1318 1197 1343 se
1217 1311 1472 1355 cognatorum
1492 1304 1633 1342 habere

168 1364 255 1403 loco
275 1366 390 1412 dleet,
411 1380 434 1404 a
450 1366 590 1417 quibus
611 1365 828 1403 mercedem
846 1365 1024 1416 accipiat.

226 1427 289 1464 19.
322 1426 437 1464 Nunc
461 1427 586 1477 legem
607 1427 688 1478 ejus
707 1440 779 1465 nec
799 1426 907 1464 vobis
927 1426 1172 1465 commodam
1197 1440 1298 1473 esse,
1324 1440 1450 1477 neque
1483 1425 1633 1464 condu-

169 1487 337 1533 cibilem,
354 1489 561 1526 ostendere
578 1490 759 1526 conabor.
808 1488 987 1526 Arbitror
1004 1487 1137 1538 igitur,
1159 1488 1423 1526 confitendum
1445 1500 1530 1525 esse
1548 1500 1633 1524 om-

171 1551 298 1596 nibus,
318 1551 479 1601 probam
511 1550 652 1600 legem,
674 1556 714 1588 et
738 1549 979 1587 multitudini
1007 1549 1264 1600 profuturam,
1292 1549 1458 1599 primum
1488 1548 1635 1598 simpli-

170 1611 278 1657 citer,
299 1618 338 1649 et
357 1612 534 1649 omnibus
554 1624 664 1662 aeque
686 1616 815 1662 aperte
837 1610 1020 1661 scriptam
1042 1623 1128 1648 esse
1148 1615 1340 1661 oportere,
1361 1622 1410 1647 ne
1430 1622 1516 1646 earn
1536 1608 1635 1646 alius

171 1672 280 1710 aliter
312 1671 606 1723 interpretetur:
637 1672 792 1719 deinde,
821 1671 902 1713 fieri
941 1684 1055 1722 posse
1086 1677 1263 1722 oportere
1292 1684 1339 1709 ea
1368 1683 1454 1720 quae
1484 1670 1634 1720 jubeat.

171 1732 273 1770 Nam
295 1738 340 1770 ut
357 1733 456 1771 bene
476 1733 690 1771 constituta
707 1732 771 1779 sit,
791 1731 936 1782 aliquid
962 1738 1091 1770 tamen
1111 1732 1216 1782 quod
1239 1732 1320 1769 fieri
1345 1736 1526 1781 nequeat,
1547 1743 1636 1780 pro-

171 1800 306 1845 ponat,
325 1793 364 1831 id
383 1793 461 1831 voti
481 1793 622 1844 potius,
643 1806 758 1844 quam
778 1792 874 1843 legis
891 1792 1009 1830 fuerit
1023 1791 1207 1830 officium.
1251 1791 1444 1829 Praeterea
1458 1797 1636 1841 oportere

170 1855 313 1892 nemini
333 1854 574 1904 delinquenti
595 1855 804 1906 quicquam
833 1854 924 1891 dare
953 1853 1133 1892 licentiae.
1179 1854 1281 1891 Nam
1303 1854 1335 1891 si
1363 1853 1447 1904 quis
1479 1852 1518 1889 id
1547 1865 1635 1890 esse

169 1915 359 1966 populare
376 1922 501 1966 putat,
522 1923 565 1952 ut
585 1916 691 1954 lenes
713 1916 791 1954 sint
808 1915 928 1965 legeS‚
948 1914 979 1952 is
1001 1914 1040 1952 id
1059 1928 1213 1967 quoque
1242 1915 1281 1951 in
1314 1914 1369 1952 eis
1400 1913 1635 1958 consideret,

171 1977 310 2027 quibus
324 1989 390 2014 eas
412 1990 500 2014 esse
516 1977 612 2015 tales
632 1983 823 2028 oporteat.
855 1975 971 2020 Quod
987 1976 1018 2014 si
1035 1983 1140 2014 recte
1158 1976 1435 2022 considerabit,
1453 1975 1636 2020 inveniet,

172 2049 258 2074 eam
278 2037 475 2074 lenitatem
495 2037 545 2075 ad
566 2051 666 2083 reos,
693 2051 771 2075 non
793 2037 841 2075 ad
870 2037 1076 2075 damnatos
1097 2028 1304 2088 pertinere.
1358 2037 1462 2075 Nam
1485 2036 1531 2073 de
1559 2035 1635 2072 illis

171 2098 361 2135 incertum
382 2103 456 2142 est,
477 2091 527 2135 an
558 2098 608 2135 sit
631 2098 745 2136 alicui
767 2097 963 2135 calumnia
980 2098 1084 2135 facta
1100 2110 1168 2148 per
1193 2097 1369 2147 injuriam
1387 2109 1395 2134 :
1424 2096 1483 2133 his
1505 2103 1636 2134 autem

173 2158 281 2195 nulla
295 2157 393 2195 ratio
412 2164 543 2203 restat,
564 2171 640 2208 quo
661 2159 787 2195 minus
808 2171 847 2194 se
868 2158 1064 2208 improbos
1084 2171 1171 2195 esse
1186 2158 1392 2195 fateantur.
1424 2159 1481 2195 At
1497 2158 1635 2194 horum

173 2232 261 2270 quae
282 2231 355 2269 ego
373 2232 475 2256 nun—c
488 2218 677 2264 recensui,
698 2217 792 2256 nihil
804 2217 962 2256 omnino
984 2219 1110 2268 legem
1128 2218 1239 2256 istam
1260 2219 1482 2269 complecti,
1504 2219 1634 2269 palam

173 2287 246 2327 est,
267 2280 337 2317 sed
349 2293 402 2317 ex
422 2279 556 2317 ordine
577 2280 768 2318 contraria
788 2279 930 2317 omnia.
963 2279 1086 2329 quue
1106 2279 1235 2317 multis
1249 2280 1485 2330 argumentis
1507 2279 1637 2316 doceri

173 2347 304 2393 queat,
323 2341 359 2378 in
382 2340 514 2391 primis
539 2353 629 2380 vero
650 2341 720 2387 sic,
741 2341 773 2379 si
792 2340 855 2379 lex
875 2340 973 2390 ipsa,
995 2353 1110 2391 quam
1130 2339 1201 2378 iste
1222 2341 1324 2386 tulit,
1346 2346 1635 2391 percenseatur.

175 2401 267 2439 Non
287 2402 387 2439 enim
407 2401 483 2439 alia
502 2401 586 2452 ejus
615 2415 705 2452 pars
729 2401 930 2452 probanda
949 2408 1020 2446 est,
1041 2400 1117 2438 alia
1130 2399 1393 2451 improbanda,
1414 2402 1483 2439 sed
1511 2408 1595 2439 tota
1613 2414 1636 2440 a

174 2463 297 2513 prima
316 2462 464 2514 syllaba
482 2475 606 2514 usque
622 2463 672 2501 ad
699 2469 924 2509 extremam,
944 2475 1013 2500 vos
1034 2468 1248 2513 oppugnat.
1279 2463 1387 2514 Cape
1406 2464 1634 2514 scripturam

174 2524 289 2569 hanc,
314 2529 353 2560 et
372 2536 494 2573 usque
514 2523 564 2561 ad
591 2523 752 2574 primam
771 2530 921 2575 partem
940 2523 1061 2561 recita
1079 2522 1220 2573 legem.
1251 2523 1352 2562 Nam
1372 2523 1552 2563 facillime
1579 2523 1633 2562 sic

178 2590 258 2622 tum
275 2596 347 2635 ego
364 2583 527 2630 docebo,
547 2590 631 2623 tum
648 2597 718 2623 vos
736 2597 824 2625 mea
843 2584 948 2624 dicta
961 2583 1231 2636 assequemini,

843 2689 960 2728 LEX.

222 2771 496 2811 Pandionia-tribu
521 2773 707 2812 praesidente
727 2774 827 2814 primo
854 2780 977 2813 senatus
1000 2780 1154 2806 conventu
1175 2775 1358 2807 duodecima
1380 2775 1430 2805 die
1458 2773 1635 2813 praesidum,

177 2822 297 2852 censuit
313 2822 484 2853 Aristocles
500 2823 742 2862 Myrrhinusius,
755 2826 944 2857 Timocrates
967 2828 1146 2858 sententiam
1163 2827 1246 2856 dixit
1260 2837 1266 2855 z
1291 2826 1412 2856 tametsi
1429 2825 1540 2864 aliquis
1560 2834 1634 2854 aera—
1679 2843 1685 2850 -

177 2871 243 2902 rius
259 2873 326 2903 sive
341 2872 476 2912 legibus,
492 2873 558 2903 sive
569 2875 843 2912 senatusconsulto,
858 2877 1019 2908 damnatus
1042 2883 1089 2907 est
1106 2877 1250 2912 vinculis,
1266 2881 1318 2907 aut
1340 2877 1370 2907 in
1397 2880 1553 2915 posterum
1583 2877 1634 2904 da-

179 2923 345 2960 mnabitur,
358 2924 385 2954 ei
404 2934 460 2963 pro
477 2934 521 2960 se,
537 2930 588 2955 aut
604 2924 654 2955 alii
671 2935 726 2964 pro
741 2936 788 2963 eo,
806 2935 972 2967 sponsores
989 2928 1178 2959 constituere
1194 2928 1293 2958 liceat.

875 2979 897 3014 3
926 2990 940 3014 1
