1923 3149
262 165 337 200 218
818 167 889 203 DE
921 166 1162 204 CORONA.

265 265 347 315 ejus
382 265 597 303 institutum
629 268 896 318 reprehendat,
929 270 997 307 sed
1028 270 1220 307 fortunam
1260 270 1449 321 vituperet
1479 283 1565 321 quae
1600 271 1716 308 talem

269 337 358 363 esse
374 338 497 364 rerum
518 334 696 366 eventum
717 330 861 368 voluit:
892 344 967 368 non
999 331 1147 368 medius
1169 331 1281 368 fidius
1314 345 1337 368 a
1365 332 1582 382 reipublicae
1614 346 1717 370 com-

272 387 396 425 modis
416 387 643 435 desciscere,
664 402 823 442 seseque
851 392 1076 430 adversariis
1108 391 1283 430 mercede
1303 392 1446 439 locato,
1464 393 1630 430 hostium
1650 406 1719 443 po-

269 448 344 484 tius
366 461 479 499 quam
509 450 641 500 patriae
666 453 902 502 temporibus
930 453 1134 496 inservire;
1167 466 1242 491 non
1269 466 1356 491 eum
1391 454 1455 504 qui
1488 466 1549 491 res
1568 454 1719 491 civitate

271 507 409 558 dignas
429 517 467 547 et
485 509 609 548 dicere
629 518 668 549 et
687 512 892 551 decernere
907 527 1023 552 ausus
1043 513 1168 559 fuerit,
1185 522 1224 552 et
1243 515 1279 551 in
1301 515 1437 553 iisdem
1465 521 1618 552 strenue
1637 527 1721 564 per-

270 569 418 616 stiterit,
438 572 664 619 obtrectare,
685 586 811 623 neque
831 575 859 612 si
880 575 1056 625 privatim
1092 577 1139 613 ab
1173 576 1300 627 aliquo
1334 577 1451 614 laesus
1485 577 1545 620 sit,
1567 576 1643 613 hoc
1662 589 1720 612 re-

269 630 418 668 cordari
438 638 478 669 et
496 632 679 670 memoria
698 634 916 678 custodire;
946 648 1024 673 non
1046 636 1211 686 denique
1230 637 1350 674 otium
1371 649 1485 686 agere
1505 636 1665 674 infidum
1685 642 1724 672 et

270 690 506 737 insidiosum,
526 693 628 742 quod
646 700 685 731 tu
707 693 801 733 facis
822 707 1100 746 saepenumero.

323 753 387 789 97.
419 753 493 791 Est
512 754 626 800 enim,
646 761 707 793 est
722 755 874 806 aliquod
895 757 1013 794 otium
1029 759 1178 809 justum
1198 771 1242 798 ac
1259 759 1351 796 utile
1367 759 1602 809 reipublicae,
1617 757 1723 808 quod

270 823 337 850 vos
356 813 530 864 plerique
549 814 652 852 cives
673 815 894 867 simpliciter
915 817 1200 868 amplectimini.
1239 820 1317 857 Sed
1336 832 1413 857 non
1433 819 1505 857 hoc
1520 819 1588 856 iste
1603 819 1724 856 otium

270 873 362 923 agit,
378 874 470 924 quin
490 875 653 913 multum
673 878 795 922 abest,
812 891 941 916 verum
958 880 1187 918 subtrahens
1203 893 1243 918 se
1256 881 1412 930 quando
1433 881 1466 918 ei
1486 880 1609 917 visum
1624 887 1681 916 est
1702 891 1725 916 a

268 935 621 988 republica-saepe
631 945 758 976 autem
771 939 895 977 visum
904 942 1199 978 est—observat
1210 954 1286 990 quo
1297 948 1469 991 tempore
1484 953 1552 977 vos
1568 941 1725 977 satietas

269 996 414 1046 ceperit
432 998 592 1035 oratoris
606 999 756 1037 assidue
773 999 949 1045 dicentis,
970 1007 1035 1037 aut
1054 1001 1202 1039 adversi
1223 1001 1365 1051 aliquid
1383 1014 1406 1038 a
1425 1000 1578 1038 fortuna
1593 1012 1725 1038 mana-

269 1056 330 1101 rit,
345 1063 412 1094 aut
428 1057 584 1096 aliunde
603 1059 800 1110 quippiam
816 1061 960 1099 tristius
980 1062 1326 1100 evenerit-multa
1353 1068 1480 1099 autem
1507 1060 1727 1110 hujusmodi

268 1116 342 1154 fert
353 1118 506 1156 vita—:
530 1118 671 1158 deinde
689 1121 762 1159 hoc
778 1122 863 1172 ipso
877 1130 1048 1173 tempore
1067 1129 1193 1162 orator
1212 1136 1260 1161 ex
1272 1123 1350 1161 otio
1366 1131 1523 1173 repente
1543 1129 1726 1172 tanquam

271 1178 383 1215 turbo
402 1182 582 1225 cooritur,
604 1188 655 1226 et,
676 1184 886 1220 exercitata
899 1196 994 1220 voce
1014 1190 1052 1219 et
1074 1185 1200 1220 verbis
1217 1197 1262 1221 ac
1278 1184 1495 1221 nominibus
1516 1183 1726 1233 congestis,

270 1238 374 1276 clare
387 1239 463 1277 ista
481 1252 637 1290 unoque
651 1239 783 1291 spiritu
803 1243 985 1289 concinit,
1004 1256 1091 1292 quae
1115 1256 1241 1293 neque
1261 1244 1464 1281 utilitatem
1486 1243 1651 1294 aliquam
1667 1243 1725 1281 fe—

268 1308 359 1338 runt
370 1313 497 1352 neque
509 1303 621 1339 bonae
635 1302 862 1353 cujusquam
879 1304 931 1341 rei
945 1304 1129 1350 fructum,
1144 1305 1211 1342 sed
1226 1311 1361 1343 contra
1373 1305 1631 1343 calamitatem
1646 1305 1727 1347 cui—

268 1360 364 1399 libet
374 1361 446 1399 civi
465 1362 595 1412 reique
613 1362 775 1413 publicae
795 1364 965 1402 dedecus
985 1365 1194 1414 important.
1226 1366 1343 1415 Atqui
1361 1365 1470 1403 istius
1490 1372 1727 1403 commenta-

269 1422 385 1461 tionis
398 1430 437 1461 et
451 1423 785 1471 studii,AEschine,
795 1424 826 1462 si
839 1425 993 1476 quidem
1007 1427 1055 1464 ab
1072 1427 1198 1465 animo
1212 1427 1362 1477 integro
1370 1427 1512 1478 quique
1524 1427 1728 1465 utilitatem

268 1483 403 1533 patriae
422 1485 495 1522 sibi
508 1485 743 1536 propositam
762 1485 905 1524 habeat
922 1495 1155 1534 nasceretur,
1170 1487 1320 1526 fructus
1342 1501 1551 1538 generosos
1571 1494 1609 1526 et
1627 1501 1727 1538 prae-

270 1544 394 1582 claros
414 1546 670 1596 omnibusque
691 1547 804 1585 utiles
825 1561 911 1586 esse
923 1551 1138 1600 oportebat,
1154 1550 1358 1588 societates
1374 1549 1538 1596 urbium,
1557 1549 1730 1587 subsidia

270 1607 536 1656 pecuniarum,
570 1614 809 1646 mercatuum
837 1616 1060 1657 structuras,
1089 1611 1221 1662 legum
1245 1610 1397 1649 utilium
1425 1610 1605 1656 lationes,
1638 1623 1726 1648 cum

269 1666 410 1717 apertis
428 1667 521 1718 reip.
545 1668 708 1706 inimicis
723 1676 924 1721 susceptas
945 1672 1229 1710 contentiones.
1287 1672 1386 1709 Haec
1416 1671 1517 1709 enim
1545 1671 1729 1722 superiori

270 1734 384 1765 aetate
401 1728 537 1779 dispici
557 1729 747 1776 solebant,
769 1730 952 1782 deditque
973 1732 1208 1782 praeteritum
1229 1740 1380 1784 tempus
1397 1732 1470 1771 civi
1489 1733 1592 1770 bono
1612 1738 1728 1782 atque

270 1788 436 1826 honesto
456 1790 598 1828 multas
618 1790 828 1830 voluntatis
845 1806 925 1830 suae
942 1793 1185 1831 declarandae
1219 1795 1453 1839 occasiones,
1473 1793 1614 1844 quibus
1636 1806 1728 1830 nus-

270 1862 386 1899 quam
405 1857 446 1887 tu
466 1851 664 1902 reperieris
683 1852 919 1898 interfuisse,
942 1867 1020 1893 non
1052 1855 1208 1904 primus,
1228 1867 1305 1893 non
1326 1854 1534 1900 secundus,
1554 1866 1632 1891 non
1651 1859 1728 1891 ter—

270 1909 358 1957 tius,
377 1923 455 1948 non
473 1918 647 1961 quartus,
669 1925 747 1950 non
766 1914 937 1963 quintus,
957 1928 1035 1953 non
1055 1922 1202 1961 sextus,
1223 1928 1299 1953 non
1317 1923 1630 1966 quotuscunque,
1650 1927 1728 1951 non

270 1970 428 2021 inquam
447 1983 535 2010 cum
555 1973 641 2012 inde
662 1974 785 2024 patria
805 1982 919 2014 aucta
938 1983 1054 2014 esset.
1113 1978 1212 2019 Quae
1225 1976 1327 2014 enim
1341 1977 1505 2015 societas
1518 1983 1556 2013 te
1570 1981 1728 2012 auctore

271 2032 416 2071 civitati
445 2041 669 2085 comparata
698 2034 788 2072 est?
817 2037 921 2086 quod
943 2038 1138 2084 auxilium,
1161 2050 1247 2089 quae
1267 2036 1539 2076 benevolentia
1560 2035 1728 2088 gloriave

270 2093 412 2145 parta?
441 2107 528 2145 quae
546 2101 615 2134 tua
634 2095 808 2146 legatio?
836 2110 924 2148 quae
954 2100 1184 2150 procuratio,
1210 2112 1276 2150 per
1303 2112 1419 2150 quam
1444 2099 1537 2149 reip.
1559 2096 1728 2147 dignitas

271 2162 482 2207 propagata
497 2156 572 2194 sit?
600 2169 685 2207 quae
705 2170 765 2196 res
786 2158 1012 2207 domestica,
1032 2173 1118 2211 quae
1140 2160 1372 2199 Graecanica
1403 2167 1442 2198 et
1475 2165 1646 2204 externa,
1667 2159 1728 2195 cui

271 2221 312 2252 tu
346 2217 556 2267 praefueris,
585 2224 652 2255 tua
687 2231 805 2270 opera
837 2228 1010 2263 correcta
1039 2221 1130 2260 est?
1158 2235 1246 2272 quae
1277 2219 1474 2260 triremes?
1504 2231 1591 2270 quae
1620 2218 1729 2256 tela?

271 2290 358 2327 quae
393 2278 569 2317 navalia?
598 2292 686 2329 quae
716 2292 910 2319 murorum
939 2282 1171 2321 instructio?
1207 2283 1272 2333 qui
1299 2279 1522 2332 equitatus?
1552 2292 1630 2330 qua
1663 2278 1729 2316 de-

272 2339 387 2389 nique
419 2339 458 2376 in
496 2352 535 2377 re
567 2346 607 2377 te
644 2341 776 2379 utilem
809 2342 1036 2393 praebuisti?
1072 2345 1175 2394 quod
1205 2344 1266 2381 vel
1297 2342 1478 2397 divitibus
1506 2340 1568 2378 vel
1596 2339 1728 2390 egenis

270 2399 381 2437 civile
415 2405 456 2437 et
486 2400 650 2438 amicum
674 2402 851 2451 pecuniae
883 2404 1096 2442 subsidium
1130 2405 1196 2442 abs
1225 2410 1262 2441 te
1290 2402 1495 2454 provenit?
1552 2400 1730 2440 Nullum.

271 2459 350 2497 Sed
368 2460 480 2507 heus,
507 2462 642 2510 inquiet
669 2462 810 2510 aliquis,
841 2464 872 2500 si
899 2463 991 2501 nihil
1015 2464 1162 2508 horum,
1186 2472 1225 2501 at
1257 2471 1359 2501 certe
1391 2461 1662 2507 benevolentia
1691 2467 1731 2498 et

271 2520 455 2558 studium.
515 2521 617 2558 Ubi?
646 2523 801 2572 quando
818 2522 834 2560 ?
874 2524 953 2573 qui,
984 2537 1006 2561 o
1036 2525 1205 2561 omnium
1243 2524 1439 2561 hominum
1481 2521 1729 2572 iniquissime,

270 2594 356 2619 cum
386 2582 514 2620 caeteri
543 2582 763 2632 quicunque
796 2595 964 2634 unquam
984 2584 1033 2622 de
1054 2591 1234 2635 suggesto
1255 2586 1372 2622 verba
1390 2585 1577 2628 fecerunt,
1598 2581 1648 2619 ad
1668 2593 1730 2618 sa-

271 2641 391 2680 lutem
425 2642 617 2693 publicam
647 2644 945 2690 contribuerent‚
978 2651 1017 2682 et
1050 2651 1244 2695 postremo
1267 2645 1506 2682 Aristonicus
1526 2642 1728 2694 pecuniam

270 2702 468 2753 dignitatis
496 2704 770 2754 recuperandae
801 2705 925 2755 gratia
953 2711 1129 2743 coactam
1163 2707 1372 2754 qfflmclerct.
1404 2718 1452 2742 ne
1472 2711 1554 2742 tum
1573 2702 1729 2753 quidem

268 2764 445 2814 prodiisti
477 2777 604 2816 neque
638 2766 843 2816 quicquam
874 2766 1054 2816 erogasti,
1086 2779 1162 2804 non
1192 2767 1297 2816 quod
1327 2764 1580 2816 egeres—qui
1600 2762 1729 2800 enim?

271 2824 330 2861 cui
348 2824 541 2864 hereditas
555 2832 787 2864 testamento
805 2825 976 2864 Philonis
993 2827 1115 2864 affinis
1129 2827 1291 2877 amplius
1305 2827 1473 2877 quinque
1493 2825 1728 2863 talentorum

268 2884 385 2930 venit,
422 2886 485 2937 qui
522 2887 598 2927 duo
631 2887 778 2928 talenta
809 2900 832 2928 a
863 2888 1045 2928 classium
1069 2888 1304 2939 principibus
1335 2888 1476 2926 donum
1503 2883 1728 2924 collatitium
