1923 3149
731 153 804 191 DE
832 150 1075 191 CORONA.
1547 145 1622 180 207

176 256 249 294 tios
269 268 353 294 esse
373 255 552 307 potitum,
576 256 829 307 frumentique
849 255 954 306 quod
985 254 1034 291 ad
1064 253 1225 290 Groecos
1245 250 1540 301 supportabatur
1554 247 1625 285 do-

177 315 321 354 minum
344 329 430 354 esse
447 317 606 363 sactum,
624 317 769 355 bellum
790 315 992 354 finitimum
1021 320 1135 364 atque
1154 319 1264 350 atrox
1284 324 1348 362 per
1365 310 1573 347 Thebanos
1588 308 1628 345 in

176 376 347 415 Atticam
370 378 576 421 invectum,
603 391 706 416 mare
726 384 882 430 propter
901 375 1127 427 praedonum
1154 386 1201 411 ex
1230 372 1378 409 Euboea
1408 371 1627 421 eruptiones

174 437 446 488 navigantibus
462 453 546 477 csse
563 438 762 476 clausum?
820 438 959 475 Nonne
979 436 1062 473 haec
1083 435 1258 472 dicerent
1272 432 1423 481 aliaque
1445 439 1629 481 praeterea

176 499 297 536 multa
312 499 326 535 ἲ
358 500 548 550 Improba,
562 500 830 544 Athenienses,
847 498 1020 548 improba
1035 509 1185 546 semper
1205 507 1264 532 res
1284 500 1344 530 est
1362 492 1626 537 calumniator,

174 567 213 596 et
227 559 481 610 undecunque
502 559 692 610 malignus
707 566 746 597 et
759 558 987 596 criminandi
1007 557 1172 608 cupidus
1188 569 1198 594 :
1229 556 1300 593 iste
1319 560 1446 591 autem
1466 553 1629 590 homun-

175 620 287 657 culus
313 627 351 658 et
371 627 504 658 natura
523 620 652 658 bellua
670 627 742 665 est,
760 620 826 671 qui
851 619 944 657 nihil
965 632 1133 669 unquam
1163 631 1185 656 a
1214 617 1337 668 prima
1356 620 1470 652 oetate
1491 615 1629 652 sinceri

176 681 278 726 fecit,
309 681 402 719 nihil
435 682 555 719 libero
589 681 709 732 digni,
739 681 848 719 simia
879 680 1154 732 tragoedorum,
1183 678 1353 717 rusticus
1396 675 1630 718 OEnomaus,

177 741 415 779 adulterinus
436 748 577 780 orator.
634 741 738 786 Quid
757 742 859 780 enim
873 748 942 779 tua
960 740 1115 778 dicendi
1142 738 1307 777 facultas
1326 737 1489 788 patriam
1502 735 1630 785 juvit?

174 801 289 840 Nunc
324 809 365 840 tu
398 804 508 841 nobis
543 803 590 842 de
619 803 821 854 praeteritis
854 803 972 841 verba
1004 800 1132 840 facis?
1189 800 1242 838 Ut
1273 798 1304 837 si
1334 799 1420 849 quis
1440 796 1630 842 medicus,

174 863 289 914 aegris
308 863 455 902 interea
474 865 568 902 dum
593 872 784 916 aegrotent
810 865 1022 916 ingressus,
1052 876 1130 901 non
1164 862 1268 900 dicat
1292 873 1417 911 neque
1440 859 1631 905 ostendat,

174 924 369 973 quomodo
383 926 516 964 morbo
535 927 762 973 liberentur,
781 927 849 966 sed
868 926 933 964 ubi
955 924 1092 964 obierit
1111 936 1242 962 eorum
1262 923 1400 973 aliquis
1428 922 1540 972 eique
1569 923 1633 972 ju-

176 991 236 1023 sta
255 986 397 1024 funeris
417 987 628 1035 solvantur,
645 1002 807 1038 pompam
826 988 877 1026 ad
894 987 1111 1039 sepulcrum
1132 992 1288 1024 secutus
1318 983 1463 1036 prolixe
1492 989 1633 1028 narret,

176 1046 218 1083 si
261 1046 352 1086 hoc
393 1055 442 1086 et
479 1049 614 1087 illud
655 1049 883 1088 fecisset
925 1050 1071 1087 homo
1112 1047 1229 1093 iste,
1258 1059 1358 1084 non
1387 1043 1634 1082 obiisset.

180 1105 418 1158 Stupefacte,
437 1122 538 1147 nunc
559 1110 715 1148 demum
729 1110 926 1162 loqueris?

230 1169 294 1204 72.
323 1169 413 1206 Jam
434 1183 523 1208 vero
542 1184 590 1208 ne
610 1171 760 1209 cladem
780 1172 936 1221 quidem
956 1172 1144 1207 illam—si
1166 1171 1202 1205 in
1219 1182 1265 1204 ea
1279 1167 1464 1211 exsultas,
1479 1173 1636 1216 propter

174 1240 291 1277 quam
316 1229 570 1278 ingemiscere
595 1237 648 1275 te,
677 1243 700 1266 o
729 1231 873 1274 scelus,
894 1227 1269 1279 oportebat—ullam
1297 1227 1346 1263 ob
1375 1239 1452 1264 rem
1481 1240 1570 1276 quae
1597 1227 1637 1264 in

173 1302 261 1326 mea
279 1296 474 1340 potestate
495 1291 569 1328 sita
587 1291 661 1328 fuit
695 1290 907 1341 contigisse
927 1289 1130 1326 invenietis
1151 1287 1385 1338 reipublicae.
1430 1288 1489 1325 Ita
1506 1295 1634 1326 autern

173 1363 253 1388 rem
272 1350 514 1401 perpendite.
572 1351 775 1402 Nusquam
795 1364 882 1402 ego,
898 1363 1130 1400 quocunque
1149 1348 1304 1399 legatus
1326 1360 1349 1385 a
1367 1347 1476 1384 vobis
1495 1347 1634 1385 missus

177 1411 413 1455 sum,victus
433 1425 601 1462 unquam
623 1412 787 1450 discessi
805 1425 828 1450 a
847 1411 1015 1462 Philippi
1044 1411 1195 1462 legatis,
1225 1423 1304 1448 non
1337 1422 1383 1447 ex
1419 1409 1636 1455 Thessalia,

175 1484 254 1509 non
274 1484 321 1509 ex
341 1473 563 1520 Ambracia,
583 1487 661 1511 non
683 1475 730 1512 ab
752 1473 908 1525 Illyriis,
930 1485 1006 1511 non
1031 1486 1054 1510 a
1074 1471 1249 1510 Thraciae
1270 1468 1439 1522 regibus,
1459 1483 1536 1508 non
1557 1471 1636 1522 By-

176 1534 314 1579 zantio,
333 1547 411 1572 non
430 1535 509 1572 ullo
529 1535 604 1573 alio
624 1549 670 1574 ex
690 1535 790 1581 loco,
810 1548 888 1573 non
921 1534 1086 1585 denique
1116 1547 1236 1584 nuper
1267 1532 1430 1570 Thebis:
1462 1532 1531 1569 sed
1550 1533 1634 1583 qui-

174 1596 248 1633 bus
267 1596 306 1633 in
325 1598 438 1635 rebus
459 1597 541 1649 ejus
560 1597 679 1649 legati
692 1597 781 1636 victi
808 1598 958 1635 fuerant
975 1597 1104 1641 verbo,
1124 1596 1194 1633 has
1221 1595 1284 1632 ille
1313 1594 1424 1632 armis
1455 1607 1637 1646 superve-

174 1657 284 1697 niens
303 1661 510 1698 evertebat.
568 1660 666 1699 Haec
685 1669 727 1699 tu
747 1660 862 1711 igitur
881 1673 904 1698 a
924 1672 983 1697 me
1003 1659 1159 1710 repetis,
1181 1670 1303 1708 neque
1331 1664 1370 1694 te
1390 1656 1513 1707 pudet
1539 1671 1635 1695 eun-

175 1719 263 1758 dem
291 1721 488 1759 hominem
517 1723 566 1760 ob
602 1722 799 1760 mollitiam
820 1721 996 1759 vellicare
1018 1727 1136 1770 utque
1158 1732 1292 1757 omnes
1315 1717 1484 1769 Philippi
1504 1719 1635 1770 copias

178 1794 276 1821 unus
295 1781 358 1820 ille
381 1790 535 1834 superet
553 1783 750 1834 postulare
767 1782 782 1819 ἲ
811 1783 926 1832 idque
947 1782 1094 1820 verbis:
1126 1781 1220 1833 quid
1239 1780 1339 1818 enim
1368 1779 1473 1817 aliud
1493 1780 1530 1816 in
1551 1793 1638 1818 mea

177 1848 368 1893 potestate
388 1844 554 1895 positum
575 1844 685 1883 erat?
714 1858 791 1882 non
810 1844 912 1882 enim
932 1844 1061 1882 anima
1079 1855 1203 1893 neque
1224 1842 1378 1879 fortuna
1406 1842 1639 1891 cujusquam

177 1917 309 1942 eorum
327 1907 392 1956 qui
422 1907 460 1945 in
492 1907 573 1945 acie
604 1913 802 1953 steterant,
834 1920 912 1945 non
944 1905 1229 1957 imperatorium
1248 1917 1402 1950 munus,
1423 1904 1533 1954 cujus
1553 1911 1595 1941 tu
1616 1917 1639 1942 a

179 1978 240 2003 me
259 1967 434 2015 postulas
455 1969 619 2006 rationes
636 1983 645 2006 ι
675 1981 797 2020 usque
818 1968 915 2006 adeo
935 1967 1101 2005 stolidus
1121 1979 1177 2004 eS.

233 2027 298 2063 73.
320 2028 377 2065 At
390 2041 549 2078 quarum
562 2042 684 2067 rerum
700 2036 828 2068 orator
839 2028 1026 2067 rationem
1040 2028 1181 2066 referre
1196 2027 1325 2072 debet,
1338 2025 1387 2063 de
1402 2025 1447 2062 iis
1464 2025 1636 2076 qualem-

180 2098 332 2137 cunque
355 2088 638 2139 inquisitionem
665 2091 782 2128 facito
799 2104 809 2128 ε
843 2103 921 2128 non
940 2103 1090 2128 recuso.
1119 2090 1310 2131 Quaenam
1323 2087 1440 2138 igitur
1454 2100 1501 2125 ea
1519 2087 1638 2125 sunt?

181 2146 408 2199 Prospicere
422 2150 529 2188 initia
543 2163 669 2188 rerum
696 2157 734 2188 et
752 2151 975 2201 praesentire
995 2157 1034 2188 et
1059 2149 1265 2201 praedicere
1286 2148 1369 2186 aliis
1386 2161 1395 2185 :
1414 2147 1498 2186 haec
1526 2161 1550 2186 a
1576 2162 1637 2187 me

182 2208 284 2247 facta
302 2217 406 2248 sunt.
463 2211 614 2249 Deinde
634 2224 721 2262 quae
737 2211 898 2262 singulis
916 2211 955 2248 in
974 2209 1140 2261 negotiis
1149 2209 1327 2247 incidunt
1343 2208 1557 2255 tarditates,
1578 2222 1640 2248 se-

181 2269 334 2321 gnitias,
344 2272 580 2318 inscientias‚
591 2272 874 2318 contentiones,
888 2285 974 2322 quae
987 2272 1103 2309 insita
1117 2278 1210 2308 sunt
1228 2270 1447 2308 civitatibus
1463 2270 1638 2308 omnibus

181 2339 221 2368 et
239 2333 454 2371 necessaria
466 2340 642 2385 peccata,
662 2346 708 2371 ea
726 2346 843 2384 quam
863 2332 1075 2371 arctissime
1094 2331 1358 2383 comprimere,
1377 2338 1416 2369 et
1435 2337 1570 2369 contra
1588 2331 1636 2370 ad

182 2393 427 2432 concordiam
464 2395 746 2445 amicitiamque
774 2401 813 2433 et
847 2395 1017 2433 studium
1031 2406 1034 2408 ·
1048 2391 1260 2445 peragendi
1292 2406 1379 2442 quae
1410 2405 1507 2443 opus
1547 2400 1638 2430 sunt

183 2452 377 2492 excitare:
406 2462 520 2508 atque
552 2456 636 2495 haec
667 2457 796 2495 omnia
822 2470 846 2494 a
875 2469 936 2494 me
966 2456 1070 2494 facta
1101 2462 1205 2500 sunt,
1224 2468 1348 2505 neque
1368 2453 1510 2504 aliquid
1533 2455 1639 2505 quis-

182 2525 300 2563 quam
318 2517 534 2555 mortalium
562 2518 726 2570 reperire
759 2526 891 2569 queat,
928 2517 1033 2569 quod
1065 2529 1088 2554 a
1118 2529 1179 2554 me
1213 2523 1400 2567 quantum
1420 2516 1528 2566 potui
1557 2522 1639 2553 erat

183 2576 494 2624 praetermissum.
549 2578 590 2616 Si
615 2580 717 2631 quis,
734 2580 849 2630 igitur
883 2591 1152 2630 quemcunque
1190 2584 1314 2628 roget,
1349 2577 1488 2627 quibus
1522 2577 1638 2613 rebus

183 2634 384 2688 Philippus
403 2640 607 2677 maximam
627 2653 758 2678 eorum
775 2654 862 2690 quae
882 2639 1003 2691 gessit
1022 2646 1170 2690 partem
1189 2638 1411 2688 expedierit,
1429 2636 1639 2686 responde-

183 2697 281 2734 bunt
302 2711 435 2737 omues
472 2701 720 2739 exercitu
767 2709 817 2740 et
855 2700 1139 2753 promissis
1185 2698 1480 2750 pretioque
1529 2709 1639 2733 cor-

186 2760 500 2810 rumpendis
547 2761 613 2799 iis
661 2764 748 2813 qui
793 2764 952 2801 rebus
998 2768 1153 2800 erant
1193 2758 1457 2812 praefecti.
1516 2757 1639 2794 Exer-

182 2818 305 2857 citum
324 2821 437 2871 igitur
458 2835 583 2872 neque
601 2822 640 2859 in
659 2836 745 2860 mea
763 2830 957 2874 potestate
975 2823 1162 2861 habebam
1182 2834 1305 2871 neque
1331 2819 1523 2857 ducebam
1551 2831 1638 2869 ego,

188 2882 242 2933 ita
254 2895 379 2933 neque
398 2897 530 2922 eorum
548 2897 635 2935 quoe
654 2884 704 2922 ibi
720 2890 829 2935 gesta
847 2892 939 2923 sunt
966 2885 1062 2923 ratio
1088 2884 1138 2922 ad
1158 2896 1215 2920 me
1235 2883 1420 2933 pertinet:
1451 2879 1521 2918 sed
1540 2880 1639 2918 enim
