1923 3149
688 358 739 411 A
772 358 824 412 U
856 357 912 412 G
940 358 990 411 E
1025 357 1079 411 R
1106 358 1134 411 Ι

759 479 1082 527 ANALYSlS

350 599 706 644 ‘ORATIONIS
740 602 952 644 DICTAE
984 602 1071 644 DE
1100 600 1464 644 HALONESO.

818 709 1058 754 Propositum.

234 781 450 822 QUANQUAM
468 779 632 814 servabat
645 789 771 824 pacem
786 789 872 814 cum
890 779 1035 813 civitate
1053 776 1266 812 Atheniensi
1282 778 1415 811 factam
1441 777 1639 822 Philippus,

186 845 259 870 non
276 836 348 870 otio
366 838 487 869 tamen
504 834 716 878 indulgebat
726 847 735 876 ;
759 834 822 868 sed
839 834 875 868 in
891 833 1047 869 Thracia
1063 835 1099 866 et
1115 833 1239 866 multis
1256 833 1332 866 aliis
1349 833 1386 866 in
1407 832 1497 866 locis
1515 835 1639 877 poten·

186 892 274 925 tiam
307 892 465 936 augebat
491 901 606 934 suam,
633 890 703 924 alia
728 890 940 934 subigendo,
966 888 1037 923 alia
1061 888 1284 933 accipiendo,
1310 888 1380 921 alia
1410 889 1538 932 opibus
1566 889 1640 921 suis

186 947 333 981 tuendo.
383 947 486 981 Inter
502 949 622 980 cetera
638 956 739 980 suam
757 945 892 979 fecerat
907 944 1135 980 Halonesum
1159 954 1242 988 quae
1261 942 1347 976 olim
1364 942 1640 976 Atheniensium

186 1002 313 1045 fuerat,
331 1006 491 1048 tuncque
508 1013 531 1036 a
547 1002 671 1046 piratis
687 1002 888 1043 tenebatur,
908 1003 945 1035 et
962 1000 1143 1042 Cardiam,
1160 999 1344 1033 civitatem
1361 998 1396 1032 in
1416 998 1639 1033 Chersoneso

186 1067 259 1090 non
283 1056 598 1098 contemnendam,
615 1058 652 1090 in
670 1056 777 1090 fidem
794 1066 896 1089 suam
913 1057 1098 1098 receperat
1115 1065 1157 1088 ac
1174 1054 1338 1088 tutelam.
1379 1053 1447 1086 His
1464 1052 1577 1087 territi
1596 1052 1640 1086 si-

186 1113 262 1145 mul
279 1114 316 1145 et
342 1113 422 1146 irati
438 1111 691 1153 Athenienses,
709 1110 997 1145 Demosthenem
1014 1111 1051 1142 et
1078 1108 1166 1142 alios
1188 1109 1225 1142 in
1252 1107 1545 1151 Peloponnesum
1571 1107 1638 1141 mi-

186 1168 316 1207 serant,
343 1166 406 1211 qui
422 1166 516 1199 illius
531 1165 685 1208 regionis
710 1166 872 1198 civitates
899 1164 1071 1197 adversus
1099 1163 1348 1197 Macedonum
1374 1173 1494 1205 regem
1520 1162 1642 1196 conci-

184 1223 316 1261 tarent,
333 1231 450 1264 eoque
470 1220 694 1254 adducerent
725 1222 764 1252 ut
789 1218 842 1252 illi
866 1217 1071 1251 resisterent
1095 1218 1191 1251 sacta
1215 1227 1340 1250 secum
1360 1216 1542 1250 societate.
1571 1216 1640 1250 His

183 1274 244 1308 illc
261 1274 394 1308 anxius
413 1274 509 1307 misit
521 1274 684 1308 Athenas
702 1272 900 1316 Pythonem
920 1283 1002 1306 cum
1022 1272 1183 1316 epistola,
1200 1271 1305 1314 cujus
1323 1271 1506 1314 praecipua
1521 1270 1641 1314 capita

184 1340 232 1363 ex
249 1328 328 1373 ipsa
338 1329 495 1363 oratione
513 1327 776 1372 cognoscimuS,
798 1338 880 1372 quae
898 1327 1104 1370 singulatim
1121 1326 1276 1360 refutare
1292 1328 1410 1358 orator
1433 1324 1641 1368 aggreditur

181 1385 406 1430 quicumque
424 1385 481 1418 sit.
519 1384 565 1418 In
582 1394 625 1417 eo
642 1383 754 1417 critici
773 1382 1005 1416 consentiunt
1022 1382 1219 1416 orationem
1241 1392 1311 1415 non
1329 1391 1406 1414 csse
1426 1380 1641 1414 Demosthe-

183 1440 249 1481 nis,
267 1451 380 1484 quum
397 1450 441 1473 ea
456 1439 600 1474 Atticas
616 1439 762 1482 quidem
782 1448 940 1481 veneres,
957 1441 997 1472 ut
1009 1437 1095 1471 mihi
1111 1438 1235 1471 saltem
1251 1437 1407 1477 videtur,
1425 1439 1460 1469 at
1477 1447 1548 1470 non
1567 1436 1639 1470 Dc-

182 1495 445 1529 rnosthcnicam
462 1494 633 1528 exhibeat
650 1493 912 1538 eloquentiam,
950 1492 1040 1526 Ideo
1057 1495 1178 1528 autem
1195 1493 1288 1526 inter
1304 1491 1484 1525 orationes
1503 1490 1638 1524 Demo-

181 1549 361 1583 sthenieas
377 1550 491 1583 relata
516 1548 585 1582 fuit
600 1548 686 1592 quia
713 1558 760 1582 ex
783 1547 967 1583 AEschinis
989 1547 1194 1581 testimonio
1219 1548 1363 1580 constat
1386 1545 1639 1579 concionatum

183 1606 270 1638 tunc
301 1604 409 1638 fuisse
438 1603 735 1637 Demosthenem.
784 1602 922 1637 Melius
951 1602 1145 1643 diceretur,
1176 1601 1378 1646 Responsio
1411 1601 1457 1634 ad
1483 1599 1639 1644 Philippi

183 1658 384 1703 epistolam,
402 1660 512 1702 atque
530 1659 576 1691 ob
602 1657 639 1691 id
656 1658 838 1692 duntaxat
855 1657 900 1691 de
918 1656 1106 1691 Haloneso
1124 1657 1257 1690 dietam
1271 1655 1380 1689 fuisse
1399 1655 1525 1700 liquet,
1542 1655 1638 1698 quod

181 1712 337 1756 primum
354 1715 464 1757 caput
479 1716 516 1745 et
532 1711 693 1756 epistolae
711 1711 777 1745 fuit
795 1714 831 1745 ct
844 1711 1084 1756 responsionis
1101 1713 1156 1744 est
1171 1711 1217 1744 de
1231 1709 1430 1743 Haloneso.

829 1805 1036 1840 Exordium.

228 1887 332 1922 Dicit
343 1890 460 1922 orator
476 1898 537 1921 eos
554 1887 617 1931 qui
633 1896 698 1931 pro
710 1886 793 1929 jure
813 1885 1088 1919 Atheniensium
1111 1885 1248 1925 dicunt,
1266 1895 1331 1928 per
1354 1884 1504 1918 crimina
1521 1895 1541 1917 a
1559 1885 1641 1918 Phi-

180 1943 279 1987 lippo
295 1943 382 1986 ipsis
399 1942 543 1985 objecta
560 1952 631 1975 non
662 1941 791 1976 debere
810 1940 989 1985 prohiberi
1015 1940 1210 1984 quominus
1238 1939 1348 1973 libere
1365 1939 1637 1974 concionentur.

181 1998 314 2043 Itaque
330 1998 492 2042 suscipit,
508 1999 545 2030 et
569 2008 612 2031 ea
628 1996 673 2031 de
701 1997 832 2041 quibus
849 1996 992 2040 scripsit
1006 1995 1196 2040 Philippus
1213 1995 1337 2029 ordine
1364 2005 1583 2039 percurrere,
1604 1998 1640 2028 et

180 2053 295 2097 ipsius
309 2054 509 2097 legatorum
526 2052 676 2086 orationi
695 2052 925 2097 respondere.

230 2111 275 2142 1⁰.
307 2108 365 2142 De
378 2107 565 2142 Haloneso
581 2107 759 2143 scribebat
776 2107 964 2151 Philippus
978 2117 1057 2141 eam
1072 2106 1225 2140 insulam
1244 2117 1347 2140 suam
1361 2117 1438 2140 esse
1456 2105 1542 2150 quia
1559 2115 1636 2138 eam

180 2174 202 2197 a
218 2163 414 2197 latronibus
431 2163 624 2207 eripuerat,
654 2173 691 2196 se
708 2165 829 2196 tamen
846 2173 926 2196 eam
945 2164 1079 2197 donare
1097 2161 1390 2203 Atheniensibus,
1415 2164 1576 2195 ceterum
1600 2172 1637 2194 se

179 2217 225 2252 de
247 2217 315 2252 hac
331 2229 369 2252 re
386 2217 477 2251 velle
490 2216 628 2260 judicio
654 2217 819 2262 experiri.
865 2217 961 2252 Haec
988 2217 1056 2251 tria
1082 2217 1272 2261 impugnat
1296 2220 1428 2259 orator,
1454 2216 1638 2260 arguendo

179 2272 319 2307 scilieet
346 2273 570 2307 Halonesum
600 2283 673 2306 non
701 2282 778 2305 esse
796 2272 951 2316 Philippi
975 2272 1062 2317 quia
1086 2282 1166 2305 eam
1198 2271 1397 2305 latronibus
1427 2270 1568 2315 cripuit,
1594 2282 1636 2304 ac

180 2328 330 2372 proinde
347 2328 513 2373 iniquum
530 2339 609 2363 esse
626 2327 832 2361 donationis
849 2327 1084 2368 vocabulum,
1110 2326 1188 2370 jam
1212 2337 1297 2360 vero
1322 2326 1511 2359 abhorrere
1538 2337 1558 2358 a
1584 2326 1638 2360 di-

180 2383 318 2425 gnitate
334 2382 608 2417 Atheniensium
623 2385 665 2416 ut
680 2382 749 2426 ipsi
763 2383 807 2416 de
824 2382 949 2416 insulis
965 2384 1105 2416 certent
1121 2381 1452 2425 coramjudicibus.

227 2439 278 2470 2⁰.
314 2438 428 2471 Pacta
443 2438 613 2482 quaedam
641 2434 677 2471 et
694 2439 877 2471 conventa
902 2437 948 2471 ab
970 2436 1184 2471 Atheniensi
1200 2437 1347 2470 civitate
1363 2436 1539 2481 poscebat
1557 2436 1640 2469 Ma-

182 2491 361 2524 cedonum
379 2503 455 2526 rex.
491 2492 747 2526 Ostenduntur
765 2491 843 2525 haec
867 2494 976 2536 pacta
992 2495 1029 2526 ct
1044 2492 1274 2526 fraudulenta
1290 2502 1367 2524 esse
1385 2494 1422 2524 et
1437 2491 1589 2524 inutilia.

226 2548 278 2579 3⁰.
309 2545 410 2579 Illius
425 2547 661 2581 hortationem
680 2547 725 2581 de
743 2546 977 2591 praedonibus
1001 2547 1244 2580 communiter
1260 2545 1439 2591 pellendis
1464 2545 1639 2579 evincitur

181 2609 259 2633 csse
277 2599 382 2633 valde
398 2600 618 2635 insidiosam.

227 2655 279 2688 4⁰.
307 2653 366 2687 De
388 2656 488 2698 pacis
504 2655 754 2690 emendatione
770 2666 881 2699 quam
909 2657 943 2688 et
962 2655 1151 2700 Philippus
1179 2655 1330 2700 epistola
1347 2658 1384 2688 et
1400 2654 1561 2698 ejusdem
1588 2653 1635 2686 le-

164 2709 255 2760 ygati
286 2709 405 2743 verbis
436 2711 696 2754 concedebant,
728 2710 821 2744 hanc
851 2711 1122 2745 concessionem
1154 2711 1279 2744 falsam
1302 2721 1379 2744 esse
1414 2710 1638 2743 demonstrat

180 2765 312 2797 orator.

228 2820 278 2851 5⁰.
306 2819 425 2863 AEque
443 2818 571 2853 salsum
598 2822 653 2853 est
672 2819 913 2854 Athenienses
929 2820 1026 2864 ipsos
1050 2820 1250 2855 decrevisse
1272 2817 1429 2864 Philippi
1454 2828 1530 2851 esse
1548 2817 1636 2851 Am-

182 2871 365 2917 phipolim,
385 2874 481 2917 quod
503 2874 608 2917 paulo
625 2874 738 2908 fusius
759 2875 969 2910 ostenditur.
