1923 3149
249 209 327 246 444
663 209 888 248 CONTRA
916 210 1290 248 TIMOCRATEM.

250 309 395 354 rendis,
415 309 550 360 quibus
565 323 635 350 nec
651 312 772 362 optari
791 312 948 350 meliora
962 312 1120 362 possint,
1137 318 1251 362 atque
1264 311 1358 348 inter
1372 310 1475 348 cives
1487 307 1695 347 concordia

251 370 467 416 conciliata,
495 371 746 409 immortalem
768 374 826 410 sui
853 373 1072 410 memoriam
1094 373 1338 422 reliquerunt,
1359 384 1424 408 eos
1444 383 1532 408 vero
1549 371 1613 420 qui
1640 370 1694 406 ita

249 430 434 476 vixerant,
462 438 505 469 ut
534 439 575 469 tu
609 433 795 470 hactenus
828 434 954 470 studio
986 433 1054 470 tibi
1083 433 1262 477 habuisti,
1293 433 1374 469 foro
1403 430 1692 481 prohibuerunt.

250 491 332 530 Vos
353 499 495 538 autem,
514 492 785 539 Athenienses,
805 494 842 530 in
862 506 944 531 eam
977 493 1135 530 adducti
1155 493 1247 530 estis
1267 500 1306 529 et
1325 491 1547 529 facilitatem
1578 497 1617 526 et
1636 489 1692 538 ig-

248 553 413 597 naviam,
434 560 476 590 ut
503 554 680 604 exempla
699 555 791 592 talia
817 568 904 592 cum
929 554 1116 600 habeatis,
1145 566 1191 591 ea
1218 561 1345 591 tamen
1375 565 1454 590 non
1483 550 1693 593 imitemini,

247 614 317 650 sed
339 614 525 652 Androtio
546 616 650 653 vobis
672 628 863 653 sacrorum
885 627 1059 653 vasorum
1083 614 1131 652 sit
1150 615 1337 652 refector:
1369 612 1571 656 Androtio,
1587 623 1610 648 o
1639 610 1690 646 dii

247 674 495 713 immortales.
547 676 596 713 Et
624 675 724 713 hanc
757 676 836 713 ulla
864 676 1056 727 impietate
1089 676 1163 713 alia
1189 676 1373 712 minorem
1407 671 1574 711 ducitis?
1608 671 1692 721 Ego

248 735 355 772 enim*
370 736 541 781 arbitror,
557 735 620 785 qui
640 748 768 773 sacras
784 736 886 772 oedes
901 736 1149 786 ingrediatur,
1166 736 1229 786 qui
1249 734 1430 772 malluvia
1449 740 1488 770 et
1505 732 1693 770 canistros

248 795 425 846 attingat,
461 796 525 846 qui
553 808 654 833 enrae
685 796 898 833 divinarum
931 809 1054 834 rerum
1080 797 1236 846 praesit:
1266 809 1350 833 enm
1385 807 1461 832 non
1493 793 1609 831 modo
1643 792 1692 829 ad

248 863 395 893 certum
417 856 564 906 aliquot
591 856 738 894 dierum
766 863 915 907 tempus
943 863 1090 894 castum
1119 870 1202 894 esse
1233 855 1386 901 debere,
1407 855 1475 892 sed
1497 867 1563 905 per
1581 848 1692 890 omne

246 917 413 967 spatium
445 917 568 954 aetatis
599 917 647 955 ab
679 917 896 955 istiusmodi
933 917 1070 954 studiis
1105 916 1224 954 fnisse
1257 929 1390 967 purum
1429 921 1617 965 oportere,
1654 914 1692 950 in

247 977 385 1026 quibus
405 984 557 1015 aetatem
574 978 643 1016 iste
659 978 910 1028 consumpsit.

299 1039 365 1074 43.
395 1039 452 1075 Ac
481 1039 528 1076 de
547 1038 606 1076 his
633 1039 786 1090 quidem
806 1052 873 1089 per
894 1038 1031 1076 otium:
1063 1051 1149 1076 cum
1169 1050 1257 1076 vero
1286 1038 1333 1075 de
1352 1037 1411 1075 his
1430 1049 1516 1087 quae
1535 1049 1605 1087 pro
1625 1035 1692 1073 de-

245 1099 420 1137 fensione
439 1099 665 1137 Timocratis
681 1100 754 1138 iste
772 1100 956 1138 allaturus
977 1106 1050 1144 est,
1068 1100 1177 1149 plura
1196 1099 1310 1136 etiam
1328 1098 1493 1136 dicenda
1511 1097 1692 1135 haberem

247 1165 386 1209 praeter
401 1159 498 1208 haec,
512 1160 696 1198 desinam.
727 1161 867 1208 Quem,
882 1161 1034 1198 tametsi
1047 1160 1216 1197 inutilem
1226 1159 1334 1197 vobis
1346 1159 1443 1196 hanc
1456 1171 1539 1196 esse
1551 1158 1695 1207 legem,

248 1226 286 1257 et
300 1227 434 1258 contra
449 1233 581 1258 omnes
598 1220 704 1272 leges
724 1222 973 1265 inculcatam,
995 1227 1033 1258 et
1051 1221 1099 1257 ab
1114 1220 1216 1257 omni
1229 1227 1335 1271 parte
1350 1220 1534 1269 iniquam,
1554 1231 1694 1268 negare

247 1294 325 1318 non
343 1293 457 1331 posse
477 1289 715 1332 compertum
734 1283 884 1320 habeo:
925 1282 1051 1319 dicere
1075 1288 1205 1318 tamen
1231 1281 1345 1318 audio
1366 1281 1568 1332 pecuniam
1589 1279 1691 1316 illam

247 1341 407 1379 solvisse
444 1341 738 1386 Androtionem,
772 1342 1018 1385 Glaucetem‚
1050 1349 1088 1379 et
1122 1341 1393 1392 Melanopum;
1422 1340 1581 1391 proinde
1611 1352 1693 1376 om-

246 1402 353 1440 nium
375 1402 614 1452 iniquissime
641 1416 772 1440 secum
804 1410 931 1440 actum
961 1403 1017 1447 iri,
1040 1403 1071 1439 si
1095 1401 1339 1439 nihilominus
1371 1401 1450 1452 ipse
1478 1401 1691 1445 damnetur,

247 1477 336 1500 cum
355 1462 407 1499 illi
423 1463 582 1500 fecerint
600 1464 782 1514 quicquid
803 1476 955 1513 aequum
975 1470 1046 1508 est,
1066 1474 1134 1512 pro
1150 1463 1289 1512 quibus
1310 1475 1394 1500 eum
1416 1462 1550 1500 tulisse
1570 1461 1693 1510 legem

246 1523 346 1560 hanc
366 1523 621 1561 criminemur.
667 1524 764 1561 Mihi
783 1537 870 1561 vero
889 1523 994 1560 nullo
1020 1522 1135 1560 modo
1159 1523 1450 1560 concedendum
1481 1522 1515 1559 ei
1544 1521 1695 1559 videtur

246 1585 320 1621 hoc
334 1584 529 1634 effugium.
567 1584 668 1622 Nam
690 1585 719 1621 si
740 1585 871 1622 fateris
893 1591 929 1622 te
950 1597 1018 1634 pro
1038 1583 1120 1621 istis
1140 1584 1273 1621 tulisse
1293 1584 1432 1634 legem,
1454 1596 1551 1634 quos
1569 1583 1695 1620 officio

245 1645 402 1682 functos
430 1657 513 1682 esse
540 1645 649 1689 dicis,
670 1658 715 1682 eo
736 1645 889 1682 nomine
915 1651 952 1681 te
973 1645 1146 1682 damnari
1169 1652 1299 1695 aperte
1322 1652 1484 1695 oportet,
1513 1643 1616 1694 quod
1637 1657 1696 1680 re-

247 1712 371 1756 ceptae
386 1706 509 1755 leges,
530 1706 743 1743 secundum
765 1720 859 1756 quas
879 1706 917 1742 hi
938 1718 978 1743 se
998 1705 1521 1756 pronunciaturosjurarnnt‚
1540 1705 1695 1742 omnino

247 1767 495 1813 interdicunt,
517 1780 564 1803 ne
585 1780 662 1817 qua
687 1767 762 1812 lex,
784 1767 854 1803 nisi
870 1780 956 1816 quae
975 1779 1020 1803 ex
1042 1779 1154 1816 aequo
1171 1766 1220 1802 ad
1240 1779 1372 1803 omnes
1387 1766 1489 1803 cives
1511 1764 1697 1815 pertineat

247 1829 392 1865 seratur
412 1840 421 1864 ε
452 1828 511 1865 sin
531 1834 568 1865 te
587 1828 730 1865 bonum
751 1828 948 1878 publicum
969 1817 1166 1877 spectasse
1186 1827 1383 1876 rogatione
1400 1833 1466 1863 tua
1480 1826 1598 1872 dices,
1619 1826 1695 1862 noli

249 1888 451 1926 solutionis
461 1889 620 1926 istorum
633 1888 1007 1937 meminisse,--quae
1023 1888 1069 1924 ab
1080 1887 1153 1924 ista
1167 1887 1252 1936 lege
1265 1900 1421 1937 prorsus
1434 1887 1559 1924 aliena
1571 1893 1696 1931 est—‚

250 1951 321 1988 sed
342 1951 468 2000 legem
489 1950 609 2000 ipsam
636 1963 656 1987 e
686 1950 879 1999 republica
899 1962 998 1993 esse,
1025 1956 1202 1998 recteque
1219 1961 1303 1986 esse
1329 1949 1460 1993 latam,
1479 1948 1516 1984 id
1543 1948 1696 1986 doceto.

250 2012 352 2049 Nam
371 2011 444 2048 hoc
464 2011 557 2048 illud
578 2017 650 2056 est,
671 2010 778 2061 cnjus
794 2010 915 2061 gratia
935 2016 973 2047 et
988 2018 1028 2046 tu
1043 2016 1081 2047 te
1096 2009 1228 2047 tulisse
1247 2009 1367 2054 dicas,
1381 2016 1419 2046 et
1437 2021 1510 2058 ego
1522 2009 1588 2058 qui
1603 2021 1695 2046 con-

249 2073 405 2110 trarium
421 2071 468 2108 de
484 2084 530 2109 ea
545 2072 719 2117 sentiam,
735 2072 959 2114 accusarim,
975 2079 1015 2107 et
1031 2070 1078 2108 de
1094 2084 1170 2120 quo
1185 2071 1244 2107 his
1260 2070 1449 2107 sententia
1465 2070 1513 2107 sit
1524 2069 1698 2109 ferenda.

248 2136 479 2184 Quanquam
499 2140 624 2170 autem
645 2133 683 2169 id
704 2145 856 2182 quoque
877 2132 1079 2169 ostendere
1107 2144 1274 2184 possem,
1297 2131 1445 2181 quidvis
1464 2144 1529 2168 eos
1557 2131 1695 2168 fecisse

249 2195 390 2246 potius,
411 2206 524 2245 quam
555 2207 608 2230 aes
639 2193 817 2238 alienum,
843 2194 896 2231 ita
926 2199 968 2230 ut
997 2192 1103 2242 leges
1128 2192 1278 2243 jubent,
1310 2191 1546 2229 dissolvisse.
1595 2192 1696 2234 Quia

250 2264 379 2294 tamen
398 2267 467 2292 vos
487 2266 532 2291 ea
551 2253 597 2290 de
619 2267 658 2290 re
673 2253 881 2305 judicaturi
899 2266 974 2290 non
999 2254 1101 2299 estis,
1125 2266 1306 2303 quorsum
1337 2253 1472 2289 attinet
1501 2265 1559 2289 me
1587 2252 1694 2289 vobis

250 2330 296 2355 co
317 2314 651 2354 commemorando
673 2327 774 2351 nunc
794 2314 996 2351 obturbare
1011 2315 1026 2350 ’ἐ

304 2378 369 2412 44.
399 2375 572 2412 Arbitror
590 2382 774 2425 praeterea
793 2374 883 2420 fore,
901 2382 941 2411 ut
961 2387 1031 2412 nec
1046 2373 1104 2410 his
1126 2374 1364 2422 sermonibus
1384 2373 1586 2417 abstineat,
1608 2386 1694 2411 Cum

249 2440 330 2488 ipse
349 2435 555 2485 scripserit,
575 2448 624 2472 nc
644 2435 729 2483 quis
758 2435 1004 2471 Atheniensis
1023 2434 1223 2478 vinciatur,
1252 2434 1379 2483 inique
1408 2445 1536 2470 secum
1566 2442 1694 2472 actum

250 2499 308 2543 iri,
329 2497 358 2533 si
380 2495 468 2532 mali
488 2495 679 2545 quippiam
701 2496 781 2545 ipse
805 2495 920 2536 ferat;
952 2501 1002 2539 et,
1025 2501 1066 2531 ut
1083 2494 1187 2542 leges
1208 2506 1321 2543 quam
1342 2493 1544 2530 lenissimae
1565 2494 1642 2531 sint
1658 2502 1697 2532 et

251 2556 579 2599 moderatissimae,
597 2570 617 2593 c
638 2569 676 2592 rc
693 2556 1002 2593 tenuissimorum
1023 2567 1109 2592 esse
1129 2555 1166 2591 in
1185 2554 1327 2604 primis.
1377 2555 1516 2604 Operae
1536 2555 1694 2604 pretium

252 2618 365 2657 suerit
381 2617 508 2667 igitur,
524 2628 590 2652 vos
609 2629 755 2659 omnes,
776 2623 816 2651 ut
839 2629 884 2652 ne
906 2615 994 2652 suco
1011 2615 1083 2651 isto
1103 2614 1301 2651 verborum
1321 2613 1574 2663 decipiamini,
1591 2615 1696 2665 prius

252 2677 395 2729 aliquid
412 2676 614 2714 audivisse.
649 2677 746 2713 Nam
760 2676 788 2712 si
804 2676 955 2719 dixerit,
972 2681 1015 2712 ut
1028 2675 1161 2723 nequis
1181 2674 1471 2711 Atheniensium
1490 2675 1693 2712 vinciatur:

254 2756 300 2778 ne
320 2752 387 2776 vos
407 2743 619 2788 praetereat,
641 2749 726 2773 cum
748 2737 906 2773 mentiri.
950 2737 1081 2785 Neque
1102 2735 1200 2772 enim
1223 2736 1294 2773 hoc
1315 2736 1475 2784 rogavit,
1495 2735 1562 2772 sed
1586 2736 1695 2779 illud,

252 2811 294 2839 ut
313 2799 512 2850 exigendae
531 2798 686 2835 mulctae
707 2798 912 2835 auctoritas
934 2797 1038 2834 vobis
1060 2797 1303 2842 adimeretur,
1324 2804 1441 2846 utque
1461 2796 1695 2846 suffragium,

254 2875 340 2900 cnm
359 2859 620 2911 jureJurando‚
649 2858 927 2908 disceptatione
951 2856 1147 2907 etjudicio
1174 2858 1309 2901 latum,
1339 2858 1483 2894 irritum
1515 2855 1691 2894 efficeret.

255 2923 391 2971 Neque
412 2927 457 2958 ea
476 2921 590 2957 verba
612 2933 632 2957 e
655 2919 741 2969 lege
762 2919 910 2969 seligat,
933 2931 1018 2968 quae
1047 2926 1137 2956 sunt
1163 2918 1437 2956 humanissima
1464 2917 1608 2963 auditu,
1626 2916 1694 2955 sed
