1923 3149
307 103 355 139 68
698 106 902 145 ORATIO
935 107 1007 145 DE
1039 106 1347 146 HALONESO.

307 212 346 242 at
365 213 497 244 notum
517 209 694 247 omnibus
723 211 886 262 priorem
913 211 1033 249 fuisse
1063 224 1235 250 mensem
1261 223 1348 249 eum
1376 223 1452 262 quo
1474 224 1550 263 pax
1570 212 1672 250 facta
1694 219 1756 251 est

305 279 420 316 quam
439 281 515 318 quo
535 270 600 308 illa
619 271 762 322 oppida
781 279 896 323 capta
919 280 1023 310 sunt.
1081 272 1200 310 Porro
1228 272 1280 309 ait
1304 278 1494 322 quotquot
1524 272 1562 310 in
1592 272 1694 311 bello
1731 284 1753 310 e

303 328 436 366 vestris
455 330 600 369 civibus
623 333 743 383 [capti
760 333 867 382 sint],
887 345 954 371 eos
975 334 1147 384 captivos
1173 346 1214 371 se
1236 333 1342 370 vobis
1367 332 1604 378 reddidisse;
1635 347 1754 385 quum

304 388 537 441 Carystium,
557 401 698 431 nostrae
714 395 877 432 civitatis
898 394 1102 446 hospitem,
1121 395 1230 445 cujus
1260 394 1328 431 viri
1358 395 1605 445 resposcendi
1633 395 1756 446 gratia

303 463 372 488 vos
398 459 473 491 tres
499 455 710 506 legationes
739 456 907 503 misistis,
939 462 1019 495 tam
1049 456 1294 494 vehementer
1322 455 1484 494 voluerit
1515 457 1623 494 vobis
1659 469 1752 495 con-

302 512 460 563 donare,
486 524 528 555 ut
560 518 682 569 ipsum
718 519 959 566 interfecerit,
991 531 1064 557 nec
1102 518 1290 556 interfecti
1326 519 1493 557 cadaver
1522 518 1671 558 dederit
1701 519 1752 558 ad

297 576 547 627 sepulturam.

359 639 419 675 10.
449 639 538 677 Jam
559 640 607 679 de
628 641 868 680 Chersoneso
886 656 932 681 ea
951 655 1038 694 quae
1057 643 1107 682 ad
1125 657 1193 683 vos
1213 644 1355 683 scribat
1373 642 1608 695 perpendere
1636 640 1751 679 suerit

302 711 429 750 operae
449 702 637 751 praetium,
652 710 690 740 et
710 710 848 754 praeter
866 703 949 742 haec
969 704 1083 742 etiam
1103 717 1150 743 ea
1168 719 1255 757 quae
1273 706 1353 756 agit
1371 715 1618 755 cognoscere.
1648 701 1750 740 Nam

300 759 427 798 locum
448 775 600 808 omnem
623 763 686 815 qui
700 770 806 802 extra
822 764 961 803 Forum
978 772 1050 813 est,
1072 774 1114 804 ut
1134 780 1244 804 suurn
1265 773 1302 804 et
1320 766 1412 804 nihil
1433 765 1482 802 ad
1502 776 1569 802 vos
1586 762 1750 801 attinen-

299 826 392 866 tem,
409 822 652 874 Apollonidoe
673 825 869 863 Cardiano
897 825 1103 864 fruendum
1121 827 1324 866 concessit.
1380 825 1498 877 Atqui
1519 824 1750 863 Chersonesi

297 881 437 921 limites
462 891 552 923 sunt
580 898 657 923 non
688 885 843 932 Forum,
865 886 934 925 sed
964 900 1030 925 ara
1058 888 1166 926 Jovis
1197 888 1435 934 ¹terminalis,
1455 900 1542 937 quae
1565 893 1625 924 est
1651 886 1750 922 intra

298 942 476 983 Pteleum
493 953 532 983 et
560 946 761 993 ²Leucam,
781 959 857 997 quo
875 947 913 984 in
933 947 1018 985 loco
1038 948 1142 986 fossa
1167 949 1347 987 ducenda
1373 948 1446 986 fuit
1478 960 1555 997 qua
1576 946 1744 984 Cherso-

296 1016 412 1042 nesus
442 1007 778 1046 disterminaretur.
850 1008 894 1045 Id
925 1009 1028 1058 quod
1059 1022 1134 1047 arae
1163 1010 1357 1061 inscriptio
1387 1009 1494 1047 Jovis
1518 1007 1748 1046 ¹terminalis

296 1064 450 1105 indicat.
509 1069 607 1110 Qum
629 1068 822 1119 sicjacet:

637 1189 739 1218 Limes
752 1189 826 1219 utin
842 1190 941 1219 medio
960 1192 1070 1220 Leuca}
1086 1191 1247 1230 Pteleique
1263 1196 1392 1227 notetur,

721 1239 800 1269 Haeo
816 1251 934 1270 summo
947 1241 1052 1279 pulcra
1069 1247 1114 1271 est
1130 1252 1181 1271 ara
1192 1248 1310 1273 saerata
1326 1243 1409 1274 Jovi.

636 1291 684 1320 Ne
701 1290 832 1329 populos
846 1292 946 1321 turbet
961 1292 1126 1327 contentio,
1136 1293 1280 1333 Juppiter
1292 1294 1359 1333 ipse

723 1341 791 1371 Rex
811 1352 952 1381 superum
965 1343 1189 1372 mediuslimite
1208 1344 1305 1383 signat
1321 1353 1420 1384 agros.

292 1447 381 1487 Hac
418 1449 534 1499 igitur
567 1452 722 1502 regione
748 1464 834 1502 quae
861 1458 970 1490 tanta
996 1458 1055 1490 est
1082 1460 1263 1504 quantam
1297 1457 1437 1490 norunt
1466 1451 1636 1503 plerique
1675 1464 1739 1489 ve-

292 1517 426 1557 strum,
445 1511 583 1561 partim
603 1520 646 1549 ut
664 1525 734 1550 sua
754 1513 835 1563 ipse
855 1513 1005 1559 fruitur,
1024 1514 1161 1563 partim
1183 1514 1265 1551 aliis
1285 1526 1370 1550 eam
1390 1513 1494 1550 dono
1517 1512 1636 1558 dedit,
1657 1525 1740 1550 om-

290 1583 436 1621 nesque
455 1572 717 1622 possessiones
744 1579 891 1611 vestras
924 1573 996 1610 sibi
1024 1573 1205 1611 vindicat.
1265 1573 1346 1611 Nec
1368 1586 1452 1611 earn
1472 1573 1740 1611 tantummodo

286 1638 449 1682 usurpat
468 1634 662 1684 regionem
681 1647 767 1685 quae
787 1642 895 1672 extra
915 1634 1057 1672 Forum
1078 1642 1150 1681 est,
1172 1635 1240 1673 sed
1260 1642 1299 1673 et
1317 1635 1354 1672 in
1375 1635 1446 1673 hac
1461 1634 1624 1685 epistola
1644 1635 1738 1673 scri-

284 1693 341 1730 bit
358 1707 427 1732 vos
456 1702 631 1746 oportere
650 1709 738 1733 cum
764 1695 965 1734 Cardianis
998 1696 1062 1746 qui
1094 1696 1194 1734 intra
1227 1695 1368 1733 Forum
1397 1696 1573 1733 habitant
1593 1696 1738 1746 judicio

281 1755 506 1806 transigere,
527 1756 558 1794 si
576 1770 653 1807 qua
672 1757 776 1795 vobis
809 1770 897 1794 curn
932 1757 1005 1794 illis
1037 1757 1294 1795 controversia
1324 1756 1385 1804 sit,
1406 1770 1494 1795 cum
1516 1756 1735 1803 Cardianis,

282 1815 453 1865 inquam,
473 1818 536 1868 qui
569 1817 606 1854 in
640 1817 783 1855 ditione
819 1825 948 1856 vestra
983 1818 1256 1856 consederunt.
1315 1818 1567 1856 Considerate
1606 1824 1735 1855 autern

284 1892 374 1916 num
395 1892 512 1930 parva
531 1879 579 1917 de
600 1892 638 1917 re
659 1879 713 1917 illi
728 1880 925 1917 vobiscum
944 1886 1246 1918 controvertant.
1306 1879 1355 1918 Se
1385 1880 1520 1918 dicunt
1538 1879 1736 1929 regionem

284 1939 450 1978 incolere
470 1954 555 1991 quae
570 1953 640 1978 sua
658 1941 718 1985 sit,
740 1947 781 1978 et
800 1952 876 1978 non
896 1948 1023 1978 vestra
1040 1954 1049 1984 ;
1080 1947 1120 1978 et
1138 1941 1324 1992 quidquid
1343 1953 1412 1978 vos
1427 1941 1476 1978 ibi
1492 1940 1736 1991 possideatis,

282 2000 323 2038 id
342 2014 410 2039 vos
426 2002 623 2052 possidere
640 2008 823 2053 tanquam
842 2002 881 2038 in
907 2001 1030 2039 aliena
1062 2001 1206 2040 ditione
1234 2010 1398 2053 parturn,
1425 2008 1464 2039 at
1483 2014 1570 2053 quoe
1589 2001 1660 2052 ipsi
1680 2008 1736 2040 te—

284 2069 415 2109 neant,
436 2075 477 2100 se
511 2070 641 2101 tenere
670 2070 853 2114 tanquam
880 2062 1022 2100 fundos
1051 2063 1089 2099 in
1119 2076 1189 2100 sua
1218 2069 1342 2107 terra;
1372 2070 1411 2100 et
1427 2063 1512 2101 haec
1531 2063 1650 2101 civem
1671 2076 1736 2101 ve·

282 2130 420 2169 strum,
457 2123 678 2175 Callippum
709 2123 989 2171 Poeaniensem,
1016 2123 1172 2162 decreto
1206 2124 1416 2175 scripsisse.
1473 2124 1516 2161 In
1536 2136 1612 2174 quo
1630 2123 1734 2161 haud

279 2198 373 2224 sane
390 2186 639 2231 mentiuntur,
658 2185 813 2236 scripsit
827 2184 942 2223 enim.
1000 2185 1125 2228 Quem
1145 2198 1264 2236 quum
1277 2198 1350 2236 ego
1364 2185 1587 2222 violatarum
1601 2184 1731 2235 legum

276 2260 384 2285 reum
403 2248 595 2293 fecissem,
617 2260 685 2285 vos
702 2247 934 2285 absolvistis.
994 2246 1161 2285 Proinde
1177 2246 1215 2284 id
1235 2245 1363 2284 effecit
1377 2253 1420 2283 ut
1437 2258 1484 2283 ea
1509 2245 1558 2283 de
1577 2245 1731 2295 regione

278 2309 470 2347 haberetis
495 2308 807 2347 controversiam.
866 2307 983 2352 Quod
1008 2309 1039 2346 si
1057 2320 1126 2346 vos
1147 2320 1224 2345 uon
1244 2306 1403 2358 pudebit
1422 2306 1470 2343 de
1485 2306 1559 2344 hoc
1578 2307 1615 2343 in
1623 2306 1728 2357 judi-

279 2371 379 2409 cium
399 2370 526 2408 venire
545 2377 680 2408 contra
700 2369 915 2408 Cardianos
935 2376 1063 2407 utrum
1094 2382 1141 2407 ea
1169 2368 1274 2420 regio
1294 2375 1435 2414 vestra,
1455 2381 1502 2406 an
1522 2380 1611 2406 vero
1630 2369 1729 2419 ipso-

275 2445 358 2470 rum
377 2431 438 2478 sit,
457 2444 526 2470 cur
544 2444 622 2468 non
638 2431 775 2469 eodem
796 2431 909 2468 etiam
925 2437 1060 2468 contra
1081 2428 1327 2468 Chersonitas
1351 2428 1518 2479 reliquos
1545 2429 1630 2480 jure
1657 2429 1729 2466 uti·

275 2493 397 2530 mini?
453 2492 557 2534 Quin
578 2492 739 2530 insultat
756 2491 865 2529 vobis
888 2491 984 2529 adeo
998 2490 1295 2536 contumeliose,
1316 2497 1358 2527 ut
1384 2490 1472 2536 aiat,
1493 2489 1524 2527 si
1545 2489 1728 2528 Cardiani

274 2554 402 2592 venire
435 2555 471 2591 in
497 2553 685 2604 judicium
706 2560 898 2597 recusent,
922 2565 963 2590 se
983 2564 1049 2590 eos
1078 2559 1299 2590 coacturum
1318 2564 1326 2588 :
1357 2551 1466 2601 quasi
1485 2563 1575 2589 vero
1590 2563 1657 2589 vos
1679 2564 1728 2589 ne

275 2615 489 2654 Cardianos
527 2614 679 2665 quidem
714 2613 868 2664 possitis
901 2613 1056 2663 adigere
1087 2613 1136 2651 ad
1167 2625 1213 2650 ea
1239 2613 1347 2650 vobis
1382 2611 1604 2662 praestanda
1639 2625 1725 2663 quoe

271 2677 373 2726 justa
395 2683 497 2714 sunt.
555 2675 671 2719 Quod
687 2687 805 2726 quum
818 2687 884 2712 vos
901 2675 1115 2725 nequeatis,
1137 2674 1217 2725 ipse
1232 2687 1273 2712 se
1286 2673 1369 2711 illos
1386 2673 1434 2711 ad
1453 2673 1490 2710 id
1507 2673 1724 2712 faciendum

412 2796 416 2813 ¹
447 2793 594 2823 Montani.
634 2792 755 2822 Wori.
1088 2794 1100 2811 2
1120 2791 1224 2822 Albam
1246 2793 1361 2821 Aetam.
1406 2791 1508 2822 IDEM-
