1923 3149
288 207 362 242 288
708 205 992 244 ADVERSUS
1025 205 1319 243 LEPTINEM.

293 323 419 351 tamen
444 315 563 364 ipsam
585 316 707 366 legem
739 317 972 355 recitandam
993 318 1148 355 curabo.
1180 316 1287 366 Cape
1308 315 1430 365 legem
1451 314 1745 352 trierarchicam,

291 384 329 413 et
348 376 420 413 hoc
441 377 537 413 colon
559 377 689 415 recita.
738 378 873 417 Recita
891 383 899 415 !

954 500 1075 537 LEX.

375 586 522 617 'l'riremis
533 587 717 617 instruenda:
731 597 818 616 nemo
837 586 875 616 sit
890 586 1044 621 immunis,
1060 585 1244 616 novemviris
1260 584 1410 614 duntaxat
1426 584 1576 623 exceptis.

293 669 457 717 Videtis,
477 671 746 715 Athenienses,
775 683 888 720 quam
914 670 1128 722 perspicuis
1157 670 1280 708 verbis
1307 670 1393 720 lege
1418 670 1467 707 sit
1489 676 1657 714 cautum,
1686 683 1710 712 n
1726 682 1746 706 e

291 731 402 780 quis
435 731 753 769 instruendae
784 731 1013 768 triremis
1038 731 1268 768 immunis
1298 731 1381 776 sit,
1399 730 1628 768 novemviris
1649 729 1747 766 dun-

290 798 397 829 taxat
422 792 607 842 exceptis.
646 792 759 829 Unde
779 799 950 843 apparet,
971 806 1131 843 quorum
1152 805 1245 843 opes
1277 799 1315 830 et
1341 793 1462 843 copiae
1484 792 1650 829 minores
1672 791 1749 829 sint

290 866 405 902 quain
431 862 474 890 nt
507 854 699 891 armandis
726 854 885 891 navibus
915 855 991 891 sint
1010 867 1134 905 pares,
1155 867 1221 892 eos
1243 854 1385 903 alioqui
1408 854 1553 891 tributa
1572 853 1747 891 conferre

291 914 339 951 ad
356 914 517 952 bellurn:
542 915 711 965 quivero
727 915 998 965 locupletiores
1012 922 1113 961 sunt,
1128 915 1178 952 ad
1199 922 1401 964 utrumque
1421 914 1528 952 vobis
1548 915 1627 951 fore
1647 914 1747 958 usui,

290 983 328 1014 et
347 976 616 1027 rempublicam
637 990 725 1014 cum
744 977 903 1014 navibus
924 983 1003 1014 tum
1024 976 1105 1014 aliis
1128 975 1276 1013 tributis
1297 975 1507 1023 adjuturos.
1539 975 1636 1018 Quae
1659 984 1750 1012 sunt

290 1038 417 1087 igitur,
439 1038 610 1088 Leptine,
631 1038 728 1088 legis
750 1044 826 1075 tuae
846 1036 1151 1082 commoditates,
1170 1037 1308 1087 quibus
1329 1042 1481 1073 tantum
1501 1048 1599 1073 onus
1627 1048 1650 1073 a
1668 1048 1750 1074 cer-

289 1098 437 1135 vicibus
471 1098 687 1136 tenuiorum
707 1098 853 1136 amoliri
879 1104 917 1135 te
947 1097 1116 1143 dictitas,
1145 1097 1177 1134 si
1205 1096 1316 1134 unius
1349 1105 1466 1147 atque
1499 1096 1655 1134 alterius
1683 1096 1748 1134 tri-

289 1159 362 1197 bus
390 1173 508 1197 unum
535 1160 700 1210 aliquem
734 1160 976 1210 praebitorem
1002 1158 1260 1204 constitueris,
1280 1159 1345 1209 qui
1370 1172 1439 1209 pro
1464 1158 1540 1195 alio
1569 1157 1750 1209 quopiam

291 1221 410 1258 semel
429 1221 584 1259 aedilitio
604 1234 759 1259 munere
788 1221 959 1266 functus,
980 1220 1075 1258 nihil
1094 1219 1259 1271 amplius
1281 1233 1368 1257 cum
1388 1232 1434 1257 ea
1458 1232 1497 1257 re
1516 1220 1661 1270 negotii
1678 1219 1748 1257 ha-

288 1283 436 1321 biturus
455 1283 543 1322 est?
574 1283 766 1334 Equidem
782 1282 876 1320 nihil
890 1281 1077 1333 ejusmodi
1091 1281 1200 1319 video
1215 1295 1224 1319 ε
1256 1287 1297 1319 at
1310 1282 1385 1319 ista
1396 1281 1556 1326 ratione,
1571 1281 1749 1319 universa

291 1344 436 1391 civitas,
455 1345 624 1397 perfidiae
644 1345 799 1382 crimine
819 1344 1074 1394 ignominiose
1093 1343 1238 1394 passim
1257 1342 1491 1381 traducetur.
1523 1342 1662 1380 Nonne
1678 1342 1748 1393 igi-

290 1413 365 1452 tur,
383 1420 470 1444 cum
490 1420 539 1444 ex
560 1406 632 1444 ista
649 1407 734 1457 lege
753 1406 841 1457 plus
863 1404 1048 1442 malorum
1066 1417 1180 1455 quam
1200 1404 1392 1442 commodi
1411 1403 1567 1450 oriatur,
1586 1417 1653 1454 per
1678 1404 1749 1441 hos

291 1469 355 1518 qui
377 1482 479 1506 nunc
492 1468 673 1517 judicant
696 1481 742 1505 ea
771 1473 829 1505 est
849 1465 1105 1517 abroganda?
1134 1472 1237 1503 certe
1264 1465 1421 1516 quidem
1440 1477 1526 1502 mea
1547 1465 1749 1503 sententia.

346 1530 382 1566 9.
413 1530 622 1575 Praeterea,
640 1529 804 1580 judices,
826 1541 915 1566 cum
942 1528 979 1564 in
1012 1528 1093 1578 ejus
1122 1527 1209 1578 lege
1239 1527 1443 1578 perspicue
1474 1527 1657 1577 scriptum
1688 1527 1750 1573 sit,

293 1592 546 1629 neminem
579 1604 739 1641 neque
771 1589 984 1636 civium,
1014 1601 1180 1638 neque
1219 1588 1549 1639 municipum,
1594 1601 1749 1639 neque

290 1654 554 1705 hospitum
590 1665 707 1691 esse
743 1658 962 1702 oportet
980 1664 1000 1687 e
1038 1650 1338 1688 immunem:
1374 1663 1500 1700 neque
1536 1649 1750 1696 definitum,

291 1716 351 1768 cuj
359 1730 401 1754 us
423 1715 476 1753 rei
508 1715 731 1761 immunem,
745 1720 875 1751 utrum
888 1711 1049 1758 aedilitii,
1065 1725 1114 1750 an
1130 1711 1292 1762 alicujus
1312 1711 1468 1749 alterius
1482 1711 1663 1757 muneris,
1680 1712 1750 1750 sed

290 1777 403 1829 plane
423 1778 655 1815 neminem
686 1789 768 1814 ess
784 1789 805 1813 e
847 1774 1122 1820 immunem,
1144 1773 1370 1825 exceptis
1394 1772 1667 1810 Harmodii
1705 1781 1752 1812 et

293 1838 671 1890 Aristogitonis
691 1843 838 1889 poste
854 1837 944 1874 ris:
967 1836 1058 1873 dum
1082 1836 1236 1873 nemin
1250 1848 1320 1873 em
1340 1834 1405 1884 ait,
1424 1847 1559 1872 omnes
1575 1847 1751 1886 compre-

290 1901 426 1940 hendit
439 1908 603 1947 ceteros,
617 1900 709 1938 dum
736 1900 762 1936 h
775 1912 797 1937 0
810 1912 826 1937 s
836 1912 860 1949 p
874 1898 912 1936 it
924 1911 948 1934 u
965 1911 1001 1934 m
1030 1896 1176 1947 adjicit,
1190 1909 1268 1934 non
1284 1895 1561 1946 distinguendo
1575 1895 1673 1933 inter
1684 1908 1750 1934 eos

291 1964 357 2014 qui
370 1962 533 2000 Athenis
548 1962 743 2004 habitant;
777 1961 892 1998 etiam
911 1959 1110 2005 Leucona,
1127 1958 1292 2008 Bospori
1310 1957 1538 2008 principem,
1560 1963 1598 1994 et
1612 1956 1750 1995 liberos

293 2025 374 2077 ejus
391 2024 535 2063 donata
554 2036 576 2061 a
596 2022 704 2061 vobis
723 2022 962 2060 immunitate
980 2020 1132 2072 spoliat,
1163 2019 1234 2057 Est
1251 2020 1352 2057 enim
1371 2018 1518 2064 Lenco,
1532 2018 1637 2068 quod
1658 2019 1752 2056 satis

293 2093 462 2130 constat,
477 2098 614 2136 genere
626 2084 865 2136 peregrinus,
875 2090 1003 2121 vestro
1017 2089 1145 2120 autem
1158 2080 1346 2119 beneficio
1361 2080 1398 2117 in
1408 2079 1600 2118 civitatem
1609 2079 1753 2118 adscri-

291 2154 380 2199 ptus
395 2160 404 2184 :
426 2147 530 2198 quod
550 2147 580 2184 si
593 2146 719 2197 legem
733 2146 846 2183 istam
863 2145 1152 2196 amplectemur,
1165 2149 1342 2181 neutrum
1361 2141 1520 2179 istorum
1534 2141 1568 2178 ei
1582 2141 1754 2192 proderit

295 2209 344 2247 ad
360 2209 639 2246 immunitatem
661 2207 917 2245 retinendam.
948 2206 1151 2243 Enimvero
1167 2204 1230 2242 alii
1242 2204 1419 2254 quibene
1434 2202 1558 2240 meriti
1577 2209 1680 2248 sunt,
1701 2202 1750 2240 ad

294 2278 447 2321 tempus
468 2269 622 2320 aliquod
641 2270 804 2319 quisque
829 2269 937 2305 vobis
969 2267 1279 2305 commodarunt:
1311 2265 1415 2302 hunc
1441 2277 1545 2310 verO,
1564 2264 1595 2301 si
1625 2264 1751 2302 consi-

296 2332 449 2378 deretis,
473 2330 685 2382 apparebit,
705 2337 902 2380 nunquam
922 2329 958 2366 in
978 2341 1046 2366 vos
1069 2327 1242 2366 conferre
1261 2326 1448 2365 beneficia
1467 2325 1682 2370 destitisse;
1713 2334 1752 2365 et

295 2397 376 2442 ejus
397 2393 548 2444 generis
563 2392 764 2436 beneficia,
779 2404 866 2441 quae
882 2390 1101 2441 reipublicae
1121 2389 1284 2426 maxime
1300 2394 1390 2424 sunt
1405 2388 1637 2425 necessaria.
1670 2388 1753 2427 Nec

296 2454 396 2492 enim
415 2454 487 2491 hoc
510 2453 618 2491 vobis
647 2454 852 2490 obscurum
873 2459 947 2496 est,
969 2464 1038 2488 nos
1058 2449 1215 2488 aliunde
1234 2449 1439 2498 importato
1460 2447 1651 2487 frumento
1671 2462 1752 2487 om—

297 2516 400 2553 nium
432 2514 649 2552 mortalium
669 2514 724 2551 uti
745 2513 922 2564 plurimo.
973 2511 1089 2555 Quod
1107 2512 1151 2557 si,
1168 2509 1351 2561 quicquid
1380 2508 1561 2546 frumenti
1592 2523 1640 2547 ex
1667 2511 1752 2549 aliis

298 2577 477 2629 emporiis
492 2577 670 2614 omnibus
686 2575 886 2614 advehitur
905 2575 943 2612 in
955 2587 1075 2611 unum
1097 2572 1330 2617 conferatur,
1350 2584 1426 2609 non
1440 2577 1568 2609 tamen
1585 2572 1753 2622 aequabit

299 2652 363 2678 eas
392 2639 522 2690 copias
542 2650 628 2688 quae
649 2649 697 2674 ex
726 2649 803 2674 uno
823 2635 949 2673 Ponto
979 2634 1230 2673 advehuntur.
1279 2632 1418 2683 Neque
1438 2645 1529 2671 vero
1557 2632 1597 2671 id
1617 2633 1752 2671 mirum

299 2709 379 2740 est:
414 2701 457 2738 fit
477 2699 578 2738 enim
596 2711 673 2736 non
693 2698 780 2736 ideo
801 2698 940 2744 solum,
961 2696 1052 2747 quia
1070 2696 1179 2734 locus
1199 2695 1262 2732 ille
1281 2694 1462 2733 frumenti
1482 2702 1542 2733 est
1563 2695 1753 2732 feracissi-

299 2776 399 2809 mus,
418 2761 488 2800 sed
508 2761 579 2799 hac
600 2773 752 2811 quoque
772 2759 821 2796 de
848 2771 966 2796 causa
994 2756 1098 2808 quod
1121 2757 1260 2803 Leuco‚
1282 2757 1362 2808 ejus
1381 2757 1458 2794 loci
1478 2756 1668 2802 dominus,
1686 2769 1752 2795 eos

299 2826 364 2875 qui
394 2824 626 2862 frumentum
656 2821 828 2859 Athenas
868 2820 1063 2858 advehunt
1098 2818 1338 2857 immunitate
1372 2818 1544 2864 donavit,
1576 2817 1753 2869 edicique

296 2886 426 2937 jussit,
453 2893 497 2923 ut
521 2884 650 2936 primis
680 2883 735 2921 eis
765 2894 922 2920 onerare
952 2893 1068 2918 naves
1098 2880 1242 2918 liceret.
1284 2879 1385 2917 Nam
1411 2891 1488 2929 qua
1516 2878 1752 2917 immunitate

302 2949 383 2998 ipse
411 2960 494 2985 cum
516 2946 644 2985 liberis
672 2945 750 2984 suis
784 2944 930 2990 fruitur,
963 2955 1047 2982 eam
1082 2943 1188 2980 vobis
1223 2941 1399 2980 omnibus
1430 2939 1625 2990 impertiit.-
1665 2939 1752 2978 Jam
