1923 3149
555 189 772 228 CONTRA
807 188 1259 228 ARISTOCRATEM.
1564 190 1638 226 387

182 291 281 327 Cum
302 290 424 341 leges,
444 291 714 337 Athenienses,
734 291 929 343 praeclarae
961 291 1093 328 multae
1125 291 1214 337 sint,
1234 290 1339 328 haud
1372 291 1451 329 scio
1480 303 1528 329 an
1559 292 1640 330 ulla

181 351 270 389 huic
302 353 360 390 vel
390 354 626 403 praestantia,
657 354 717 391 vel
749 354 932 403 aequitate
967 353 1014 390 sit
1046 353 1302 403 praeferenda.
1371 353 1640 405 Considerate,

180 425 327 462 quaeso,
346 420 491 463 quanta
509 413 688 464 aequitate
709 420 746 451 et
765 413 1007 451 humanitate
1025 408 1074 449 sit
1091 412 1258 451 condita.
1291 414 1337 451 Si
1366 427 1419 464 qu
1432 414 1482 460 is,
1502 415 1639 466 inquit,

181 475 397 512 violenta
424 482 572 513 morte
609 475 918 514 occubuerit.
974 473 1144 511 Primum
1174 474 1262 524 quia
1289 474 1507 525 adscripsit,
1540 477 1638 515 vio-

183 535 225 572 le
239 543 337 582 nta,
367 535 583 586 significare
603 536 734 582 voluit,
755 536 786 573 si
808 549 874 586 per
903 535 1078 586 injuriam
1097 536 1147 572 sit
1164 535 1333 573 occisus.
1391 536 1423 572 C
1437 546 1587 587 ognat
1602 538 1638 575 is

183 597 391 647 pignora
432 609 613 647 capere
655 597 814 635 licere
855 596 1012 633 donec
1050 603 1138 634 aut
1166 595 1315 634 caedis
1345 609 1544 634 causam
1573 599 1641 636 ‹li-

184 658 358 699 xerint
385 665 473 695 aut
501 657 788 695 homicidas
834 656 1159 695 dediderint.
1217 657 1485 703 Considerate,
1524 672 1642 710 quam

182 719 294 756 bene.
351 718 462 755 Prius
481 731 638 757 causam
661 717 735 755 dici
750 718 856 764 velit,
872 717 976 768 quod
995 718 1027 754 si
1047 718 1183 764 nolint,
1203 724 1292 769 post
1311 718 1400 756 dedi
1429 720 1642 770 imperavit,

183 781 241 817 sin
262 780 398 817 horum
418 786 624 830 utrumque
640 779 871 826 detrectent,
891 780 1101 830 pignora
1128 779 1192 818 lic
1206 793 1286 818 ere
1328 794 1348 818 c
1363 781 1445 832 api
1484 794 1508 818 u
1523 795 1607 832 squ
1621 796 1643 820 e

182 840 240 878 ad
268 847 284 878 t
297 853 383 886 res,
412 853 437 878 n
450 854 473 878 o
488 853 511 877 n
540 841 585 878 ul
600 848 690 878 tra.
747 841 893 878 Contra
911 847 1031 878 totam
1046 840 1162 891 igitur
1180 842 1308 892 legem
1328 842 1428 880 hanc
1447 842 1644 881 decretum

179 901 324 939 factum
344 908 416 939 est.
472 901 641 939 Primum
658 902 773 947 enim,
794 902 825 939 si
843 902 930 952 quis
955 901 1154 947 occiderit,
1172 903 1389 948 scribendo,
1410 916 1486 942 non
1502 904 1647 942 adscri-

179 962 270 1013 psit,
283 962 436 1013 injuste,
455 969 522 1003 aut
539 962 737 1009 violenter,
758 963 849 1000 nihil
869 963 1022 1000 omnino
1042 963 1233 1014 denique:
1263 964 1403 1002 deinde
1422 968 1646 1016 priusquam

181 1036 338 1061 causam
367 1024 443 1061 dici
469 1023 641 1075 jusserit,
675 1025 804 1062 statim
826 1024 979 1075 scripsit
1008 1022 1124 1062 licere
1156 1025 1321 1063 abduci:
1350 1032 1538 1076 praeterea
1570 1027 1645 1067 lex,

182 1086 214 1123 si
235 1099 361 1136 neque
373 1099 531 1126 causam
547 1086 710 1124 dixerint
725 1086 763 1124 hi
777 1086 878 1136 apud
893 1098 991 1136 quos
1011 1086 1119 1123 facta
1134 1087 1261 1125 caedes
1281 1094 1353 1132 est,
1367 1101 1492 1138 neque
1513 1095 1645 1126 sontes

184 1146 417 1193 dediderint,
430 1154 564 1185 contra
576 1147 648 1184 hos
668 1147 871 1198 pignorum
892 1147 1110 1198 captionem
1132 1148 1182 1185 ad
1202 1155 1281 1185 tres
1297 1161 1419 1198 usque
1439 1149 1646 1187 concedit:

183 1209 258 1246 iste
293 1220 382 1246 vero
413 1208 485 1246 hos
520 1208 621 1246 omni
651 1208 810 1246 crimine
835 1208 1022 1254 liberavit,
1051 1208 1160 1246 nulla
1188 1222 1344 1259 prorsus
1378 1222 1510 1247 eorum
1542 1210 1649 1249 facta

184 1270 392 1307 mentione.
467 1270 545 1307 Sed
575 1273 656 1317 jam
689 1269 931 1308 exsulantem
961 1271 1198 1320 (quanquam
1238 1277 1377 1308 natura
1408 1277 1445 1308 et
1476 1272 1649 1310 omnium

184 1330 401 1368 mortalium
431 1330 624 1368 communi
658 1330 842 1381 suffragio
871 1331 1122 1381 comprobata
1141 1330 1228 1380 lege
1250 1331 1503 1369 constitutum
1525 1332 1585 1377 sit,
1606 1340 1650 1371 ut

184 1391 295 1429 exsul
325 1390 568 1439 admittatur)
602 1391 633 1429 si
670 1391 736 1442 qui
765 1391 1016 1442 susceperint,
1037 1391 1223 1429 societate
1252 1391 1440 1430 foederum
1462 1394 1648 1439 excludit,

186 1452 400 1503 supplicem
421 1452 460 1489 ni
479 1452 710 1489 dediderint.
768 1452 936 1490 Proinde
969 1459 1048 1490 turn
1071 1453 1162 1503 quia
1186 1466 1263 1490 non
1284 1455 1464 1505 apposuit
1490 1455 1648 1493 modum

187 1514 318 1559 caedis,
353 1520 432 1549 tum
465 1513 555 1563 quia
580 1513 769 1564 judicium
800 1526 878 1550 non
911 1513 1097 1557 nominat,
1130 1521 1213 1551 tum
1245 1515 1337 1564 quia
1378 1528 1511 1565 poenas
1547 1514 1649 1567 exigi

185 1588 265 1612 non
291 1575 416 1625 jubet,
433 1582 514 1611 tum
534 1574 625 1624 quia
644 1574 712 1611 dat
730 1574 901 1625 undique
921 1575 1274 1626 comprehendendi
1306 1575 1545 1623 facultatem,
1566 1584 1650 1614 tum

182 1636 277 1686 quia
311 1648 378 1673 eos
415 1635 480 1686 qui
504 1635 731 1686 receperint,
751 1648 827 1672 non
860 1648 926 1673 eos
957 1635 1059 1686 apud
1096 1649 1194 1686 quos
1226 1637 1329 1674 sacta
1362 1637 1489 1674 caedes
1523 1637 1650 1684 fuerit,

187 1696 313 1747 puniri
339 1696 465 1746 jubet,
494 1696 610 1733 rebus
641 1695 808 1747 denique
841 1697 1018 1735 omnibus
1046 1696 1146 1736 hanc
1172 1711 1328 1749 quoque
1347 1698 1472 1749 legem
1493 1699 1652 1739 decreto

186 1770 259 1796 suo
279 1756 450 1795 violavit.

242 1819 306 1859 22,
336 1818 420 1868 Age
440 1824 665 1870 sequentem
682 1818 813 1858 recita.

855 1980 984 2019 LEX.

222 2080 340 2118 ‘Neque
356 2079 401 2108 sas
416 2084 482 2110 esto
498 2081 598 2120 legem
615 2081 654 2112 de
677 2091 736 2111 uno
765 2081 830 2112 viro
857 2084 947 2118 ferre,
963 2083 1021 2113 uisi
1042 2084 1148 2115 eadem
1175 2086 1212 2116 ad
1243 2097 1347 2118 ornnes
1363 2087 1564 2120 Athenienses
1582 2101 1651 2131 per-

188 2130 294 2162 tinent.

188 2223 290 2261 Haec
309 2223 371 2261 lex
390 2223 506 2261 modo
525 2223 697 2269 recitata,
710 2222 877 2274 judices,
896 2237 974 2263 non
988 2225 1070 2276 jam
1096 2232 1136 2264 et
1161 2227 1246 2278 ipsa
1264 2236 1326 2267 est
1350 2243 1476 2268 rerum
1497 2233 1647 2283 capita-

185 2285 292 2331 lium,
311 2284 556 2322 nihilominus
577 2292 720 2330 tamen,
741 2292 784 2322 ut
813 2285 844 2322 si
877 2299 953 2336 qua
972 2286 1058 2331 alia,
1080 2288 1278 2337 praeclara.
1337 2291 1437 2330 Nam
1453 2300 1497 2330 ut
1516 2294 1653 2345 reliqui

180 2342 277 2393 juris
297 2347 474 2392 civitatis,
495 2346 549 2384 ita
567 2346 694 2397 legum
715 2359 870 2397 quoque
890 2347 1070 2386 omnibus
1086 2362 1236 2400 aequam
1257 2358 1405 2402 partem
1426 2367 1512 2392 esse
1531 2356 1653 2394 tribu·

186 2408 328 2445 endam
357 2407 508 2445 censuit
539 2407 758 2457 legislator;
789 2415 1068 2459 proptereaque
1096 2411 1262 2461 scripsit,
1297 2413 1407 2453 nefas
1445 2427 1530 2453 esse
1555 2416 1654 2455 ferre

186 2468 312 2518 legem
336 2480 410 2505 uno
425 2468 474 2506 de
494 2467 588 2514 viro,
604 2468 676 2505 nisi
695 2468 831 2509 eadem
851 2469 900 2506 ad
921 2483 1055 2508 omnes
1077 2484 1232 2523 quoque
1260 2473 1519 2514 Athenienses
1539 2478 1653 2527 perti-

188 2542 277 2566 nere
296 2535 425 2579 queat.
482 2529 649 2572 Quando
673 2529 789 2579 igitur
807 2531 846 2569 in
865 2531 1047 2569 confesso
1067 2538 1140 2578 est,
1159 2533 1315 2581 decreta
1335 2537 1550 2578 secundum
1570 2551 1652 2575 om-

189 2602 259 2626 nes
283 2589 391 2639 leges
425 2589 537 2627 scribi
557 2597 749 2640 oportere,
779 2591 843 2641 qui
877 2591 1111 2630 Charidemo
1145 2594 1222 2641 tale
1252 2596 1448 2647 quippiam
1474 2598 1653 2648 privatim

189 2650 377 2694 decernit,
396 2650 501 2700 quod
519 2663 597 2687 non
614 2652 722 2690 vobis
741 2653 920 2690 omnibus
951 2666 998 2692 ex
1031 2667 1144 2706 aequo
1176 2655 1291 2694 tribui
1322 2665 1463 2707 potest,
1492 2658 1524 2694 is
1543 2655 1651 2696 haud

191 2711 306 2749 dubie
321 2711 446 2761 legem
461 2710 559 2748 hanc
579 2711 710 2750 violat.
740 2713 824 2751 Nec
843 2714 945 2752 enim
965 2715 1139 2769 profecto
1154 2730 1243 2767 ‚quae
1264 2719 1402 2756 sanciri
1421 2718 1574 2768 legibus
1594 2725 1653 2758 est

156 2804 159 2805 γ
193 2772 316 2817 nefas,
339 2784 385 2809 ea
403 2771 643 2822 inscripsisse
663 2772 827 2812 decretis
845 2776 1092 2817 concedetur.

245 2834 311 2870 23.
342 2832 479 2871 Recita
495 2833 867 2884 sequentemlewem,
886 2849 963 2893 qua
980 2836 1064 2879 istae
1083 2850 1216 2877 omnes
1236 2837 1491 2880 continentur.
