1923 3149
265 124 339 160 300
677 117 962 158 ADVERSUS
995 115 1289 156 LEPTINEM.

751 296 856 334 LEX
886 295 1235 333 SUBROGATA.

264 401 432 446 Auditis,
457 401 726 444 Athenienses,
749 406 788 437 et
813 398 1040 449 intelligitis,
1073 405 1228 436 cautum
1256 397 1317 435 hic
1352 402 1513 443 esse,.ut
1541 404 1580 434 et
1609 397 1715 447 digni

264 475 351 513 quae
371 462 463 501 data
482 470 571 501 sunt
592 469 758 508 teneant,
775 468 814 499 et
832 461 896 511 qui
927 461 1023 498 tales
1043 460 1206 511 judicati
1226 473 1303 498 non
1324 460 1475 503 fuerint,
1496 460 1526 497 si
1546 459 1638 510 quid
1658 460 1714 496 in-

259 525 365 576 juste
384 532 631 576 acceperunt,
653 537 700 562 eo
719 524 927 574 priventur,
943 529 981 560 et
996 523 1180 573 deinceps
1201 523 1237 560 in
1257 528 1383 561 vestra
1401 536 1517 560 manu
1536 523 1598 567 sit,
1618 522 1716 559 sicut

265 599 418 636 aequum
436 594 508 630 est,
530 587 712 637 quaelibet
740 584 800 622 vel
832 584 923 622 dare
952 584 1011 622 vel
1039 598 1116 622 non
1148 585 1252 622 dare.
1309 585 1448 635 Legem
1469 584 1570 622 hanc
1602 583 1717 634 igitur

266 660 343 685 non
364 648 588 698 praeclarain
615 654 654 684 et
684 658 833 696 aequam
866 658 962 690 esse,
992 659 1063 684 nec
1091 646 1280 683 dicturum
1310 646 1469 683 arbitror
1503 645 1715 696 Leptinem,

264 721 353 758 nec,
374 709 405 746 si
425 709 574 755 dixerit,
594 721 711 759 posse
731 707 1016 745 demonstrare:
1047 721 1135 758 quae
1154 721 1243 746 vero
1276 707 1379 758 apud
1413 708 1584 745 sexviros
1606 706 1716 752 dixit,

264 784 309 808 ea
323 771 495 808 fortassis
514 771 574 808 hic
594 775 784 820 repetens,
805 781 872 806 vos
891 769 1178 807 circumducere
1198 769 1412 807 conabitur.
1442 769 1582 805 Aiebat
1601 769 1717 813 enim,

265 832 487 882 imposturae
519 830 642 881 gratia
670 830 795 881 legem
828 830 928 868 hanc
958 843 1043 868 esse
1074 831 1348 868 substitutam:
1377 830 1408 867 si
1426 843 1517 867 vero
1537 842 1583 867 ea
1602 842 1716 879 quam

263 892 344 943 ipse
375 892 514 938 tulerit,
548 893 770 942 abrogetur,
803 904 880 929 non
909 891 1099 942 perlatum
1120 891 1175 928 iri.
1234 892 1320 941 Ego
1339 904 1442 936 vero,
1464 891 1534 927 ista
1548 890 1633 939 lege
1652 903 1716 927 ve-

264 954 352 991 stris
372 953 564 1003 suffragiis
586 954 783 1003 abrogata,
802 952 1049 990 substitutam
1078 952 1177 990 illius
1197 952 1283 990 loco
1302 959 1423 989 ratam
1443 964 1541 996 esse,
1563 952 1720 1001 antiqua

262 1015 350 1065 lege
369 1015 570 1066 perspicue
587 1014 727 1066 juberi,
749 1014 963 1052 secundum
983 1026 1098 1064 quam
1120 1014 1258 1051 sexviri
1285 1014 1394 1051 nobis
1419 1013 1517 1050 hanc
1539 1026 1717 1063 surroga-

264 1083 366 1121 runt,
389 1077 582 1120 omittam3
613 1076 748 1126 nequis
764 1074 855 1113 mihi
876 1075 1174 1113 controversiam
1190 1089 1236 1113 ea
1255 1075 1302 1112 de
1319 1088 1357 1112 re
1377 1074 1517 1112 faciat:
1538 1074 1607 1111 sed
1626 1074 1717 1112 illuc

264 1138 389 1176 venio.
447 1138 548 1176 Cum
566 1137 649 1175 haec
668 1137 772 1183 dicit,
791 1136 969 1174 nimirum
988 1136 1205 1183 confitetur,
1224 1135 1418 1173 meliorem
1443 1142 1481 1173 et
1513 1135 1718 1186 aequiorem

265 1213 351 1238 esse
371 1200 472 1237 hanc
492 1200 619 1250 legem
636 1212 693 1245 ea,
714 1211 826 1249 quam
846 1198 924 1249 ipse
945 1198 1099 1236 tulerit:
1128 1198 1176 1235 de
1192 1211 1237 1235 eo
1257 1210 1346 1234 vero
1365 1198 1480 1234 verba
1499 1197 1603 1243 facit,
1624 1208 1718 1246 quo-

265 1261 380 1298 modo
401 1262 450 1299 sit
468 1261 708 1311 perferenda.
738 1259 908 1296 Primum
928 1260 1046 1309 igitur
1062 1259 1192 1296 multae
1212 1258 1265 1295 illi
1285 1258 1356 1294 viae
1376 1259 1581 1308 propositae
1615 1249 1717 1301 sunt,

265 1322 403 1372 quibus
425 1322 734 1366 substituentem,
756 1322 787 1358 si
816 1320 925 1365 nolit,
947 1327 1062 1370 cogat
1095 1320 1143 1357 ad
1172 1319 1370 1357 ferendam
1390 1319 1549 1357 alteram
1567 1319 1692 1370 legem
1710 1335 1720 1364 ;

265 1384 406 1422 deinde
427 1383 662 1434 spondemus
684 1395 757 1431 ego
790 1389 828 1417 et
860 1381 1054 1424 Phormio,
1087 1380 1118 1417 si
1148 1393 1260 1430 quem
1293 1380 1407 1416 alium
1440 1380 1536 1426 vult,
1561 1393 1630 1418 nos
1667 1380 1720 1417 le-

267 1457 353 1495 gem
391 1446 536 1482 laturos
570 1455 669 1481 esse.
742 1442 907 1479 Constat
943 1448 1072 1478 autem
1109 1441 1237 1491 legem
1270 1454 1356 1478 esse
1395 1442 1498 1492 apud
1536 1454 1603 1480 vos
1621 1455 1630 1479 :
1679 1442 1721 1480 si

266 1519 289 1557 q
306 1505 398 1551 uis,
428 1502 922 1556 pollicitationibus,
965 1501 1043 1538 vel
1082 1500 1324 1552 Populum
1364 1502 1439 1540 vel
1481 1502 1718 1540 Senatum

262 1568 341 1605 vel
384 1567 636 1605 Judicium
676 1564 945 1615 deceperit,
974 1576 1075 1601 eum
1118 1563 1300 1614 capite
1344 1564 1720 1603 mulctandum.

265 1628 526 1680 Spondemus‚
545 1626 793 1678 pollicemur:
825 1625 967 1663 sexviri
997 1624 1191 1662 scribunto
1222 1625 1332 1662 haec:
1362 1625 1419 1662 his
1439 1626 1735 1666 conditionibus

264 1705 324 1730 res
341 1692 557 1743 peragitor!
615 1690 678 1727 Sic
710 1701 833 1739 neque
862 1700 928 1726 vos
959 1687 1168 1738 quicquam
1188 1687 1293 1724 vobis
1325 1687 1524 1738 indignum
1547 1688 1721 1733 htietis3

265 1767 404 1804 neque,
425 1753 455 1789 si
475 1752 562 1803 quis
593 1751 695 1789 dono
716 1750 818 1801 quod
840 1755 1074 1788 consecutus
1095 1748 1281 1798 indignus
1302 1755 1373 1794 est,
1393 1749 1430 1785 id
1452 1750 1621 1787 tenebit:
1652 1750 1721 1788 sed

263 1816 422 1853 seorsim
455 1814 541 1863 lege
571 1813 645 1850 hac
675 1812 713 1848 in
742 1811 930 1862 judicium
959 1809 1196 1847 adducetur!
1255 1809 1295 1846 Si
1328 1822 1416 1846 vero
1445 1811 1559 1848 verba
1578 1810 1662 1848 haec
1683 1817 1721 1847 et

264 1888 390 1926 nugas
411 1887 496 1913 esse
513 1874 625 1918 dicet,
644 1873 721 1910 illae
741 1879 844 1910 certe
861 1884 976 1921 nugae
996 1884 1071 1908 non
1086 1880 1200 1908 sunt:
1231 1871 1311 1921 ipse
1327 1871 1453 1921 legem
1470 1871 1578 1918 forat,
1593 1886 1719 1924 neque

264 1937 337 1974 hoc
357 1936 472 1981 dicat,
493 1948 563 1973 nos
583 1947 667 1973 earn
688 1933 833 1972 laturos
857 1946 935 1970 non
967 1945 1065 1970 esse.
1113 1931 1351 1974 ,Praeclarius
1378 1931 1550 1983 profecto
1583 1942 1655 1979 est,
1677 1940 1722 1972 ut

265 2011 348 2036 eam
369 1997 508 2048 legem,
529 2009 644 2046 quam
659 2008 726 2032 vos
746 1993 1062 2045 approbaveritis,
1082 1993 1190 2040 serat,
1210 2005 1323 2044 quam
1342 2006 1425 2031 eam
1445 1994 1583 2041 valere,
1605 2008 1721 2046 quam

263 2059 346 2110 ipse
366 2071 438 2096 sua
457 2057 686 2096 auctoritate
706 2062 950 2094 commentus
971 2061 1042 2092 est.

317 2122 381 2156 22.
411 2118 514 2157 Mihi
544 2131 635 2156 vero
667 2117 830 2161 videtur,
864 2116 1263 2161 Athenienses,—sed
1295 2129 1428 2166 quaeso
1465 2124 1514 2162 te,
1550 2131 1598 2155 ne
1630 2118 1721 2156 mihi

264 2181 462 2224 irascaris3
494 2193 580 2218 nam
602 2180 692 2218 mali
713 2179 761 2216 de
782 2186 821 2216 te
843 2177 937 2215 nihil
957 2177 1320 2229 dicam—Leptines
1350 2178 1456 2229 leges
1483 2179 1636 2216 Solonis
1655 2189 1721 2218 aut

264 2256 340 2280 non
362 2242 517 2293 legisse,
540 2248 608 2279 aut
626 2253 701 2279 non
722 2239 971 2278 intellexisse.
1030 2239 1130 2276 Nam
1148 2252 1234 2277 cum
1254 2239 1378 2290 legem
1400 2239 1490 2277 Solo
1505 2240 1646 2287 tulerit,
1666 2241 1721 2278 li-

264 2317 391 2349 cere,
420 2304 505 2341 cui
551 2302 782 2353 legitimi
825 2301 983 2339 liberi
1031 2313 1128 2337 non
1177 2301 1295 2345 sint,
1324 2313 1469 2350 quem
1510 2301 1718 2340 libitum

265 2366 348 2416 si&
391 2363 646 2401 haeredem
693 2362 1009 2405 instituere;
1052 2375 1128 2399 non
1165 2368 1207 2400 ut
1238 2374 1380 2411 genere
1411 2363 1605 2413 proximos
1632 2364 1719 2415 jure

263 2425 559 2477 propinquitatis
579 2424 789 2469 fraudaret,
806 2423 874 2461 sed
894 2430 936 2460 ut
956 2423 1118 2460 utilitate
1135 2424 1172 2460 in
1194 2422 1360 2460 medium
1381 2425 1577 2474 proposita
1590 2426 1720 2464 effice-

264 2495 333 2534 ret,
353 2494 396 2525 ut
414 2486 590 2524 homines
611 2486 708 2523 inter
728 2499 766 2523 se
787 2491 980 2523 certarent
999 2484 1193 2522 beneficiis
1210 2497 1218 2521 z
1250 2491 1291 2521 tu
1319 2492 1453 2523 contra
1469 2499 1545 2524 non
1566 2487 1719 2527 dubites

264 2556 395 2587 auctor
415 2560 516 2593 esse,
547 2547 900 2597 nequicquam
931 2545 1135 2595 Populo
1165 2545 1222 2582 de
1253 2547 1359 2583 suis
1389 2547 1573 2597 opibus
1602 2548 1720 2588 lice-

263 2616 313 2648 at
341 2609 464 2647 aliis
504 2606 799 2658 impertiri:
830 2619 906 2657 quo
936 2606 1050 2644 modo
1085 2607 1285 2656 quisquam
1320 2607 1460 2646 dixerit
1492 2616 1529 2647 te
1565 2609 1718 2649 Solonis

261 2673 369 2722 leges
403 2671 461 2709 vel
495 2669 651 2721 legisse,
684 2667 743 2705 vel
772 2667 1038 2705 intellexisse?
1085 2668 1184 2704 Cum
1213 2668 1352 2707 efficias
1380 2683 1428 2707 ne
1461 2671 1546 2721 quis
1566 2671 1718 2722 Populo

264 2733 433 2777 studeat,
455 2731 548 2769 dum
567 2730 747 2782 praedicis
767 2736 806 2767 et
826 2729 1012 2774 ostendis,
1032 2730 1369 2768 benemerentibus
1390 2731 1535 2769 nullam
1565 2733 1719 2772 omnino

263 2795 492 2846 sperandam
509 2807 593 2833 esse
608 2792 967 2832 remunerationem.
1025 2792 1126 2833 Quin
1144 2792 1209 2830 illa
1228 2794 1339 2830 etiam
1359 2793 1510 2831 Solonis
1534 2794 1598 2832 lex
1617 2804 1676 2834 est
1696 2809 1718 2835 e

262 2857 503 2894 laudatarum
542 2867 715 2901 numero,
752 2859 958 2891 mortuo
1016 2853 1210 2891 nemini
1270 2855 1716 2904 maledicendum,
