1923 3149
319 82 367 117 :34
771 74 1130 116 OLYNTHIACA
1164 78 1199 115 ΙΙ
1229 78 1338 127 (ΠΙ).

319 190 376 227 vis
392 196 520 226 autem
540 188 611 226 erit
631 195 670 226 et
689 195 781 226 nota
800 187 906 227 vobis
927 188 1070 227 oratio:
1101 199 1179 226 non
1193 187 1293 225 enim
1310 186 1444 224 alienis
1457 199 1525 224 vos
1541 193 1694 226 utentes
1714 202 1778 226 ex·

321 250 471 300 emplis,
491 249 561 288 sed
580 249 816 296 domesticis,
844 249 1115 296 Athenienses,
1137 249 1271 287 felices
1299 248 1379 286 fieri
1406 247 1508 286 licet.
1566 247 1626 285 Illi
1655 248 1783 299 igitur,

316 311 457 362 quibus
485 324 563 350 non
591 311 847 351 adulabantur
866 319 1052 357 oratoreS,
1072 323 1171 361 quos
1199 323 1275 348 non
1296 310 1350 347 ita
1369 309 1536 347 suaviter
1569 311 1787 348 tractabant

316 378 361 410 ut
380 385 447 410 vos
472 372 534 411 isti
560 386 676 418 nuuc,
704 373 873 424 quinque
902 380 941 410 et
963 371 1219 422 quadraginta
1243 384 1364 408 anuos
1390 369 1540 407 Graecis
1568 370 1783 408 volentibus

319 432 565 484 imperarunt,
595 433 759 484 amplius
789 434 920 472 decies
945 433 1048 471 mille
1081 432 1227 470 talenta
1258 432 1296 468 in
1329 443 1455 469 arcem
1487 429 1712 477 retulerunt,
1745 436 1784 468 et

318 490 445 545 regem
461 495 622 546 hujusce
636 495 882 533 Macedoniae
902 495 1006 532 dieto
1026 493 1247 532 audientem
1262 492 1494 536 habuerunt,
1509 492 1609 528 sicut
1626 503 1782 541 aequum

319 562 380 594 est
422 569 553 608 parere
592 556 742 595 Groecis
785 557 1004 601 barbarum,
1035 556 1158 593 multa
1188 561 1314 592 autom
1346 554 1609 604 praeclaraque
1640 560 1783 604 tropaea

319 624 420 657 terra
437 619 606 669 marique
622 624 733 669 parta
746 623 965 663 erexerunt,
986 630 1074 655 cum
1103 616 1173 667 ipsi
1211 615 1432 661 militarent,
1461 621 1500 652 et
1521 614 1592 653 soli
1613 614 1783 652 mortali-

320 693 385 718 um
406 694 531 718 rerum
553 687 748 731 gestarum
765 679 925 730 gloriam
944 679 1087 716 invidia
1102 678 1284 729 majorem
1300 678 1549 727 reliquerunt.
1606 677 1650 714 In
1668 678 1782 715 rebus

320 742 436 792 igitur
456 741 692 780 Graecanicis
712 741 810 778 tales
828 741 1005 777 fuerunt:
1037 740 1141 777 domi
1159 753 1263 784 vero,
1280 752 1367 776 cum
1380 739 1547 789 publice,
1562 744 1644 776 tum
1658 739 1783 790 priva·

318 802 399 848 tim,
418 810 587 853 spectate
607 801 756 851 quales.
813 799 972 838 Publice
994 799 1110 849 igitur
1127 799 1293 837 oedificia
1313 806 1352 836 et
1371 806 1595 837 ornamenta
1625 799 1720 838 talia
1743 806 1784 838 et

318 870 425 902 tanta
442 864 655 901 instruxere
666 861 776 899 nobis
792 861 968 899 fanorum
980 866 1020 897 et
1033 872 1120 910 quae
1135 860 1194 898 his
1208 859 1456 898 continentur
1468 858 1728 907 donariorum,
1742 867 1785 899 ut

318 937 343 962 a
361 924 523 976 posteris
542 922 714 974 superari
727 927 895 971 nequeat
909 920 1061 957 illorum
1075 919 1328 962 excellentia;
1345 919 1523 969 privatim
1536 927 1665 958 autem
1684 922 1784 961 adeo

317 986 481 1024 modesti
507 985 660 1022 fuerunt
692 988 878 1032 tantaque
906 993 1001 1019 cura
1025 980 1244 1018 institutum
1270 979 1493 1031 reipublicae
1519 982 1784 1030 observarunt,

317 1053 360 1085 ut
377 1047 408 1085 si
426 1047 511 1098 quis
528 1045 625 1083 forte
644 1050 814 1082 vestrum
835 1041 1015 1080 Aristidis
1035 1047 1074 1080 et
1094 1041 1286 1080 Miltiadis
1305 1048 1344 1079 et
1360 1041 1462 1079 illius
1481 1042 1606 1080 aetatis
1626 1043 1785 1081 illustri-

320 1121 384 1146 um
402 1107 601 1146 hominum
619 1105 723 1144 oedes
742 1104 848 1142 novit
866 1117 954 1155 quae
984 1103 1073 1148 sint,
1093 1102 1207 1141 vicini
1228 1103 1378 1141 aedibus
1409 1102 1530 1141 nihilo
1547 1117 1636 1142 esse
1655 1104 1783 1155 splen·

318 1169 488 1207 didiores
507 1167 659 1206 videat:
689 1180 814 1217 neque
835 1166 936 1204 enim
958 1165 1013 1203 rei
1030 1163 1226 1203 familiaris
1239 1164 1523 1215 amplificandae
1541 1165 1666 1216 gratia
1683 1179 1782 1204 rem·

318 1231 513 1282 publicam
532 1230 732 1281 gerebant,
745 1228 814 1266 sed
832 1228 993 1278 quisque
1013 1226 1084 1265 sibi
1099 1239 1178 1264 rem
1193 1239 1438 1264 communem
1457 1227 1677 1278 augendam
1697 1240 1783 1266 esse

318 1292 491 1342 putabat.
537 1291 594 1328 Ex
615 1303 662 1328 eo
682 1297 812 1328 autem
824 1287 930 1339 quod
942 1301 1002 1326 res
1016 1287 1243 1326 Graecorum
1258 1287 1435 1333 fideliter,
1451 1288 1675 1338 religionem
1689 1289 1783 1327 deo-

318 1365 404 1391 rum
424 1351 693 1390 immortalium
712 1352 786 1402 pie,
805 1350 1034 1389 commercia
1053 1350 1153 1387 iuter
1166 1349 1273 1401 ipsos
1288 1349 1527 1400 aequabiliter
1540 1350 1784 1390 administra-

320 1420 421 1459 rent,
439 1426 517 1451 non
539 1412 677 1461 injuria
702 1424 882 1462 magnam
904 1411 976 1450 sibi
996 1411 1219 1449 felicitatem
1239 1417 1483 1462 pepererunt.
1539 1411 1648 1450 Tunc
1667 1412 1786 1464 igitur

319 1475 368 1513 ad
387 1474 492 1512 hunc
508 1474 681 1520 modum,
701 1473 793 1510 dum
808 1473 863 1510 illi
883 1485 980 1523 quos
999 1472 1077 1510 dixi
1098 1485 1261 1510 summae
1281 1472 1502 1523 reipublicae
1514 1481 1719 1523 praeerant,
1741 1487 1784 1513 se

319 1548 377 1573 res
402 1535 644 1572 habuerunt:
682 1547 801 1580 nuuc,
820 1533 913 1571 dum
933 1534 1027 1572 boni
1045 1533 1108 1571 isti
1124 1538 1314 1585 praesunt,
1330 1532 1414 1583 quis
1426 1546 1553 1572 rerum
1570 1542 1784 1574 vestrarum

321 1603 445 1636 status
464 1595 551 1634 est?
581 1609 630 1634 an
656 1595 788 1634 similis
808 1602 868 1633 est
894 1601 961 1632 aut
990 1607 1110 1646 prope
1137 1594 1320 1645 attingit?
1365 1595 1427 1632 Ac
1455 1602 1596 1634 caetera
1626 1596 1782 1648 quidem

321 1666 446 1705 taceo,
465 1671 553 1696 cum
573 1658 696 1695 multa
714 1656 883 1707 proferre
902 1656 1067 1706 possim:
1097 1656 1166 1694 sed
1185 1668 1406 1706 quanquam
1424 1656 1464 1693 in
1483 1663 1632 1694 tantam
1648 1658 1784 1696 incidi-

322 1733 406 1758 mus
427 1718 676 1757 solitudinem
696 1722 880 1767 quantam
899 1716 1038 1754 videtis
1058 1729 1209 1765 omnes,
1230 1729 1317 1754 cum
1337 1723 1375 1754 et
1400 1716 1692 1756 Lacedaemonii
1719 1733 1785 1772 pe-

321 1780 463 1824 rierint,
477 1785 516 1816 et
534 1778 708 1816 Thebani
723 1776 902 1827 occupati
916 1775 1004 1821 siut,
1024 1782 1064 1814 et
1083 1783 1310 1815 caeterorum
1334 1790 1447 1815 nemo
1459 1784 1587 1817 tantas
1601 1780 1699 1818 vires
1712 1780 1783 1819 ha-

321 1842 411 1879 beat
432 1846 477 1877 ut
494 1839 694 1877 vobiscum
720 1838 768 1876 de
797 1837 1013 1888 principatu
1033 1837 1267 1875 contendere
1287 1838 1399 1885 ausit,
1421 1852 1588 1891 cumque
1606 1841 1718 1880 nobis
1738 1842 1783 1880 li-

323 1907 428 1939 ceret
447 1908 486 1938 et
504 1901 653 1951 privata
672 1906 803 1937 nostra
816 1899 897 1936 sine
914 1898 1085 1948 periculo
1105 1905 1235 1936 tenere
1255 1905 1294 1936 et
1308 1898 1543 1950 reliquorum
1564 1909 1785 1942 controver-

323 1962 398 2000 sias
440 1961 671 2011 disceptare,
700 1967 829 1997 tamen
855 1959 995 1997 nostris
1022 1959 1122 2010 agris
1152 1959 1304 2010 spoliati
1335 1973 1482 2006 sumus,
1508 1969 1547 2000 et
1575 1963 1783 2016 plusquam

323 2023 425 2060 mille
441 2029 480 2060 et
499 2023 710 2073 quingenta
728 2021 876 2059 talenta
893 2020 1001 2058 nullo
1021 2033 1110 2059 cum
1130 2022 1255 2059 fructu
1275 2021 1562 2072 insumpsimus,
1577 2031 1618 2062 et
1635 2038 1732 2075 quos
1744 2026 1784 2064 in

322 2083 425 2121 bello
444 2083 569 2121 socios
588 2082 819 2133 paravimus,
839 2081 910 2120 hos
931 2082 1036 2133 pacis
1055 2089 1228 2133 tempore
1248 2082 1311 2120 isti
1328 2082 1539 2121 amiserunt
1558 2091 1729 2132 oratores,
1745 2094 1784 2126 et

322 2145 469 2183 hostem
489 2151 625 2182 contra
638 2144 894 2194 nosmetipsos
910 2149 1059 2180 tantum
1073 2143 1335 2181 instruximus.
1391 2143 1549 2194 Alioqui
1561 2147 1783 2197 progredia.

325 2211 384 2242 tur
404 2206 543 2255 aliquis
565 2212 604 2243 et
624 2205 713 2242 mihi
734 2205 850 2251 dicat,
869 2205 974 2243 unde
1001 2204 1072 2242 nisi
1104 2218 1170 2256 per
1199 2206 1452 2256 nosmetipsos
1472 2206 1526 2244 ita
1552 2207 1629 2245 sint
1657 2215 1784 2248 auctae

325 2279 415 2316 opes
439 2266 627 2317 Philippi?
650 2267 729 2304 Sed
747 2266 845 2304 heus
866 2272 919 2311 tu,
940 2266 1215 2305 sivitiosahaec
1229 2273 1334 2312 sunt,
1353 2274 1393 2304 at
1408 2268 1641 2306 urbanarum
1653 2283 1782 2309 rerum

325 2334 448 2365 slatus
467 2335 526 2366 cst
545 2328 689 2365 melior.
747 2327 895 2377 Ecquid
915 2327 1072 2366 tandem
1094 2328 1168 2366 dici
1189 2327 1329 2378 queat?
1359 2341 1408 2366 an
1427 2329 1557 2379 pinnae
1584 2343 1782 2372 murorum

323 2401 417 2438 quas
449 2389 687 2433 dealbamus,
715 2389 787 2426 viae
825 2401 919 2439 quas
958 2389 1164 2438 reficimus,
1197 2397 1236 2427 et
1269 2390 1394 2427 fontes
1424 2397 1463 2428 et
1500 2392 1643 2443 nugae?
1699 2394 1782 2433 Eos

325 2463 459 2498 quoeso
480 2450 679 2486 intuemini
700 2462 863 2499 qnorum
882 2450 965 2488 lioec
987 2457 1072 2488 acta
1090 2457 1179 2488 sunt
1198 2451 1235 2487 in
1255 2451 1463 2502 republica,
1493 2465 1655 2502 quorum
1676 2455 1738 2493 alii
1759 2468 1782 2494 e

324 2510 508 2547 mendicis
534 2510 623 2547 sacti
647 2518 737 2547 sunt
756 2511 904 2555 divites,
934 2511 994 2548 alii
1015 2524 1064 2548 ex
1085 2512 1258 2548 obscuris
1283 2512 1388 2556 clari,
1418 2514 1593 2552 nonnulli
1611 2516 1782 2566 privatas

324 2571 428 2608 sedes
445 2571 606 2621 public-is
620 2571 789 2608 mdificiis
803 2572 1083 2622 splendidiores
1097 2580 1389 2610 exstruxerunt:
1405 2581 1442 2611 et
1455 2581 1601 2624 quanto
1615 2589 1675 2614 res
1689 2576 1783 2614 civi-

324 2632 412 2669 tatis
441 2632 679 2681 angustiores
712 2633 822 2669 factm
844 2640 947 2678 sunt,
968 2641 1074 2670 tanto
1095 2633 1252 2671 istorum
1274 2635 1490 2684 ampliores.
1548 2637 1646 2678 Quae
1665 2637 1782 2688 igitur

323 2706 441 2730 (musa
461 2700 519 2730 est
546 2693 676 2730 horum
707 2694 890 2736 omnium,
921 2702 958 2731 vt
985 2708 1051 2731 cur
1078 2695 1232 2731 tandem
1262 2708 1300 2732 se
1322 2696 1450 2733 omnia
1487 2704 1568 2733 tum
1595 2699 1781 2747 proeclare

323 2752 537 2791 habueruut
559 2761 598 2791 ot
628 2767 728 2791 nun(-
750 2754 852 2790 haud
883 2761 982 2792 recto
999 2755 1013 2790 ss?
1045 2755 1211 2792 Primum
1231 2756 1334 2805 quod
1359 2764 1396 2794 ct
1417 2756 1597 2807 populus,
1619 2771 1707 2795 cum
1722 2759 1778 2810 ip-

323 2826 365 2852 se
380 2815 539 2853 militari·
559 2816 726 2855 aiulcrct,
748 2815 925 2852 dominus
948 2824 1024 2852 orat
1053 2817 1344 2866 imigisti··.it11u=n
1366 2830 1575 2867 omnesque
1597 2819 1773 2869 reipubli-
