1923 3149
233 141 306 178 194
783 137 856 175 DE
885 135 1132 175 CORONA.

574 253 907 294 RESPONSUM
941 256 1018 294 AD
1049 253 1363 292 THEBANOS.

278 337 348 366 Rex
363 335 568 366 Macedonum
582 336 744 375 Philippus
758 336 876 365 senatui
895 335 1068 376 populoque
1085 334 1232 364 Thebano
1247 335 1280 363 S.
1306 333 1424 363 Literas
1439 337 1557 362 vestras
1574 331 1694 371 accepi,

233 388 342 427 quibus
356 387 548 417 concordiam
566 391 597 416 et
615 397 721 426 pacem
738 396 804 425 quae
822 386 899 416 inter
917 396 971 415 nos
989 391 1037 415 est
1061 386 1092 414 in
1110 385 1283 414 memoriam
1300 382 1374 413 mihi
1392 383 1555 413 revocatis.
1595 382 1695 412 Audio

234 448 326 478 porro
344 438 547 468 Athenienses
564 438 646 466 omni
663 446 719 467 vos
733 437 838 466 studio
854 437 1013 475 prosequi,
1025 441 1057 465 ut
1073 446 1110 465 ea
1124 435 1268 465 nimirum
1280 445 1347 474 quae
1361 435 1397 463 ab
1414 434 1490 473 ipsis
1503 434 1696 472 postulantur

234 490 448 528 comprobetis.
483 492 527 519 Ac
543 489 674 528 prinlum
692 488 817 526 quidem
833 498 888 517 vos
905 489 1098 522 accusabam,
1124 487 1210 525 quasi
1229 496 1300 525 spes
1317 486 1353 515 ab
1371 485 1432 514 illis
1449 485 1567 514 oblatas
1584 484 1696 514 essetis

234 543 405 582 arnploxuri
423 551 589 580 eorumque
606 541 747 569 instituta
763 540 918 569 secuturi:
945 549 1023 568 nunc
1048 549 1121 568 vero
1139 542 1336 576 posteaquam
1355 535 1485 574 cognovi
1503 545 1558 564 vos
1575 546 1610 564 ea
1626 545 1699 572 erga

233 604 288 623 nos
301 603 367 622 esse
386 593 555 626 voluntate,
572 596 604 621 ut
619 600 724 629 pacem
741 591 846 628 potius
861 590 953 625 tueri,
968 600 1055 628 quam
1074 589 1201 618 aliorum
1217 587 1376 617 sententiis
1389 586 1567 625 morigerari
1583 586 1699 620 velitis,

233 644 353 674 laetatus
370 654 433 673 sum
452 648 480 673 et
497 653 566 672 cum
580 642 685 671 multis
702 650 758 670 vos
777 640 950 670 nominibus
966 641 1134 679 impensius
1150 639 1254 674 laudo,
1271 642 1332 667 tum
1346 649 1382 667 eo
1398 637 1553 676 praecipue
1570 637 1652 676 quod
1669 639 1700 666 et

233 695 345 724 tutiora
362 695 391 723 in
408 694 455 723 his
471 695 561 723 rebus
584 691 712 722 consilia
739 691 865 731 cepistis
889 697 919 720 et
934 696 1067 720 vestram
1091 700 1164 729 erga
1191 700 1247 719 nos
1271 688 1513 719 benevolentium
1540 688 1699 717 retinetis:

234 747 315 785 quod
334 755 390 775 non
408 755 514 784 parum
531 744 618 774 vobis
634 744 780 774 momenti
797 742 957 771 allaturum
971 746 1056 781 puto,
1074 741 1099 771 si
1115 741 1145 770 in
1163 741 1222 770 isto
1239 740 1379 770 instituto
1397 739 1554 768 maneatis.
1580 739 1698 768 Valere.

291 827 353 863 53.
386 824 460 862 His
491 823 635 861 artibus
661 836 748 861 cum
776 822 830 859 ita
857 821 956 860 inter
985 834 1025 859 se
1055 820 1257 873 Philippus
1286 820 1462 858 civitates
1493 819 1701 868 affecisset,

232 887 372 937 hisque
392 892 499 924 esset
517 884 683 922 decretis
709 890 748 922 et
777 883 1094 933 responsionibus
1118 883 1255 928 elatus,
1282 881 1388 918 venit
1415 894 1502 918 cum
1531 882 1701 919 exercitu

235 956 275 987 et
295 948 473 986 Elateam
495 945 714 996 occupavit,
734 944 895 995 proinde
915 943 1023 994 quasi
1042 942 1232 992 quidlibet
1254 942 1346 979 licet
1370 941 1576 979 accidisset
1605 955 1702 979 nun-

236 1024 351 1062 quam
367 1010 450 1061 jam
469 1020 538 1045 vos
557 1014 595 1045 et
613 1005 789 1044 Thebani
809 1003 1035 1043 consensuri
1056 1003 1205 1041 essetis.
1253 1003 1454 1041 Enimvero
1475 1004 1539 1054 qui
1559 1010 1640 1041 tum
1664 1004 1704 1041 in

236 1073 331 1109 urbe
351 1069 540 1108 tumultus
561 1067 751 1106 excitatus
773 1073 844 1113 est,
864 1065 987 1104 nostis
1008 1077 1156 1108 omnes,
1175 1077 1299 1116 pauca
1317 1071 1446 1103 tamen
1470 1065 1517 1102 de
1538 1078 1596 1111 eo,
1617 1078 1703 1116 quae

239 1141 329 1173 sunt
356 1132 524 1170 maxime
550 1129 781 1175 necessaria,
811 1128 988 1179 accipite.
1020 1127 1171 1178 Vesper
1199 1128 1298 1165 enim
1328 1134 1423 1173 erat,
1451 1128 1554 1165 venit
1575 1135 1703 1165 autem

238 1195 393 1248 quidam
414 1193 464 1232 ad
492 1199 690 1244 prytanes‚
711 1191 990 1239 nuntiabatque
1009 1195 1163 1239 captam
1183 1201 1268 1226 esse
1290 1188 1481 1225 Elateam.
1527 1188 1582 1225 Ibi
1609 1201 1704 1227 con-

240 1259 347 1296 tinuo
369 1256 431 1294 alii
450 1268 473 1293 a
492 1267 607 1292 coena
628 1259 830 1303 surgentes
860 1250 1034 1288 homines
1063 1263 1110 1287 ex
1139 1249 1305 1287 tabernis
1332 1262 1418 1299 quae
1445 1249 1482 1286 in
1513 1250 1595 1287 soro
1616 1258 1706 1287 sunt

238 1319 492 1357 exturbarunt
521 1322 559 1353 et
578 1314 667 1352 vela
685 1313 953 1357 incenderunt,
981 1311 1044 1348 alii
1065 1317 1257 1361 strategos
1278 1317 1522 1347 arcesserunt
1546 1318 1584 1348 et
1603 1311 1705 1348 tubi-

240 1381 363 1420 cinem
384 1382 616 1421 evocarunt3
646 1388 691 1413 ac
709 1375 825 1426 plena
842 1373 1032 1412 tumultus
1051 1379 1133 1410 erat
1152 1372 1300 1410 civitas.
1339 1372 1528 1410 Postridie
1554 1386 1705 1411 summo

241 1456 354 1481 mane
375 1446 558 1493 prytanes
589 1444 770 1476 senatum
791 1442 930 1475 vocant
949 1435 987 1471 in
1008 1435 1165 1481 curiam,
1194 1447 1263 1472 vos
1292 1434 1331 1471 in
1360 1434 1584 1472 concionem
1612 1448 1707 1472 con-

242 1503 416 1548 tenditis,
446 1509 484 1539 et
503 1500 729 1552 priusquam
752 1503 910 1536 senatus
938 1496 1123 1534 retulerat
1150 1502 1188 1534 et
1218 1496 1519 1546 praeconsultum
1547 1496 1707 1542 fecerat,

243 1566 442 1604 universus
457 1567 538 1611 jam
557 1561 725 1613 populus
746 1572 864 1610 supra
883 1558 1125 1596 consederat.
1161 1557 1316 1595 Deinde
1336 1564 1538 1607 postquam
1559 1558 1707 1608 ingres-

245 1640 310 1666 sus
331 1632 392 1664 est
407 1631 579 1669 senatus,
595 1629 632 1660 et
652 1626 912 1672 exposuerunt
926 1626 1108 1672 prytanes
1124 1632 1170 1656 ea
1188 1631 1274 1669 quae
1294 1618 1343 1656 ad
1358 1632 1399 1656 se
1419 1618 1546 1656 delata
1564 1627 1709 1667 essent,

246 1700 410 1738 eumque
443 1685 508 1736 qui
536 1690 697 1722 venerat
723 1683 1002 1735 produxerunt,
1030 1681 1140 1731 isque
1167 1680 1319 1719 locutus
1349 1687 1421 1727 est,
1447 1681 1711 1733 interrogabat

246 1762 374 1801 praeco
395 1747 511 1798 quis
545 1759 564 1783 c
582 1759 604 1783 o
617 1759 640 1782 n
655 1745 697 1782 ci
712 1744 851 1782 onari
887 1757 909 1781 v
923 1743 972 1780 ul
987 1742 1031 1780 t?
1059 1754 1172 1780 nemo
1192 1742 1380 1793 prodibat.
1412 1742 1561 1793 Saepius
1579 1750 1708 1781 autem

247 1816 407 1861 rogante
435 1820 627 1859 praecone,
658 1805 776 1842 nihilo
805 1805 927 1856 magis
954 1804 1137 1854 surgebat
1165 1804 1379 1854 quisquam,
1409 1816 1496 1840 cum
1528 1804 1711 1842 adessent

248 1883 382 1910 omnes
402 1867 573 1918 strategi,
595 1880 727 1904 omnes
755 1873 939 1911 oratores,
968 1877 1131 1915 cumque
1151 1864 1366 1902 communis
1388 1865 1522 1915 patriae
1541 1878 1615 1903 vox
1641 1866 1711 1904 ali-

248 1945 362 1984 quem
383 1931 519 1969 citaret
546 1928 612 1979 qui
640 1928 689 1965 de
715 1928 839 1965 salute
858 1926 1015 1978 publica
1042 1926 1209 1963 diceret:
1241 1939 1358 1976 quarn
1379 1927 1480 1963 enim
1502 1940 1630 1977 praeco
1660 1941 1707 1965 ex

248 1995 379 2045 legum
399 1990 622 2044 praescripto
642 2003 778 2028 vocem
805 1989 935 2035 mittit,
954 1988 1056 2026 hanc
1082 2001 1320 2026 communem
1341 1990 1476 2040 patriae
1496 1990 1712 2029 existimare

251 2062 416 2107 oportet.
466 2053 588 2104 Atqui
608 2053 639 2090 si
660 2053 714 2090 eis
740 2052 806 2102 qui
825 2051 1100 2102 rempublicam
1120 2050 1264 2088 salvam
1287 2050 1502 2089 voluissent
1518 2052 1713 2103 prodeun-

252 2118 345 2156 dum
363 2116 449 2163 fuit,
468 2129 537 2154 vos
558 2114 689 2165 utique
709 2126 843 2151 omnes
873 2120 912 2150 et
936 2112 1065 2150 caeteri
1085 2111 1342 2150 Athenienses
1372 2121 1647 2164 consurgentes
1674 2114 1712 2152 in

250 2186 477 2230 suggestum
500 2175 825 2217 adscendissetis;
855 2187 991 2212 omnes
1013 2173 1128 2219 enim,
1146 2180 1206 2212 sat
1232 2174 1327 2220 scio,
1356 2174 1502 2212 salvam
1532 2188 1616 2213 eam
1643 2189 1712 2214 vo-

252 2241 379 2279 luistis
396 2254 404 2278 :
436 2239 466 2277 si
482 2238 694 2283 ditissimis,
714 2236 877 2274 trecenti
897 2235 965 2273 viri
984 2236 1250 2273 surrexissent:
1271 2235 1302 2273 si
1323 2236 1376 2273 eis
1396 2235 1533 2285 quibus
1551 2242 1713 2288 utraque

255 2303 340 2339 haec
364 2301 636 2351 suppetebant,
663 2299 841 2336 nimirum
861 2305 900 2335 et
917 2297 1112 2335 benevolis
1132 2297 1168 2333 in
1189 2296 1462 2347 rempublicam
1483 2303 1521 2334 et
1545 2297 1716 2349 locuple·

254 2364 373 2408 tibus,
393 2362 417 2399 ii
430 2362 495 2411 qui
514 2360 688 2411 posthaec
710 2372 853 2410 magna
872 2359 973 2396 ultro
988 2359 1121 2407 patriae
1139 2357 1330 2395 donarunt
1348 2370 1504 2395 munera
1520 2372 1528 2400 ;
1560 2371 1648 2397 nam
1669 2373 1716 2398 ex

257 2422 525 2462 benevolentia
562 2421 703 2471 pariter
741 2427 779 2456 et
807 2419 947 2456 divitiis
977 2419 1015 2455 id
1044 2419 1232 2456 fecerunt,
1281 2418 1437 2464 Verum,
1468 2418 1521 2456 uti
1552 2420 1716 2466 videtur,

257 2493 408 2536 tempus
425 2482 519 2520 illud
537 2488 651 2530 atque
673 2480 738 2517 ille
758 2480 840 2517 dies
870 2492 948 2517 non
968 2479 1089 2515 virum
1110 2478 1147 2514 in
1168 2490 1287 2528 remp.
1307 2478 1538 2516 benevolum
1565 2487 1604 2518 et
1622 2481 1717 2519 divi-

258 2553 337 2584 tem
363 2552 514 2582 tantum
534 2543 764 2593 requirebat,
786 2541 855 2578 sed
885 2555 972 2579 eum
991 2541 1056 2590 qui
1074 2553 1134 2577 res
1155 2540 1202 2577 ab
1223 2539 1327 2578 initio
1356 2547 1569 2579 assectatus
1589 2544 1718 2581 obser-

259 2614 380 2653 varat,
400 2612 440 2644 et
458 2610 562 2642 recte
584 2609 876 2653 computaverat
894 2615 1008 2652 quam
1029 2602 1078 2639 ob
1096 2613 1250 2638 causam
1267 2600 1352 2639 haec
1373 2609 1504 2653 ageret
1519 2603 1716 2655 Philippus

261 2677 300 2707 et
316 2667 407 2720 quid
429 2672 649 2717 spectaret:
680 2677 768 2701 narn
789 2664 852 2713 qui
873 2663 956 2700 haec
976 2663 1140 2700 nesciret
1158 2676 1281 2713 neque
1301 2676 1347 2700 ea
1372 2664 1577 2714 diligenter
1596 2666 1717 2703 multo

262 2738 350 2768 anto
365 2729 632 2778 investigaret,
653 2725 897 2776 quantumvis
916 2725 1123 2762 benevolus
1144 2726 1388 2772 quantumvis
1409 2733 1513 2764 esset
1531 2726 1718 2778 locuples,

262 2792 378 2829 nihilo
399 2790 521 2841 magis
545 2795 672 2827 tamen
692 2785 785 2837 quid
806 2786 1021 2823 faciendum
1043 2793 1147 2823 esset
1167 2786 1333 2824 sciturus
1353 2794 1435 2825 erat
1456 2794 1522 2825 aut
1542 2800 1608 2825 vos
1627 2801 1719 2827 con—

261 2854 343 2892 silio
364 2853 579 2902 adjuturus.

319 2917 382 2952 54.
414 2914 450 2951 Is
471 2913 585 2964 igitur
604 2911 668 2948 illo
689 2909 749 2947 die
770 2916 923 2946 exortus
944 2922 1016 2958 ego
1040 2921 1139 2953 sum,
1159 2915 1198 2946 et
1217 2921 1443 2959 progressus
1463 2909 1565 2961 apud
1586 2923 1654 2948 vos
1674 2925 1721 2950 ea
