1923 3149
274 189 349 224 282
790 183 1205 224 ARGUMENTUM.

274 296 324 325 nlii
342 295 466 325 divitias
491 304 596 324 secure
613 299 746 331 teneant,
773 295 837 332 alii,
864 307 987 326 munera
1015 297 1161 325 obeuntes
1177 298 1338 334 perpetua,
1355 293 1477 323 miseria
1503 293 1725 323 conflictentur.

275 346 472 377 Accusatoris
486 346 670 376 firmamenta
682 352 751 376 aunt
769 347 1076 386 legitimum,justum
1093 351 1124 376 et
1140 346 1225 376 utile.
1270 346 1315 376 Ac
1332 345 1500 385 legitimum
1523 345 1637 384 duplex
1664 348 1724 377 est,

276 398 385 437 partim
407 397 436 426 in
460 407 591 436 persona
613 398 757 437 positum,
774 399 882 438 partim
901 399 930 428 in
953 409 996 428 re.
1033 399 1070 428 In
1094 407 1237 437 persona,
1267 406 1305 426 ex
1326 405 1363 426 eo
1389 395 1472 435 quod
1500 405 1566 434 quae
1587 394 1726 424 facienda

274 448 413 483 fuissent,
437 459 495 477 non
520 448 646 484 seceri13
668 449 785 478 tliesnio
810 449 936 478 violato.
972 449 1121 478 Thesmos
1144 453 1243 478 antem
1266 447 1316 477 lex
1341 451 1399 482 est,
1419 446 1609 475 ferendarum
1625 444 1727 484 legum

275 499 422 528 rationem
446 499 658 537 praescribens,
701 498 851 538 Scriptam
876 499 956 529 enim
981 499 1080 538 legem
1106 509 1175 528 eum
1199 502 1267 527 ante
1289 501 1401 527 statuas
1418 496 1569 531 Heroum,
1585 507 1601 525 a
1618 497 1728 535 quibus

276 549 459 589 cognomina
479 550 576 579 tribus
598 555 795 589 acceperunt,
825 560 1010 589 proponere,
1036 556 1068 580 et
1094 549 1174 589 apud
1194 548 1412 588 legumlatores
1435 546 1612 576 confirmare
1639 556 1729 584 opor·

275 601 380 630 lebat:
411 601 442 630 id
459 601 540 640 quod
557 612 614 630 uon
632 601 714 630 fecit.
746 602 781 630 In
808 611 852 636 re,
873 602 956 640 quod
980 611 1016 630 ea
1038 601 1091 630 lex
1109 605 1244 630 veterem
1268 599 1367 638 legem
1384 598 1518 633 violarit,
1543 608 1602 635 qua
1619 596 1732 636 Populi

276 650 454 682 donationes
469 657 541 681 ratae
557 662 622 681 esse
644 652 818 689 jubeantur.
852 652 930 680 Haec
953 651 1048 690 igitur
1070 651 1120 680 lex
1137 651 1183 680 illi
1205 649 1358 680 contraria
1380 653 1440 684 est,
1462 658 1530 677 cum
1554 647 1607 676 illa
1624 647 1733 685 jubeat

277 713 345 742 quae
360 703 438 733 dona
455 703 590 741 Populus
612 702 734 731 dederit
749 707 814 732 rata
828 713 908 738 esse,
924 703 987 732 liaec
1003 713 1039 732 ea
1051 713 1118 742 quae
1135 702 1205 732 data
1220 707 1289 730 sunt
1307 701 1336 730 vi
1353 700 1472 739 eripere
1488 699 1618 728 studeat.
1641 698 1735 728 Justo

277 753 321 783 sic
344 754 457 784 utitur:
483 764 540 782 non
564 753 724 792 eripienda
739 763 809 782 esse
831 753 911 782 dona
940 755 1016 782 bene
1043 753 1170 782 meritis.
1210 752 1287 782 Utili
1313 761 1404 791 porro
1432 750 1578 779 trifariam
1604 748 1732 779 nititur:

276 805 420 843 primum,
447 805 534 834 vobis
562 804 788 834 incommodum
819 805 890 840 erit,
917 804 945 834 si
969 805 1166 835 benemeritis
1194 804 1273 834 dona
1303 802 1495 842 eripueritis;
1525 812 1624 840 neque
1654 800 1734 831 enim

276 855 405 894 posthac
433 856 537 885 Leuco
565 866 581 885 e
608 856 748 895 Bosporo
775 857 958 886 frumentum
986 855 1075 886 vobis
1100 855 1202 885 mittet
1218 866 1225 884 ε
1256 855 1379 889 deinde,
1407 854 1632 883 incommodum
1656 851 1736 888 erit3

276 905 348 944 quia
363 915 451 935 nemo
467 907 543 936 bene
559 906 598 936 de
616 905 774 945 republica
797 907 909 937 mereri
932 907 1028 943 volet,
1051 917 1121 936 cnm
1143 905 1220 936 alios
1244 905 1323 936 dono
1347 904 1494 943 spoliatos
1521 904 1656 933 viderit:
1679 913 1735 942 po·

277 959 404 992 sti-emo,
417 956 610 996 ignominiam
625 957 786 994 subibitis;
799 957 980 987 videbimini
995 957 1076 987 enim
1093 957 1203 996 ing-rati
1219 966 1299 985 esse.
1332 955 1390 984 Est
1406 960 1506 984 autem
1522 954 1586 983 haec
1602 953 1736 983 secundo

276 1007 347 1037 loco
369 1008 473 1038 habita
495 1008 613 1038 oratio:
640 1018 708 1038 nam
722 1007 898 1047 Apliepsio,
915 1012 948 1037 ut
969 1012 1041 1037 natu
1056 1009 1165 1047 maior,
1181 1007 1295 1046 primas
1313 1014 1413 1035 causae
1440 1010 1544 1044 partes
1569 1004 1643 1043 egit.
1681 1003 1739 1034 Le·

277 1057 379 1097 ptines
394 1058 498 1097 itaque
511 1058 668 1098 praecipne
682 1058 752 1088 utili
769 1058 887 1094 nititur,
903 1069 1044 1089 asserens
1059 1059 1170 1088 deesse
1184 1056 1379 1097 reipublicae,
1394 1056 1448 1095 qui
1468 1066 1592 1086 munera
1607 1054 1737 1084 obeant:
1770 1091 1775 1095 1

278 1111 416 1143 seeundo
428 1113 526 1150 justo,
539 1112 631 1150 idque
657 1122 696 1141 ex
713 1111 885 1150 aequalitate
907 1115 1077 1150 spectatur.
1118 1111 1322 1150 Nequaquam
1339 1108 1431 1144 enim,
1452 1107 1564 1147 inquit,
1580 1105 1739 1137 ferendum

278 1165 339 1198 est,
363 1165 396 1193 ut
419 1162 514 1201 aliqui
538 1167 659 1202 arrepta
683 1161 872 1192 immunitate
895 1161 1006 1202 opibus
1027 1162 1194 1196 abundent,
1214 1159 1391 1199 reipublicae
1413 1162 1514 1189 autem
1538 1157 1591 1197 qui
1614 1165 1742 1187 munera

278 1212 389 1242 obeant
404 1213 516 1244 desint.
548 1212 615 1244 Etsi
631 1218 731 1243 autem
747 1213 860 1243 oratori
877 1212 956 1251 legis
969 1212 1125 1242 accusatio
1137 1210 1297 1250 proposita
1312 1220 1384 1240 esse
1402 1209 1524 1239 videtur
1534 1220 1544 1247 ς
1566 1208 1689 1238 occulte
1705 1216 1739 1238 se

278 1262 437 1293 insinuans
459 1265 522 1302 jam
547 1274 626 1295 nuno
650 1264 741 1293 etiam
765 1263 899 1303 propriae
920 1263 1000 1301 legis
1025 1261 1318 1293 commendationem
1341 1264 1434 1300 parat.
1468 1260 1547 1290 Nam
1567 1260 1634 1298 ejus
1649 1258 1680 1288 in
1695 1258 1739 1287 le·

280 1312 386 1352 gitimo
410 1314 510 1354 capite
536 1314 730 1344 fundamenta
740 1314 829 1355 jacit,
846 1325 886 1343 ex
904 1313 1036 1343 adverso
1052 1313 1184 1351 legendo
1201 1316 1233 1341 et
1248 1311 1432 1351 opponendo
1457 1315 1614 1348 utramque
1628 1310 1740 1348 legem,

278 1368 311 1394 et
335 1370 480 1404 quantum
504 1365 625 1395 intersit
641 1365 842 1395 ostendendo.
872 1365 920 1393 Ne
938 1373 1012 1393 vero
1028 1364 1130 1392 subito
1150 1366 1181 1391 et
1202 1361 1451 1391 inconvenienter
1476 1361 1560 1399 leges
1575 1360 1742 1399 ingereret,

279 1424 347 1444 eam
360 1426 423 1445 rem
440 1416 535 1446 multo
551 1422 620 1446 ante
635 1416 791 1446 instruxit.
822 1415 869 1444 Ac
882 1414 981 1454 prima
995 1414 1119 1453 quidem
1133 1412 1278 1442 orationis
1295 1412 1428 1452 objectio
1445 1412 1595 1441 videtui-a
1611 1410 1742 1450 Leptine

280 1465 371 1496 oriri:
407 1467 461 1496 sed
477 1476 585 1496 revera
607 1466 733 1496 inventa
758 1470 806 1496 est
822 1466 858 1495 ad
884 1463 1104 1495 Demosthenis
1121 1463 1296 1498 utilitatem,
1323 1467 1357 1492 ut
1381 1462 1522 1491 videatur
1546 1461 1743 1492 adversarius

280 1518 347 1556 ejus
363 1518 480 1546 sancire
496 1518 605 1557 legem.
637 1517 720 1555 Quid
737 1516 818 1546 enim
835 1515 900 1545 vult
918 1514 1137 1545 Demosthenis
1152 1514 1221 1543 lex?
1253 1515 1298 1543 Ut
1310 1514 1399 1548 dona,
1413 1523 1481 1552 quae
1494 1512 1632 1552 Populus
1645 1511 1744 1546 dedit,

278 1571 346 1598 rata
361 1568 440 1598 sint:
465 1579 501 1598 ea
517 1578 590 1598 vero
606 1568 656 1607 qui
674 1567 831 1597 consecuti
849 1570 918 1596 sunt
934 1566 965 1596 in
986 1567 1039 1605 jus
1055 1570 1216 1600 vocentur,
1234 1569 1267 1593 ut
1292 1563 1317 1593 si
1340 1563 1423 1602 digni
1449 1563 1520 1598 sint,
1541 1568 1674 1600 teneant,
1695 1563 1744 1593 sin

281 1617 434 1649 immerito
448 1624 554 1650 tenere
571 1619 745 1654 videantur,
765 1617 916 1647 convictis
934 1616 1116 1646 adimantur.
1150 1616 1223 1655 Ipse
1239 1615 1335 1654 igitur
1360 1614 1509 1654 Leptines
1527 1612 1743 1645 Demosthenis

279 1669 381 1710 legem
397 1670 565 1701 confirmat.
596 1669 680 1707 Quid
696 1668 802 1699 enim‘?
826 1669 928 1698 statim
945 1667 1034 1697 initio
1050 1667 1201 1706 queritur,
1217 1666 1329 1696 multos
1347 1666 1499 1696 immerito
1516 1676 1584 1696 esse
1604 1666 1743 1696 donatos.

281 1720 388 1752 Habet
407 1721 501 1761 igitur
516 1721 734 1751 Demosthenis
749 1720 850 1759 legem
866 1719 1008 1758 indiguos
1026 1722 1254 1755 secernentem3
1279 1717 1373 1756 idque
1398 1727 1454 1756 per
1477 1716 1578 1746 omnia
1602 1727 1741 1756 sparsum

282 1775 341 1802 est.
372 1771 472 1801 Multa
496 1771 574 1802 enim
597 1782 633 1802 ea
652 1772 691 1801 de
713 1781 746 1801 re
763 1771 859 1800 verba
880 1770 968 1805 facit,
983 1769 1076 1808 idque
1094 1779 1142 1805 eo,
1166 1775 1202 1798 ut
1219 1768 1406 1798 assuefaciat
1426 1768 1549 1807 judices
1571 1767 1744 1798 recitationi

282 1823 362 1863 legis
377 1823 470 1862 paulo
485 1827 556 1862 post
568 1827 729 1852 secuturae.
754 1821 830 1850 Cum
848 1826 950 1850 autem
966 1820 1099 1849 vidisset
1115 1829 1182 1849 eam
1206 1819 1372 1848 orationem
1392 1818 1514 1858 Leptini
1537 1829 1606 1849 esse
1624 1818 1747 1848 validis·

283 1873 402 1910 simam,
423 1878 456 1903 ut
473 1872 617 1903 ditissimi
637 1882 763 1902 munera
777 1872 898 1907 obeant,
914 1870 1064 1900 neminem
1080 1880 1148 1900 esse
1164 1874 1306 1910 oportere
1326 1868 1502 1904 immunem,
1520 1879 1581 1898 non
1597 1869 1673 1899 hanc
1689 1878 1744 1908 po·

284 1924 344 1954 suit
361 1923 560 1963 principalem
584 1923 800 1962 objectionem,
825 1921 879 1951 sed
902 1931 967 1950 eam
985 1930 1053 1960 quae
1070 1920 1129 1949 sibi
1154 1918 1371 1954 conducibilis,
1393 1923 1424 1948 et
1447 1918 1577 1949 ferendae
1592 1929 1609 1949 a
1633 1929 1665 1949 se
1680 1917 1743 1958 legi

284 1975 512 2014 patrocinatui-a
528 1978 620 2004 esset.
659 1973 737 2002 Cum
763 1971 844 2002 enim
873 1971 958 2007 dicit,
987 1974 1025 2000 et
1055 1980 1071 2000 e
1084 1981 1102 2000 a
1134 1975 1198 2000 rat
1212 1970 1250 2000 io
1263 1980 1281 1999 n
1295 1980 1311 1999 e
1340 1969 1412 2009 plu
1424 1969 1528 1999 rimu
1542 1980 1571 2000 m
1601 1975 1706 1999 utetu
1719 1981 1745 2006 r,

285 2025 402 2064 decipit
417 2025 583 2055 auditores.
610 2025 719 2064 Neque
736 2023 816 2053 enim
840 2023 878 2052 de
894 2021 1030 2061 indignis
1046 2021 1141 2051 multa
1161 2021 1254 2050 verba
1270 2020 1373 2056 saciet,
1395 2020 1448 2050 sed
1464 2021 1504 2050 de
1528 2031 1564 2050 eo
1589 2020 1745 2057 nimirum,

286 2075 395 2107 deesse
410 2076 588 2117 reipublicae
604 2075 657 2116 qui
673 2083 797 2105 munera
811 2073 935 2110 obeant,
950 2077 981 2103 et
1008 2083 1077 2103 esse
1095 2083 1112 2102 e
1135 2071 1296 2112 republica
1311 2076 1345 2102 nt
1361 2081 1378 2101 a
1392 2071 1582 2112 pauperihus
1607 2082 1699 2102 onera
1714 2071 1745 2101 in

286 2127 401 2158 divites
421 2128 649 2158 transferantur.

330 2179 435 2209 Genus
451 2178 596 2209 orationis
608 2176 754 2217 judiciale
778 2175 902 2215 quidem
924 2177 981 2211 est,
1003 2185 1071 2204 enm
1091 2174 1129 2203 de
1155 2173 1225 2213 lege
1242 2173 1395 2213 judicium
1419 2173 1482 2203 fiat.
1517 2172 1579 2203 Sed
1602 2172 1746 2203 universa

287 2231 416 2262 materia
431 2235 479 2262 est
493 2231 622 2271 duplex,
637 2228 749 2269 partim
761 2227 929 2268 judicialis,
945 2227 1056 2266 partim
1072 2226 1220 2256 suasoria.
1246 2225 1390 2256 Invenias
1406 2225 1498 2255 etiam
1514 2224 1747 2254 demonstrativi

289 2282 410 2322 generis
431 2293 489 2312 non
515 2285 686 2320 expertem,
702 2279 755 2309 nbi
772 2278 908 2319 singulos
927 2278 978 2318 qui
994 2279 1072 2308 bene
1089 2277 1190 2308 meriti
1206 2281 1276 2307 sunt
1292 2286 1400 2307 ornare
1419 2276 1542 2305 studet:
1568 2274 1680 2305 etenim
1696 2275 1745 2306 hic

288 2333 427 2373 reperies
444 2333 550 2363 laudes
575 2333 682 2371 dignas
697 2331 759 2361 illis
780 2330 869 2366 viris,
885 2334 916 2360 et
932 2329 1024 2359 verba
1048 2329 1170 2358 illorum
1188 2328 1279 2358 rebus
1301 2325 1397 2365 gestis
1413 2331 1615 2366 congruenter
1637 2330 1745 2356 attem-

289 2388 405 2424 perata,
422 2384 530 2420 veluti,
545 2393 613 2414 cum
630 2393 661 2412 se
684 2382 715 2412 in
731 2380 865 2412 Cononis
882 2384 911 2410 et
928 2379 1068 2410 Chabriae
1090 2379 1181 2409 rebus
1207 2377 1302 2418 gestis
1315 2377 1451 2416 Jactitat,
1467 2380 1497 2407 et
1522 2376 1699 2416 Epicerdis,
1715 2380 1747 2405 et

288 2434 480 2469 Thasiorum.
497 2439 527 2466 et
542 2433 779 2470 Corinthiorum,
795 2438 825 2463 et
835 2431 998 2463 Leuconis.
1022 2430 1072 2461 Ad
1088 2429 1234 2461 orationis
1247 2438 1320 2460 vero
1335 2427 1546 2459 tractationem
1561 2432 1746 2458 transeamus

293 2489 424 2525 oportet.
