<?xml version="1.0" encoding="UTF-8"?>
<!DOCTYPE html PUBLIC "-//W3C//DTD XHTML 1.0 Transitional//EN"
    "http://www.w3.org/TR/xhtml1/DTD/xhtml1-transitional.dtd">
<html xmlns="http://www.w3.org/1999/xhtml" xml:lang="en" lang="en">
 <head>
  <title>
</title>
<meta http-equiv="Content-Type" content="text/html;charset=utf-8" />
  <meta name='ocr-system' content='tesseract 3.04.00' />
  <meta name='ocr-capabilities' content='ocr_page ocr_carea ocr_par ocr_line ocrx_word'/>
</head>
<body>
  <div class='ocr_page' id='page_1' title='image "./oratoresatticie15dobs_0360.png"; bbox 0 0 1923 3149; ppageno 0'>
   <div class='ocr_carea' id='block_1_1' title="bbox 301 187 1262 246">
    <p class='ocr_par' dir='ltr' id='par_1_1' title="bbox 301 187 1262 246">
     <span class='ocr_line' id='line_1_1' title="bbox 301 187 1262 246; baseline -0.001 -19"><span class='ocrx_word' id='word_1_1' title='bbox 301 193 376 228; x_wconf 78' lang='lat'>344</span> <span class='ocrx_word' id='word_1_2' title='bbox 752 242 756 246; x_wconf 17' lang='grc' dir='ltr'>ι</span> <span class='ocrx_word' id='word_1_3' title='bbox 780 187 1000 226; x_wconf 75' lang='lat' dir='ltr'>CONTRA</span> <span class='ocrx_word' id='word_1_4' title='bbox 1031 188 1262 226; x_wconf 76' lang='lat' dir='ltr'>MIDIAM.</span> 
     </span>
    </p>
   </div>
   <div class='ocr_carea' id='block_1_2' title="bbox 296 289 1810 1621">
    <p class='ocr_par' dir='ltr' id='par_1_2' title="bbox 296 289 1810 586">
     <span class='ocr_line' id='line_1_2' title="bbox 297 289 1810 341; baseline -0.001 -12"><span class='ocrx_word' id='word_1_5' title='bbox 297 293 449 329; x_wconf 82' lang='lat' dir='ltr'>sitatem</span> <span class='ocrx_word' id='word_1_6' title='bbox 479 298 518 328; x_wconf 92' lang='lat' dir='ltr'>et</span> <span class='ocrx_word' id='word_1_7' title='bbox 538 290 729 340; x_wconf 81' lang='lat' dir='ltr'>ignaviam</span> <span class='ocrx_word' id='word_1_8' title='bbox 749 298 786 328; x_wconf 92' lang='lat' dir='ltr'>et</span> <span class='ocrx_word' id='word_1_9' title='bbox 814 291 1106 341; x_wconf 84' lang='lat' dir='ltr'>improbitatem,</span> <span class='ocrx_word' id='word_1_10' title='bbox 1126 291 1258 328; x_wconf 86' lang='lat' dir='ltr'>vestris</span> <span class='ocrx_word' id='word_1_11' title='bbox 1287 289 1573 340; x_wconf 85' lang='lat' dir='ltr'>magistratibus</span> <span class='ocrx_word' id='word_1_12' title='bbox 1595 290 1748 329; x_wconf 27' lang='lat' dir='ltr'>honori,</span> <span class='ocrx_word' id='word_1_13' title='bbox 1807 304 1810 305; x_wconf 47' lang='lat'><em>⁷</em></span> 
     </span>
     <span class='ocr_line' id='line_1_3' title="bbox 296 350 1748 403; baseline -0.001 -13"><span class='ocrx_word' id='word_1_14' title='bbox 296 354 445 403; x_wconf 88' lang='lat' dir='ltr'>busque</span> <span class='ocrx_word' id='word_1_15' title='bbox 475 358 515 389; x_wconf 89' lang='lat' dir='ltr'>et</span> <span class='ocrx_word' id='word_1_16' title='bbox 533 350 718 402; x_wconf 82' lang='lat' dir='ltr'>suffragiis</span> <span class='ocrx_word' id='word_1_17' title='bbox 741 350 960 396; x_wconf 89' lang='lat' dir='ltr'>emendare,</span> <span class='ocrx_word' id='word_1_18' title='bbox 981 364 1139 402; x_wconf 87' lang='lat' dir='ltr'>parvum</span> <span class='ocrx_word' id='word_1_19' title='bbox 1165 351 1321 389; x_wconf 88' lang='lat' dir='ltr'>creditis</span> <span class='ocrx_word' id='word_1_20' title='bbox 1350 363 1435 389; x_wconf 90' lang='lat' dir='ltr'>esse</span> <span class='ocrx_word' id='word_1_21' title='bbox 1465 363 1604 388; x_wconf 90' lang='lat' dir='ltr'>munus</span> <span class='ocrx_word' id='word_1_22' title='bbox 1633 357 1748 402; x_wconf 88' lang='lat' dir='ltr'>atque</span> 
     </span>
     <span class='ocr_line' id='line_1_4' title="bbox 299 411 1751 464; baseline -0.001 -14"><span class='ocrx_word' id='word_1_23' title='bbox 299 412 672 450; x_wconf 79' lang='lat' dir='ltr'>remunerationem?</span> <span class='ocrx_word' id='word_1_24' title='bbox 703 414 824 464; x_wconf 86' lang='lat' dir='ltr'><strong>Atqui</strong></span> <span class='ocrx_word' id='word_1_25' title='bbox 850 414 881 450; x_wconf 88' lang='lat' dir='ltr'>si</span> <span class='ocrx_word' id='word_1_26' title='bbox 900 413 983 463; x_wconf 92' lang='lat' dir='ltr'>quis</span> <span class='ocrx_word' id='word_1_27' title='bbox 1003 413 1035 449; x_wconf 89' lang='lat' dir='ltr'>ei</span> <span class='ocrx_word' id='word_1_28' title='bbox 1054 412 1188 450; x_wconf 86' lang='lat' dir='ltr'>isthaec</span> <span class='ocrx_word' id='word_1_29' title='bbox 1207 414 1289 463; x_wconf 89' lang='lat' dir='ltr'>ipsa</span> <span class='ocrx_word' id='word_1_30' title='bbox 1307 411 1526 450; x_wconf 82' lang='lat' dir='ltr'><strong>sustulerit:</strong></span> <span class='ocrx_word' id='word_1_31' title='bbox 1560 412 1631 449; x_wconf 87' lang='lat' dir='ltr'>fui</span> <span class='ocrx_word' id='word_1_32' title='bbox 1661 426 1751 450; x_wconf 90' lang='lat' dir='ltr'>ma-</span> 
     </span>
     <span class='ocr_line' id='line_1_5' title="bbox 300 472 1749 527; baseline -0.002 -15"><span class='ocrx_word' id='word_1_33' title='bbox 300 476 465 527; x_wconf 84' lang='lat' dir='ltr'>gister</span> <span class='ocrx_word' id='word_1_34' title='bbox 512 475 766 525; x_wconf 88' lang='lat' dir='ltr'>equitum,</span> <span class='ocrx_word' id='word_1_35' title='bbox 816 474 995 512; x_wconf 88' lang='lat' dir='ltr'>Parali</span> <span class='ocrx_word' id='word_1_36' title='bbox 1043 481 1364 523; x_wconf 84' lang='lat' dir='ltr'>quaesturam</span> <span class='ocrx_word' id='word_1_37' title='bbox 1413 472 1589 523; x_wconf 85' lang='lat' dir='ltr'>gessi:</span> <span class='ocrx_word' id='word_1_38' title='bbox 1637 472 1749 523; x_wconf 85' lang='lat' dir='ltr'>cujus</span> 
     </span>
     <span class='ocr_line' id='line_1_6' title="bbox 299 534 1675 586; baseline -0.006 -12"><span class='ocrx_word' id='word_1_39' title='bbox 299 536 406 586; x_wconf 90' lang='lat' dir='ltr'>pretii</span> <span class='ocrx_word' id='word_1_40' title='bbox 421 535 576 574; x_wconf 86' lang='lat' dir='ltr'>tandem</span> <span class='ocrx_word' id='word_1_41' title='bbox 596 536 660 573; x_wconf 91' lang='lat' dir='ltr'>ille</span> <span class='ocrx_word' id='word_1_42' title='bbox 675 534 816 572; x_wconf 78' lang='lat' dir='ltr'>fuerit?</span> <span class='ocrx_word' id='word_1_43' title='bbox 1672 543 1675 547; x_wconf 65' lang='grc'><em>’</em></span> 
     </span>
    </p>

    <p class='ocr_par' dir='ltr' id='par_1_3' title="bbox 297 594 1755 1621">
     <span class='ocr_line' id='line_1_7' title="bbox 352 594 1753 646; baseline -0.002 -12"><span class='ocrx_word' id='word_1_44' title='bbox 352 599 418 635; x_wconf 87' lang='grc'>48.</span> <span class='ocrx_word' id='word_1_45' title='bbox 448 597 550 633; x_wconf 89' lang='lat' dir='ltr'>Illud</span> <span class='ocrx_word' id='word_1_46' title='bbox 580 597 695 634; x_wconf 88' lang='lat' dir='ltr'>etiam</span> <span class='ocrx_word' id='word_1_47' title='bbox 716 595 833 641; x_wconf 89' lang='lat' dir='ltr'>scitis,</span> <span class='ocrx_word' id='word_1_48' title='bbox 861 609 947 633; x_wconf 89' lang='lat' dir='ltr'>eum</span> <span class='ocrx_word' id='word_1_49' title='bbox 975 595 1102 634; x_wconf 85' lang='lat' dir='ltr'>Parali</span> <span class='ocrx_word' id='word_1_50' title='bbox 1127 602 1357 646; x_wconf 79' lang='lat' dir='ltr'>quaestorem</span> <span class='ocrx_word' id='word_1_51' title='bbox 1389 594 1552 645; x_wconf 89' lang='lat' dir='ltr'>amplius</span> <span class='ocrx_word' id='word_1_52' title='bbox 1582 595 1753 645; x_wconf 84' lang='lat' dir='ltr'>quinque</span> 
     </span>
     <span class='ocr_line' id='line_1_8' title="bbox 298 656 1752 708; baseline -0.003 -12"><span class='ocrx_word' id='word_1_53' title='bbox 298 658 445 697; x_wconf 87' lang='lat' dir='ltr'>talenta</span> <span class='ocrx_word' id='word_1_54' title='bbox 484 656 684 708; x_wconf 85' lang='lat' dir='ltr'>Cyzicenis</span> <span class='ocrx_word' id='word_1_55' title='bbox 721 656 911 707; x_wconf 82' lang='lat' dir='ltr'>rapuisse.</span> <span class='ocrx_word' id='word_1_56' title='bbox 961 657 1017 694; x_wconf 93' lang='lat' dir='ltr'>Ac</span> <span class='ocrx_word' id='word_1_57' title='bbox 1055 670 1102 694; x_wconf 90' lang='lat' dir='ltr'>ne</span> <span class='ocrx_word' id='word_1_58' title='bbox 1141 656 1443 707; x_wconf 86' lang='lat' dir='ltr'>repetundarum</span> <span class='ocrx_word' id='word_1_59' title='bbox 1479 656 1752 706; x_wconf 83' lang='lat' dir='ltr'>postularetur,</span> 
     </span>
     <span class='ocr_line' id='line_1_9' title="bbox 298 718 1753 768; baseline -0.003 -10"><span class='ocrx_word' id='word_1_60' title='bbox 298 720 422 758; x_wconf 86' lang='lat' dir='ltr'>modis</span> <span class='ocrx_word' id='word_1_61' title='bbox 442 720 618 757; x_wconf 86' lang='lat' dir='ltr'>omnibus</span> <span class='ocrx_word' id='word_1_62' title='bbox 639 718 812 756; x_wconf 90' lang='lat' dir='ltr'>homines</span> <span class='ocrx_word' id='word_1_63' title='bbox 833 718 1009 756; x_wconf 86' lang='lat' dir='ltr'>vexando</span> <span class='ocrx_word' id='word_1_64' title='bbox 1024 726 1063 756; x_wconf 88' lang='lat' dir='ltr'>et</span> <span class='ocrx_word' id='word_1_65' title='bbox 1080 718 1326 768; x_wconf 85' lang='lat' dir='ltr'>exagitando,</span> <span class='ocrx_word' id='word_1_66' title='bbox 1354 725 1392 755; x_wconf 90' lang='lat' dir='ltr'>et</span> <span class='ocrx_word' id='word_1_67' title='bbox 1412 725 1578 755; x_wconf 83' lang='lat' dir='ltr'>tesseras</span> <span class='ocrx_word' id='word_1_68' title='bbox 1598 724 1753 755; x_wconf 89' lang='lat' dir='ltr'>contur-</span> 
     </span>
     <span class='ocr_line' id='line_1_10' title="bbox 297 779 1753 830; baseline -0.001 -12"><span class='ocrx_word' id='word_1_69' title='bbox 297 781 443 825; x_wconf 92' lang='lat' dir='ltr'>bando,</span> <span class='ocrx_word' id='word_1_70' title='bbox 474 780 693 830; x_wconf 83' lang='lat' dir='ltr'>reipublicae</span> <span class='ocrx_word' id='word_1_71' title='bbox 712 785 854 816; x_wconf 85' lang='lat' dir='ltr'>nostrae</span> <span class='ocrx_word' id='word_1_72' title='bbox 873 779 975 816; x_wconf 91' lang='lat' dir='ltr'>illius</span> <span class='ocrx_word' id='word_1_73' title='bbox 995 781 1098 817; x_wconf 91' lang='lat' dir='ltr'>urbis</span> <span class='ocrx_word' id='word_1_74' title='bbox 1127 780 1341 817; x_wconf 81' lang='lat' dir='ltr'>inimicitias</span> <span class='ocrx_word' id='word_1_75' title='bbox 1361 792 1603 830; x_wconf 84' lang='lat' dir='ltr'>procurasse,</span> <span class='ocrx_word' id='word_1_76' title='bbox 1633 791 1753 830; x_wconf 89' lang='lat' dir='ltr'>pecu-</span> 
     </span>
     <span class='ocr_line' id='line_1_11' title="bbox 298 840 1752 891; baseline -0.001 -12"><span class='ocrx_word' id='word_1_77' title='bbox 298 842 399 879; x_wconf 89' lang='lat' dir='ltr'>niam</span> <span class='ocrx_word' id='word_1_78' title='bbox 420 842 544 891; x_wconf 90' lang='lat' dir='ltr'>ipsum</span> <span class='ocrx_word' id='word_1_79' title='bbox 565 841 635 878; x_wconf 81' lang='lat' dir='ltr'>sibi</span> <span class='ocrx_word' id='word_1_80' title='bbox 655 840 869 878; x_wconf 84' lang='lat' dir='ltr'>retinuisse.</span> <span class='ocrx_word' id='word_1_81' title='bbox 900 840 1089 891; x_wconf 82' lang='lat' dir='ltr'>Magister</span> <span class='ocrx_word' id='word_1_82' title='bbox 1109 842 1275 891; x_wconf 90' lang='lat' dir='ltr'>equitum</span> <span class='ocrx_word' id='word_1_83' title='bbox 1294 841 1434 886; x_wconf 80' lang='lat' dir='ltr'>sactus,</span> <span class='ocrx_word' id='word_1_84' title='bbox 1455 848 1624 878; x_wconf 84' lang='lat' dir='ltr'>vestrum</span> <span class='ocrx_word' id='word_1_85' title='bbox 1645 841 1752 891; x_wconf 88' lang='lat' dir='ltr'>equi—</span> 
     </span>
     <span class='ocr_line' id='line_1_12' title="bbox 298 900 1755 951; baseline -0.001 -11"><span class='ocrx_word' id='word_1_86' title='bbox 298 909 419 940; x_wconf 82' lang='lat' dir='ltr'>tatum</span> <span class='ocrx_word' id='word_1_87' title='bbox 441 901 553 947; x_wconf 84' lang='lat' dir='ltr'>laesit,</span> <span class='ocrx_word' id='word_1_88' title='bbox 572 902 713 938; x_wconf 88' lang='lat' dir='ltr'>talibus</span> <span class='ocrx_word' id='word_1_89' title='bbox 732 901 881 950; x_wconf 78' lang='lat' dir='ltr'>legibus</span> <span class='ocrx_word' id='word_1_90' title='bbox 903 900 1004 945; x_wconf 87' lang='lat' dir='ltr'>latis,</span> <span class='ocrx_word' id='word_1_91' title='bbox 1032 908 1074 938; x_wconf 91' lang='lat' dir='ltr'>ut</span> <span class='ocrx_word' id='word_1_92' title='bbox 1094 914 1159 938; x_wconf 89' lang='lat' dir='ltr'>eas</span> <span class='ocrx_word' id='word_1_93' title='bbox 1181 914 1204 939; x_wconf 87' lang='lat' dir='ltr'>a</span> <span class='ocrx_word' id='word_1_94' title='bbox 1224 913 1266 938; x_wconf 91' lang='lat' dir='ltr'>se</span> <span class='ocrx_word' id='word_1_95' title='bbox 1286 912 1372 938; x_wconf 90' lang='lat' dir='ltr'>esse</span> <span class='ocrx_word' id='word_1_96' title='bbox 1391 901 1491 938; x_wconf 88' lang='lat' dir='ltr'>latas</span> <span class='ocrx_word' id='word_1_97' title='bbox 1518 902 1598 951; x_wconf 90' lang='lat' dir='ltr'>ipse</span> <span class='ocrx_word' id='word_1_98' title='bbox 1618 907 1755 951; x_wconf 79' lang='lat' dir='ltr'>postea</span> 
     </span>
     <span class='ocr_line' id='line_1_13' title="bbox 298 960 1753 1014; baseline -0.001 -13"><span class='ocrx_word' id='word_1_99' title='bbox 298 970 470 1014; x_wconf 83' lang='lat' dir='ltr'>negaret.</span> <span class='ocrx_word' id='word_1_100' title='bbox 502 964 566 1000; x_wconf 92' lang='lat' dir='ltr'>Ac</span> <span class='ocrx_word' id='word_1_101' title='bbox 585 968 666 999; x_wconf 88' lang='lat' dir='ltr'>tum</span> <span class='ocrx_word' id='word_1_102' title='bbox 687 961 814 999; x_wconf 89' lang='lat' dir='ltr'>Parali</span> <span class='ocrx_word' id='word_1_103' title='bbox 833 970 1018 1012; x_wconf 81' lang='lat' dir='ltr'>quaestor,</span> <span class='ocrx_word' id='word_1_104' title='bbox 1038 975 1125 1000; x_wconf 83' lang='lat' dir='ltr'>cum</span> <span class='ocrx_word' id='word_1_105' title='bbox 1145 963 1183 999; x_wconf 93' lang='lat' dir='ltr'>in</span> <span class='ocrx_word' id='word_1_106' title='bbox 1206 963 1393 1000; x_wconf 89' lang='lat' dir='ltr'>Euboeam</span> <span class='ocrx_word' id='word_1_107' title='bbox 1410 974 1478 999; x_wconf 87' lang='lat' dir='ltr'>vos</span> <span class='ocrx_word' id='word_1_108' title='bbox 1496 968 1630 1000; x_wconf 87' lang='lat' dir='ltr'>contra</span> <span class='ocrx_word' id='word_1_109' title='bbox 1650 960 1753 999; x_wconf 69' lang='lat' dir='ltr'>The-</span> 
     </span>
     <span class='ocr_line' id='line_1_14' title="bbox 297 1022 1755 1076; baseline -0.002 -14"><span class='ocrx_word' id='word_1_110' title='bbox 297 1025 420 1062; x_wconf 87' lang='lat' dir='ltr'>banos</span> <span class='ocrx_word' id='word_1_111' title='bbox 435 1023 781 1076; x_wconf 87' lang='lat' dir='ltr'>proficisceremini,</span> <span class='ocrx_word' id='word_1_112' title='bbox 803 1029 842 1060; x_wconf 89' lang='lat' dir='ltr'>et</span> <span class='ocrx_word' id='word_1_113' title='bbox 860 1022 938 1074; x_wconf 87' lang='lat' dir='ltr'>ipse</span> <span class='ocrx_word' id='word_1_114' title='bbox 959 1024 996 1060; x_wconf 92' lang='lat' dir='ltr'>in</span> <span class='ocrx_word' id='word_1_115' title='bbox 1024 1023 1216 1061; x_wconf 86' lang='lat' dir='ltr'>mandatis</span> <span class='ocrx_word' id='word_1_116' title='bbox 1238 1024 1396 1061; x_wconf 88' lang='lat' dir='ltr'>haberet</span> <span class='ocrx_word' id='word_1_117' title='bbox 1412 1029 1457 1060; x_wconf 92' lang='lat' dir='ltr'>ut</span> <span class='ocrx_word' id='word_1_118' title='bbox 1483 1022 1686 1060; x_wconf 88' lang='lat' dir='ltr'>duodecim</span> <span class='ocrx_word' id='word_1_119' title='bbox 1707 1035 1755 1060; x_wconf 86' lang='lat' dir='ltr'>ex</span> 
     </span>
     <span class='ocr_line' id='line_1_15' title="bbox 299 1083 1754 1135; baseline -0.003 -11"><span class='ocrx_word' id='word_1_120' title='bbox 299 1087 433 1124; x_wconf 82' lang='lat' dir='ltr'>aerario</span> <span class='ocrx_word' id='word_1_121' title='bbox 452 1086 595 1124; x_wconf 85' lang='lat' dir='ltr'>talenta</span> <span class='ocrx_word' id='word_1_122' title='bbox 622 1086 875 1135; x_wconf 81' lang='lat' dir='ltr'>dispensaret,</span> <span class='ocrx_word' id='word_1_123' title='bbox 897 1085 1118 1134; x_wconf 87' lang='lat' dir='ltr'>petentibus</span> <span class='ocrx_word' id='word_1_124' title='bbox 1143 1085 1253 1122; x_wconf 89' lang='lat' dir='ltr'>vobis</span> <span class='ocrx_word' id='word_1_125' title='bbox 1280 1091 1322 1121; x_wconf 93' lang='lat' dir='ltr'>ut</span> <span class='ocrx_word' id='word_1_126' title='bbox 1349 1085 1558 1134; x_wconf 86' lang='lat' dir='ltr'>navigaret,</span> <span class='ocrx_word' id='word_1_127' title='bbox 1586 1083 1754 1121; x_wconf 88' lang='lat' dir='ltr'>deduce-</span> 
     </span>
     <span class='ocr_line' id='line_1_16' title="bbox 297 1144 1755 1197; baseline -0.003 -13"><span class='ocrx_word' id='word_1_128' title='bbox 297 1155 433 1197; x_wconf 89' lang='lat' dir='ltr'>retque</span> <span class='ocrx_word' id='word_1_129' title='bbox 454 1147 603 1192; x_wconf 86' lang='lat' dir='ltr'>milites,</span> <span class='ocrx_word' id='word_1_130' title='bbox 622 1159 699 1183; x_wconf 89' lang='lat' dir='ltr'>non</span> <span class='ocrx_word' id='word_1_131' title='bbox 719 1145 877 1195; x_wconf 81' lang='lat' dir='ltr'>adjuvit.</span> <span class='ocrx_word' id='word_1_132' title='bbox 921 1145 998 1182; x_wconf 87' lang='lat' dir='ltr'>Sed</span> <span class='ocrx_word' id='word_1_133' title='bbox 1024 1145 1193 1196; x_wconf 88' lang='lat' dir='ltr'>ictojam</span> <span class='ocrx_word' id='word_1_134' title='bbox 1214 1158 1280 1195; x_wconf 92' lang='lat' dir='ltr'>per</span> <span class='ocrx_word' id='word_1_135' title='bbox 1304 1144 1482 1182; x_wconf 89' lang='lat' dir='ltr'>Dioclem</span> <span class='ocrx_word' id='word_1_136' title='bbox 1503 1144 1646 1182; x_wconf 84' lang='lat' dir='ltr'>foedere</span> <span class='ocrx_word' id='word_1_137' title='bbox 1667 1157 1755 1182; x_wconf 89' lang='lat' dir='ltr'>cum</span> 
     </span>
     <span class='ocr_line' id='line_1_17' title="bbox 297 1206 1754 1256; baseline -0.002 -11"><span class='ocrx_word' id='word_1_138' title='bbox 297 1208 507 1252; x_wconf 85' lang='lat' dir='ltr'>Thebanis,</span> <span class='ocrx_word' id='word_1_139' title='bbox 525 1207 640 1245; x_wconf 89' lang='lat' dir='ltr'>venit.</span> <span class='ocrx_word' id='word_1_140' title='bbox 684 1206 741 1244; x_wconf 90' lang='lat' dir='ltr'>Ac</span> <span class='ocrx_word' id='word_1_141' title='bbox 766 1213 846 1242; x_wconf 90' lang='lat' dir='ltr'>tum</span> <span class='ocrx_word' id='word_1_142' title='bbox 868 1218 891 1242; x_wconf 92' lang='lat' dir='ltr'>a</span> <span class='ocrx_word' id='word_1_143' title='bbox 910 1206 1057 1256; x_wconf 89' lang='lat' dir='ltr'>privata</span> <span class='ocrx_word' id='word_1_144' title='bbox 1075 1206 1242 1256; x_wconf 88' lang='lat' dir='ltr'>quadam</span> <span class='ocrx_word' id='word_1_145' title='bbox 1270 1207 1411 1244; x_wconf 87' lang='lat' dir='ltr'>triremi</span> <span class='ocrx_word' id='word_1_146' title='bbox 1434 1206 1652 1256; x_wconf 85' lang='lat' dir='ltr'>navigando</span> <span class='ocrx_word' id='word_1_147' title='bbox 1672 1206 1754 1255; x_wconf 85' lang='lat' dir='ltr'>vin-</span> 
     </span>
     <span class='ocr_line' id='line_1_18' title="bbox 297 1266 1754 1319; baseline -0.001 -13"><span class='ocrx_word' id='word_1_148' title='bbox 297 1269 478 1306; x_wconf 88' lang='lat' dir='ltr'>cebatur:</span> <span class='ocrx_word' id='word_1_149' title='bbox 515 1268 612 1306; x_wconf 88' lang='lat' dir='ltr'>adeo</span> <span class='ocrx_word' id='word_1_150' title='bbox 650 1268 832 1319; x_wconf 83' lang='lat' dir='ltr'>praeclare</span> <span class='ocrx_word' id='word_1_151' title='bbox 859 1280 1008 1306; x_wconf 86' lang='lat' dir='ltr'>sacram</span> <span class='ocrx_word' id='word_1_152' title='bbox 1037 1267 1140 1305; x_wconf 87' lang='lat' dir='ltr'>illam</span> <span class='ocrx_word' id='word_1_153' title='bbox 1168 1274 1335 1318; x_wconf 85' lang='lat' dir='ltr'>pararat.</span> <span class='ocrx_word' id='word_1_154' title='bbox 1384 1266 1488 1304; x_wconf 91' lang='lat' dir='ltr'>Dum</span> <span class='ocrx_word' id='word_1_155' title='bbox 1514 1279 1603 1304; x_wconf 86' lang='lat' dir='ltr'>vero</span> <span class='ocrx_word' id='word_1_156' title='bbox 1633 1267 1754 1317; x_wconf 83' lang='lat' dir='ltr'>magi-</span> 
     </span>
     <span class='ocr_line' id='line_1_19' title="bbox 299 1328 1753 1381; baseline -0.003 -13"><span class='ocrx_word' id='word_1_157' title='bbox 299 1337 377 1368; x_wconf 90' lang='lat' dir='ltr'>ster</span> <span class='ocrx_word' id='word_1_158' title='bbox 396 1331 568 1380; x_wconf 90' lang='lat' dir='ltr'>equitum</span> <span class='ocrx_word' id='word_1_159' title='bbox 585 1338 711 1374; x_wconf 85' lang='lat' dir='ltr'>esset;</span> <span class='ocrx_word' id='word_1_160' title='bbox 745 1331 837 1381; x_wconf 89' lang='lat' dir='ltr'>quid</span> <span class='ocrx_word' id='word_1_161' title='bbox 853 1331 998 1381; x_wconf 89' lang='lat' dir='ltr'>putatis</span> <span class='ocrx_word' id='word_1_162' title='bbox 1019 1329 1067 1367; x_wconf 89' lang='lat' dir='ltr'>de</span> <span class='ocrx_word' id='word_1_163' title='bbox 1086 1328 1267 1379; x_wconf 73' lang='lat' dir='ltr'>reliquis?</span> <span class='ocrx_word' id='word_1_164' title='bbox 1289 1328 1516 1379; x_wconf 90' lang='lat' dir='ltr'>splendidus</span> <span class='ocrx_word' id='word_1_165' title='bbox 1541 1328 1614 1366; x_wconf 92' lang='lat' dir='ltr'>iste</span> <span class='ocrx_word' id='word_1_166' title='bbox 1639 1335 1753 1378; x_wconf 89' lang='lat' dir='ltr'>atque</span> 
     </span>
     <span class='ocr_line' id='line_1_20' title="bbox 298 1389 1751 1443; baseline -0.003 -13"><span class='ocrx_word' id='word_1_167' title='bbox 298 1392 479 1443; x_wconf 85' lang='lat' dir='ltr'>copiosus</span> <span class='ocrx_word' id='word_1_168' title='bbox 492 1405 563 1429; x_wconf 89' lang='lat' dir='ltr'>nec</span> <span class='ocrx_word' id='word_1_169' title='bbox 578 1405 733 1441; x_wconf 89' lang='lat' dir='ltr'>equum,</span> <span class='ocrx_word' id='word_1_170' title='bbox 748 1404 885 1442; x_wconf 90' lang='lat' dir='ltr'>equum</span> <span class='ocrx_word' id='word_1_171' title='bbox 898 1392 1069 1441; x_wconf 85' lang='lat' dir='ltr'>inquam,</span> <span class='ocrx_word' id='word_1_172' title='bbox 1081 1390 1276 1441; x_wconf 87' lang='lat' dir='ltr'>proprium</span> <span class='ocrx_word' id='word_1_173' title='bbox 1290 1402 1418 1427; x_wconf 90' lang='lat' dir='ltr'>emere</span> <span class='ocrx_word' id='word_1_174' title='bbox 1434 1389 1507 1426; x_wconf 89' lang='lat' dir='ltr'>fuit</span> <span class='ocrx_word' id='word_1_175' title='bbox 1521 1402 1659 1427; x_wconf 81' lang='lat' dir='ltr'>ausus:</span> <span class='ocrx_word' id='word_1_176' title='bbox 1681 1389 1751 1426; x_wconf 91' lang='lat' dir='ltr'>sed</span> 
     </span>
     <span class='ocr_line' id='line_1_21' title="bbox 297 1451 1754 1504; baseline -0.003 -13"><span class='ocrx_word' id='word_1_177' title='bbox 297 1453 422 1492; x_wconf 87' lang='lat' dir='ltr'>alieno</span> <span class='ocrx_word' id='word_1_178' title='bbox 442 1466 540 1503; x_wconf 89' lang='lat' dir='ltr'>equo</span> <span class='ocrx_word' id='word_1_179' title='bbox 556 1453 710 1498; x_wconf 88' lang='lat' dir='ltr'>vehens,</span> <span class='ocrx_word' id='word_1_180' title='bbox 730 1453 793 1504; x_wconf 92' lang='lat' dir='ltr'>qui</span> <span class='ocrx_word' id='word_1_181' title='bbox 809 1453 1012 1490; x_wconf 88' lang='lat' dir='ltr'>Philomeli</span> <span class='ocrx_word' id='word_1_182' title='bbox 1029 1451 1266 1489; x_wconf 83' lang='lat' dir='ltr'>Paeaniensis</span> <span class='ocrx_word' id='word_1_183' title='bbox 1282 1458 1376 1497; x_wconf 88' lang='lat' dir='ltr'>erat,</span> <span class='ocrx_word' id='word_1_184' title='bbox 1393 1463 1554 1502; x_wconf 89' lang='lat' dir='ltr'>pompas</span> <span class='ocrx_word' id='word_1_185' title='bbox 1575 1452 1754 1489; x_wconf 88' lang='lat' dir='ltr'>ducebat.</span> 
     </span>
     <span class='ocr_line' id='line_1_22' title="bbox 298 1512 1755 1564; baseline -0.001 -13"><span class='ocrx_word' id='word_1_186' title='bbox 298 1513 427 1564; x_wconf 88' lang='lat' dir='ltr'>Atque</span> <span class='ocrx_word' id='word_1_187' title='bbox 447 1514 528 1552; x_wconf 88' lang='lat' dir='ltr'>haec</span> <span class='ocrx_word' id='word_1_188' title='bbox 548 1520 690 1551; x_wconf 89' lang='lat' dir='ltr'>norunt</span> <span class='ocrx_word' id='word_1_189' title='bbox 709 1527 841 1552; x_wconf 90' lang='lat' dir='ltr'>omnes</span> <span class='ocrx_word' id='word_1_190' title='bbox 859 1513 1007 1564; x_wconf 91' lang='lat' dir='ltr'>equites</span> <span class='ocrx_word' id='word_1_191' title='bbox 1027 1512 1092 1562; x_wconf 87' lang='lat' dir='ltr'>qui</span> <span class='ocrx_word' id='word_1_192' title='bbox 1107 1512 1326 1549; x_wconf 88' lang='lat' dir='ltr'>militarunt.</span> <span class='ocrx_word' id='word_1_193' title='bbox 1371 1512 1470 1556; x_wconf 83' lang='lat' dir='ltr'>Quae</span> <span class='ocrx_word' id='word_1_194' title='bbox 1487 1518 1530 1550; x_wconf 90' lang='lat' dir='ltr'>ut</span> <span class='ocrx_word' id='word_1_195' title='bbox 1549 1525 1572 1550; x_wconf 89' lang='lat' dir='ltr'>a</span> <span class='ocrx_word' id='word_1_196' title='bbox 1590 1525 1650 1550; x_wconf 89' lang='lat' dir='ltr'>me</span> <span class='ocrx_word' id='word_1_197' title='bbox 1669 1524 1755 1549; x_wconf 89' lang='lat' dir='ltr'>vere</span> 
     </span>
     <span class='ocr_line' id='line_1_23' title="bbox 298 1575 1220 1621; baseline -0.003 -8"><span class='ocrx_word' id='word_1_198' title='bbox 298 1575 374 1613; x_wconf 89' lang='lat' dir='ltr'>dici</span> <span class='ocrx_word' id='word_1_199' title='bbox 393 1582 557 1621; x_wconf 87' lang='lat' dir='ltr'>constet,</span> <span class='ocrx_word' id='word_1_200' title='bbox 572 1588 668 1613; x_wconf 89' lang='lat' dir='ltr'>voca</span> <span class='ocrx_word' id='word_1_201' title='bbox 686 1576 777 1613; x_wconf 88' lang='lat' dir='ltr'>mihi</span> <span class='ocrx_word' id='word_1_202' title='bbox 795 1576 931 1613; x_wconf 89' lang='lat' dir='ltr'>harum</span> <span class='ocrx_word' id='word_1_203' title='bbox 946 1587 1073 1611; x_wconf 90' lang='lat' dir='ltr'>rerum</span> <span class='ocrx_word' id='word_1_204' title='bbox 1088 1580 1220 1612; x_wconf 89' lang='lat' dir='ltr'>testes.</span> 
     </span>
    </p>
   </div>
   <div class='ocr_carea' id='block_1_3' title="bbox 916 1717 1142 1756">
    <p class='ocr_par' dir='ltr' id='par_1_4' title="bbox 916 1717 1142 1756">
     <span class='ocr_line' id='line_1_24' title="bbox 916 1717 1142 1756; baseline 0 0"><span class='ocrx_word' id='word_1_205' title='bbox 916 1717 1142 1756; x_wconf 87' lang='lat' dir='ltr'>TESTES.</span> 
     </span>
    </p>
   </div>
   <div class='ocr_carea' id='block_1_4' title="bbox 297 1818 1787 2976">
    <p class='ocr_par' dir='ltr' id='par_1_5' title="bbox 297 1818 1787 2976">
     <span class='ocr_line' id='line_1_25' title="bbox 298 1818 1756 1872; baseline 0.001 -15"><span class='ocrx_word' id='word_1_206' title='bbox 298 1822 399 1860; x_wconf 87' lang='lat' dir='ltr'>Volo</span> <span class='ocrx_word' id='word_1_207' title='bbox 418 1822 513 1872; x_wconf 88' lang='lat' dir='ltr'>jam,</span> <span class='ocrx_word' id='word_1_208' title='bbox 540 1821 812 1866; x_wconf 89' lang='lat' dir='ltr'>Athenienses,</span> <span class='ocrx_word' id='word_1_209' title='bbox 831 1820 946 1859; x_wconf 87' lang='lat' dir='ltr'>etiam</span> <span class='ocrx_word' id='word_1_210' title='bbox 973 1834 1068 1871; x_wconf 91' lang='lat' dir='ltr'>quos</span> <span class='ocrx_word' id='word_1_211' title='bbox 1087 1821 1277 1858; x_wconf 87' lang='lat' dir='ltr'>hactenus</span> <span class='ocrx_word' id='word_1_212' title='bbox 1298 1832 1346 1858; x_wconf 90' lang='lat' dir='ltr'>ex</span> <span class='ocrx_word' id='word_1_213' title='bbox 1372 1818 1506 1870; x_wconf 89' lang='lat' dir='ltr'>populi</span> <span class='ocrx_word' id='word_1_214' title='bbox 1531 1819 1756 1870; x_wconf 78' lang='lat' dir='ltr'>praejudicio</span> 
     </span>
     <span class='ocr_line' id='line_1_26' title="bbox 299 1880 1756 1930; baseline -0.002 -9"><span class='ocrx_word' id='word_1_215' title='bbox 299 1883 349 1921; x_wconf 89' lang='lat' dir='ltr'>de</span> <span class='ocrx_word' id='word_1_216' title='bbox 372 1883 519 1921; x_wconf 86' lang='lat' dir='ltr'>violatis</span> <span class='ocrx_word' id='word_1_217' title='bbox 539 1883 653 1928; x_wconf 85' lang='lat' dir='ltr'>feriis,</span> <span class='ocrx_word' id='word_1_218' title='bbox 675 1895 742 1920; x_wconf 90' lang='lat' dir='ltr'>vos</span> <span class='ocrx_word' id='word_1_219' title='bbox 763 1882 1069 1925; x_wconf 84' lang='lat' dir='ltr'>condemnastis,</span> <span class='ocrx_word' id='word_1_220' title='bbox 1093 1893 1388 1919; x_wconf 86' lang='lat' dir='ltr'>commemorare</span> <span class='ocrx_word' id='word_1_221' title='bbox 1409 1888 1523 1930; x_wconf 90' lang='lat' dir='ltr'>atque</span> <span class='ocrx_word' id='word_1_222' title='bbox 1541 1880 1756 1925; x_wconf 82' lang='lat' dir='ltr'>ostendere,</span> 
     </span>
     <span class='ocr_line' id='line_1_27' title="bbox 299 1940 1758 1995; baseline -0.002 -13"><span class='ocrx_word' id='word_1_223' title='bbox 299 1945 348 1982; x_wconf 84' lang='lat' dir='ltr'>o&#39;b</span> <span class='ocrx_word' id='word_1_224' title='bbox 368 1957 453 1995; x_wconf 89' lang='lat' dir='ltr'>quae</span> <span class='ocrx_word' id='word_1_225' title='bbox 482 1944 584 1981; x_wconf 85' lang='lat' dir='ltr'>facta</span> <span class='ocrx_word' id='word_1_226' title='bbox 604 1944 757 1981; x_wconf 91' lang='lat' dir='ltr'>illorum</span> <span class='ocrx_word' id='word_1_227' title='bbox 785 1942 957 1980; x_wconf 89' lang='lat' dir='ltr'>nonnulli</span> <span class='ocrx_word' id='word_1_228' title='bbox 977 1943 1116 1993; x_wconf 90' lang='lat' dir='ltr'>quibus</span> <span class='ocrx_word' id='word_1_229' title='bbox 1145 1941 1342 1993; x_wconf 90' lang='lat' dir='ltr'>suppliciis</span> <span class='ocrx_word' id='word_1_230' title='bbox 1369 1941 1446 1979; x_wconf 88' lang='lat' dir='ltr'>sint</span> <span class='ocrx_word' id='word_1_231' title='bbox 1473 1940 1612 1986; x_wconf 80' lang='lat' dir='ltr'>affecti,</span> <span class='ocrx_word' id='word_1_232' title='bbox 1638 1948 1683 1979; x_wconf 85' lang='lat' dir='ltr'>ut</span> <span class='ocrx_word' id='word_1_233' title='bbox 1711 1952 1758 1979; x_wconf 85' lang='lat' dir='ltr'>ea</span> 
     </span>
     <span class='ocr_line' id='line_1_28' title="bbox 299 2003 1757 2054; baseline -0.001 -12"><span class='ocrx_word' id='word_1_234' title='bbox 299 2017 388 2043; x_wconf 90' lang='lat' dir='ltr'>cum</span> <span class='ocrx_word' id='word_1_235' title='bbox 410 2005 521 2042; x_wconf 86' lang='lat' dir='ltr'>istius</span> <span class='ocrx_word' id='word_1_236' title='bbox 552 2004 786 2042; x_wconf 86' lang='lat' dir='ltr'>facinoribus</span> <span class='ocrx_word' id='word_1_237' title='bbox 814 2003 1039 2041; x_wconf 89' lang='lat' dir='ltr'>conferatis.</span> <span class='ocrx_word' id='word_1_238' title='bbox 1083 2003 1254 2041; x_wconf 90' lang='lat' dir='ltr'>Primum</span> <span class='ocrx_word' id='word_1_239' title='bbox 1284 2003 1498 2053; x_wconf 83' lang='lat' dir='ltr'>igitur—ut</span> <span class='ocrx_word' id='word_1_240' title='bbox 1524 2009 1757 2054; x_wconf 87' lang='lat' dir='ltr'>postremam</span> 
     </span>
     <span class='ocr_line' id='line_1_29' title="bbox 297 2063 1756 2116; baseline -0.001 -12"><span class='ocrx_word' id='word_1_241' title='bbox 297 2065 660 2105; x_wconf 88' lang='lat' dir='ltr'>condemnationem</span> <span class='ocrx_word' id='word_1_242' title='bbox 681 2066 802 2116; x_wconf 90' lang='lat' dir='ltr'>primo</span> <span class='ocrx_word' id='word_1_243' title='bbox 819 2065 906 2102; x_wconf 88' lang='lat' dir='ltr'>loco</span> <span class='ocrx_word' id='word_1_244' title='bbox 922 2064 1342 2109; x_wconf 89' lang='lat' dir='ltr'>dicam—Evandrum,</span> <span class='ocrx_word' id='word_1_245' title='bbox 1365 2063 1656 2114; x_wconf 90' lang='lat' dir='ltr'>Thespiensem,</span> <span class='ocrx_word' id='word_1_246' title='bbox 1674 2064 1756 2102; x_wconf 82' lang='lat' dir='ltr'>vio-</span> 
     </span>
     <span class='ocr_line' id='line_1_30' title="bbox 298 2122 1758 2178; baseline -0.001 -13"><span class='ocrx_word' id='word_1_247' title='bbox 298 2127 400 2165; x_wconf 83' lang='lat' dir='ltr'>lasse</span> <span class='ocrx_word' id='word_1_248' title='bbox 421 2127 600 2178; x_wconf 87' lang='lat' dir='ltr'>mysteria</span> <span class='ocrx_word' id='word_1_249' title='bbox 618 2126 751 2177; x_wconf 89' lang='lat' dir='ltr'>populi</span> <span class='ocrx_word' id='word_1_250' title='bbox 774 2126 998 2177; x_wconf 76' lang='lat' dir='ltr'>praejudicio</span> <span class='ocrx_word' id='word_1_251' title='bbox 1027 2131 1214 2163; x_wconf 88' lang='lat' dir='ltr'>statutum</span> <span class='ocrx_word' id='word_1_252' title='bbox 1248 2131 1320 2171; x_wconf 90' lang='lat' dir='ltr'>est,</span> <span class='ocrx_word' id='word_1_253' title='bbox 1347 2125 1543 2162; x_wconf 86' lang='lat' dir='ltr'>deferente</span> <span class='ocrx_word' id='word_1_254' title='bbox 1564 2137 1653 2162; x_wconf 91' lang='lat' dir='ltr'>eum</span> <span class='ocrx_word' id='word_1_255' title='bbox 1673 2122 1758 2163; x_wconf 89' lang='lat' dir='ltr'>Me-</span> 
     </span>
     <span class='ocr_line' id='line_1_31' title="bbox 299 2186 1758 2239; baseline 0 -14"><span class='ocrx_word' id='word_1_256' title='bbox 299 2188 430 2239; x_wconf 87' lang='lat' dir='ltr'>nippo,</span> <span class='ocrx_word' id='word_1_257' title='bbox 449 2188 603 2226; x_wconf 88' lang='lat' dir='ltr'>homine</span> <span class='ocrx_word' id='word_1_258' title='bbox 633 2188 745 2226; x_wconf 87' lang='lat' dir='ltr'>Care.</span> <span class='ocrx_word' id='word_1_259' title='bbox 792 2188 863 2225; x_wconf 90' lang='lat' dir='ltr'>Est</span> <span class='ocrx_word' id='word_1_260' title='bbox 892 2194 1020 2226; x_wconf 87' lang='lat' dir='ltr'>autem</span> <span class='ocrx_word' id='word_1_261' title='bbox 1041 2187 1175 2226; x_wconf 86' lang='lat' dir='ltr'>eadem</span> <span class='ocrx_word' id='word_1_262' title='bbox 1197 2187 1261 2224; x_wconf 81' lang='lat' dir='ltr'>lex</span> <span class='ocrx_word' id='word_1_263' title='bbox 1288 2186 1336 2224; x_wconf 89' lang='lat' dir='ltr'>de</span> <span class='ocrx_word' id='word_1_264' title='bbox 1356 2186 1561 2237; x_wconf 80' lang='lat' dir='ltr'>mysteriis,</span> <span class='ocrx_word' id='word_1_265' title='bbox 1594 2199 1682 2237; x_wconf 84' lang='lat' dir='ltr'>quae</span> <span class='ocrx_word' id='word_1_266' title='bbox 1708 2186 1758 2225; x_wconf 90' lang='lat' dir='ltr'>de</span> 
     </span>
     <span class='ocr_line' id='line_1_32' title="bbox 299 2248 1758 2301; baseline 0.001 -15"><span class='ocrx_word' id='word_1_267' title='bbox 299 2249 609 2288; x_wconf 86' lang='lat' dir='ltr'>Bacchanalibus</span> <span class='ocrx_word' id='word_1_268' title='bbox 627 2263 635 2286; x_wconf 94' lang='lat'>:</span> <span class='ocrx_word' id='word_1_269' title='bbox 667 2257 706 2288; x_wconf 89' lang='lat' dir='ltr'>et</span> <span class='ocrx_word' id='word_1_270' title='bbox 721 2250 805 2287; x_wconf 87' lang='lat' dir='ltr'>haec</span> <span class='ocrx_word' id='word_1_271' title='bbox 825 2249 905 2288; x_wconf 89' lang='lat' dir='ltr'>lata</span> <span class='ocrx_word' id='word_1_272' title='bbox 925 2250 1120 2289; x_wconf 83' lang='lat' dir='ltr'>recentius</span> <span class='ocrx_word' id='word_1_273' title='bbox 1141 2263 1257 2301; x_wconf 88' lang='lat' dir='ltr'>quam</span> <span class='ocrx_word' id='word_1_274' title='bbox 1276 2249 1354 2286; x_wconf 91' lang='lat' dir='ltr'>illa.</span> <span class='ocrx_word' id='word_1_275' title='bbox 1397 2248 1459 2286; x_wconf 93' lang='lat' dir='ltr'>Ob</span> <span class='ocrx_word' id='word_1_276' title='bbox 1479 2248 1583 2298; x_wconf 92' lang='lat' dir='ltr'>quod</span> <span class='ocrx_word' id='word_1_277' title='bbox 1611 2248 1758 2287; x_wconf 87' lang='lat' dir='ltr'>factum</span> 
     </span>
     <span class='ocr_line' id='line_1_33' title="bbox 298 2309 1758 2362; baseline 0.001 -15"><span class='ocrx_word' id='word_1_278' title='bbox 298 2311 414 2362; x_wconf 85' lang='lat' dir='ltr'>igitur</span> <span class='ocrx_word' id='word_1_279' title='bbox 430 2311 655 2349; x_wconf 87' lang='lat' dir='ltr'>Evandrum</span> <span class='ocrx_word' id='word_1_280' title='bbox 674 2311 974 2350; x_wconf 69' lang='lat' dir='ltr'>damnaveritis?</span> <span class='ocrx_word' id='word_1_281' title='bbox 1007 2312 1096 2349; x_wconf 89' lang='lat' dir='ltr'>Hoc</span> <span class='ocrx_word' id='word_1_282' title='bbox 1114 2311 1257 2350; x_wconf 89' lang='lat' dir='ltr'>audite.</span> <span class='ocrx_word' id='word_1_283' title='bbox 1298 2309 1411 2353; x_wconf 86' lang='lat' dir='ltr'>Quod</span> <span class='ocrx_word' id='word_1_284' title='bbox 1432 2309 1659 2360; x_wconf 88' lang='lat' dir='ltr'>Menippum</span> <span class='ocrx_word' id='word_1_285' title='bbox 1674 2323 1697 2348; x_wconf 82' lang='lat' dir='ltr'>a</span> <span class='ocrx_word' id='word_1_286' title='bbox 1717 2323 1758 2349; x_wconf 86' lang='lat' dir='ltr'>se</span> 
     </span>
     <span class='ocr_line' id='line_1_34' title="bbox 298 2372 1787 2424; baseline 0.001 -14"><span class='ocrx_word' id='word_1_287' title='bbox 298 2374 448 2410; x_wconf 89' lang='lat' dir='ltr'>actione</span> <span class='ocrx_word' id='word_1_288' title='bbox 467 2373 696 2412; x_wconf 86' lang='lat' dir='ltr'>mercatoria</span> <span class='ocrx_word' id='word_1_289' title='bbox 714 2373 952 2419; x_wconf 88' lang='lat' dir='ltr'>damnatum,</span> <span class='ocrx_word' id='word_1_290' title='bbox 973 2387 1091 2424; x_wconf 91' lang='lat' dir='ltr'>quum</span> <span class='ocrx_word' id='word_1_291' title='bbox 1112 2374 1232 2424; x_wconf 87' lang='lat' dir='ltr'>prius,</span> <span class='ocrx_word' id='word_1_292' title='bbox 1253 2379 1295 2409; x_wconf 89' lang='lat' dir='ltr'>ut</span> <span class='ocrx_word' id='word_1_293' title='bbox 1312 2372 1451 2417; x_wconf 87' lang='lat' dir='ltr'>aiebat,</span> <span class='ocrx_word' id='word_1_294' title='bbox 1471 2372 1759 2422; x_wconf 83' lang='lat' dir='ltr'>apprehendere</span> <span class='ocrx_word' id='word_1_295' title='bbox 1780 2373 1787 2381; x_wconf 81' lang='grc'><em>’</em></span> 
     </span>
     <span class='ocr_line' id='line_1_35' title="bbox 298 2429 1759 2486; baseline 0.001 -16"><span class='ocrx_word' id='word_1_296' title='bbox 298 2444 488 2484; x_wconf 81' lang='lat' dir='ltr'>nusquam</span> <span class='ocrx_word' id='word_1_297' title='bbox 513 2435 716 2485; x_wconf 89' lang='lat' dir='ltr'>potuisset,</span> <span class='ocrx_word' id='word_1_298' title='bbox 742 2436 780 2473; x_wconf 88' lang='lat' dir='ltr'>in</span> <span class='ocrx_word' id='word_1_299' title='bbox 807 2435 1004 2486; x_wconf 86' lang='lat' dir='ltr'>Mysteriis</span> <span class='ocrx_word' id='word_1_300' title='bbox 1028 2435 1221 2472; x_wconf 87' lang='lat' dir='ltr'>hominem</span> <span class='ocrx_word' id='word_1_301' title='bbox 1252 2440 1391 2470; x_wconf 91' lang='lat' dir='ltr'>nactus</span> <span class='ocrx_word' id='word_1_302' title='bbox 1419 2432 1589 2483; x_wconf 86' lang='lat' dir='ltr'>arripuit,</span> <span class='ocrx_word' id='word_1_303' title='bbox 1616 2435 1666 2472; x_wconf 91' lang='lat' dir='ltr'>ob</span> <span class='ocrx_word' id='word_1_304' title='bbox 1683 2429 1759 2472; x_wconf 66' lang='lat' dir='ltr'>hoc</span> 
     </span>
     <span class='ocr_line' id='line_1_36' title="bbox 298 2486 1759 2546; baseline 0.001 -14"><span class='ocrx_word' id='word_1_305' title='bbox 298 2496 414 2546; x_wconf 79' lang='lat' dir='ltr'>igitur</span> <span class='ocrx_word' id='word_1_306' title='bbox 428 2508 514 2533; x_wconf 91' lang='lat' dir='ltr'>eum</span> <span class='ocrx_word' id='word_1_307' title='bbox 530 2496 832 2543; x_wconf 87' lang='lat' dir='ltr'>condemnastis,</span> <span class='ocrx_word' id='word_1_308' title='bbox 860 2497 1000 2534; x_wconf 88' lang='lat' dir='ltr'>nullius</span> <span class='ocrx_word' id='word_1_309' title='bbox 1021 2496 1175 2534; x_wconf 87' lang='lat' dir='ltr'>alterius</span> <span class='ocrx_word' id='word_1_310' title='bbox 1196 2495 1361 2532; x_wconf 83' lang='lat' dir='ltr'>criminis</span> <span class='ocrx_word' id='word_1_311' title='bbox 1381 2486 1501 2533; x_wconf 81' lang='lat' dir='ltr'>reum.</span> <span class='ocrx_word' id='word_1_312' title='bbox 1551 2494 1598 2532; x_wconf 91' lang='lat' dir='ltr'>In</span> <span class='ocrx_word' id='word_1_313' title='bbox 1613 2495 1759 2546; x_wconf 88' lang='lat' dir='ltr'>judicio</span> 
     </span>
     <span class='ocr_line' id='line_1_37' title="bbox 299 2556 1758 2607; baseline 0 -13"><span class='ocrx_word' id='word_1_314' title='bbox 299 2557 454 2603; x_wconf 84' lang='lat' dir='ltr'>deinde,</span> <span class='ocrx_word' id='word_1_315' title='bbox 473 2558 599 2607; x_wconf 86' lang='lat' dir='ltr'>capite</span> <span class='ocrx_word' id='word_1_316' title='bbox 619 2557 808 2595; x_wconf 87' lang='lat' dir='ltr'>mulctare</span> <span class='ocrx_word' id='word_1_317' title='bbox 827 2558 1015 2595; x_wconf 88' lang='lat' dir='ltr'>voluistis.</span> <span class='ocrx_word' id='word_1_318' title='bbox 1046 2556 1121 2594; x_wconf 90' lang='lat' dir='ltr'>Sed</span> <span class='ocrx_word' id='word_1_319' title='bbox 1143 2561 1369 2594; x_wconf 77' lang='lat' dir='ltr'>accusatore</span> <span class='ocrx_word' id='word_1_320' title='bbox 1395 2556 1561 2607; x_wconf 88' lang='lat' dir='ltr'>placato,</span> <span class='ocrx_word' id='word_1_321' title='bbox 1580 2562 1620 2594; x_wconf 92' lang='lat' dir='ltr'>et</span> <span class='ocrx_word' id='word_1_322' title='bbox 1638 2557 1758 2594; x_wconf 75' lang='lat' dir='ltr'>totam</span> 
     </span>
     <span class='ocr_line' id='line_1_38' title="bbox 298 2612 1761 2669; baseline -0.001 -13"><span class='ocrx_word' id='word_1_323' title='bbox 298 2612 480 2669; x_wconf 76' lang='lat' dir='ltr'>coegistis</span> <span class='ocrx_word' id='word_1_324' title='bbox 506 2617 560 2657; x_wconf 85' lang='lat' dir='ltr'>illi</span> <span class='ocrx_word' id='word_1_325' title='bbox 584 2618 804 2656; x_wconf 85' lang='lat' dir='ltr'>condonare</span> <span class='ocrx_word' id='word_1_326' title='bbox 829 2619 1029 2663; x_wconf 89' lang='lat' dir='ltr'>mulctam,</span> <span class='ocrx_word' id='word_1_327' title='bbox 1052 2617 1162 2668; x_wconf 85' lang='lat' dir='ltr'>cujus</span> <span class='ocrx_word' id='word_1_328' title='bbox 1189 2617 1294 2667; x_wconf 83' lang='lat' dir='ltr'>p&#39;rius</span> <span class='ocrx_word' id='word_1_329' title='bbox 1319 2618 1525 2655; x_wconf 83' lang='lat' dir='ltr'>damnatus</span> <span class='ocrx_word' id='word_1_330' title='bbox 1551 2623 1658 2669; x_wconf 76' lang='lat' dir='ltr'>erat3</span> <span class='ocrx_word' id='word_1_331' title='bbox 1687 2613 1761 2655; x_wconf 74' lang='lat' dir='ltr'>fuit</span> 
     </span>
     <span class='ocr_line' id='line_1_39' title="bbox 299 2672 1760 2730; baseline -0.001 -13"><span class='ocrx_word' id='word_1_332' title='bbox 299 2686 428 2718; x_wconf 87' lang='lat' dir='ltr'>autem</span> <span class='ocrx_word' id='word_1_333' title='bbox 442 2679 508 2716; x_wconf 89' lang='lat' dir='ltr'>illa</span> <span class='ocrx_word' id='word_1_334' title='bbox 520 2679 685 2717; x_wconf 90' lang='lat' dir='ltr'>duorum</span> <span class='ocrx_word' id='word_1_335' title='bbox 704 2679 892 2717; x_wconf 67' lang='lat' dir='ltr'>talentum</span> <span class='ocrx_word' id='word_1_336' title='bbox 909 2693 918 2717; x_wconf 75' lang='lat' dir='ltr'>t</span> <span class='ocrx_word' id='word_1_337' title='bbox 950 2685 988 2717; x_wconf 93' lang='lat' dir='ltr'>et</span> <span class='ocrx_word' id='word_1_338' title='bbox 1003 2679 1199 2723; x_wconf 84' lang='lat' dir='ltr'>damnum,</span> <span class='ocrx_word' id='word_1_339' title='bbox 1214 2672 1290 2729; x_wconf 85' lang='lat' dir='ltr'>quo</span> <span class='ocrx_word' id='word_1_340' title='bbox 1307 2693 1361 2724; x_wconf 87' lang='lat' dir='ltr'>se,</span> <span class='ocrx_word' id='word_1_341' title='bbox 1380 2685 1538 2730; x_wconf 86' lang='lat' dir='ltr'>propter</span> <span class='ocrx_word' id='word_1_342' title='bbox 1555 2684 1760 2729; x_wconf 80' lang='lat' dir='ltr'>exspectn-</span> 
     </span>
     <span class='ocr_line' id='line_1_40' title="bbox 299 2739 1758 2791; baseline 0 -14"><span class='ocrx_word' id='word_1_343' title='bbox 299 2741 442 2778; x_wconf 86' lang='lat' dir='ltr'>tionem</span> <span class='ocrx_word' id='word_1_344' title='bbox 456 2739 606 2791; x_wconf 88' lang='lat' dir='ltr'>judicii,</span> <span class='ocrx_word' id='word_1_345' title='bbox 635 2739 816 2778; x_wconf 82' lang='lat' dir='ltr'>affectum</span> <span class='ocrx_word' id='word_1_346' title='bbox 843 2742 1073 2790; x_wconf 89' lang='lat' dir='ltr'>querebatur</span> <span class='ocrx_word' id='word_1_347' title='bbox 1093 2741 1196 2791; x_wconf 85' lang='lat' dir='ltr'>apud</span> <span class='ocrx_word' id='word_1_348' title='bbox 1216 2754 1284 2779; x_wconf 85' lang='lat' dir='ltr'>vos</span> <span class='ocrx_word' id='word_1_349' title='bbox 1304 2742 1376 2779; x_wconf 92' lang='lat' dir='ltr'>iste</span> <span class='ocrx_word' id='word_1_350' title='bbox 1396 2742 1524 2787; x_wconf 89' lang='lat' dir='ltr'>homo,</span> <span class='ocrx_word' id='word_1_351' title='bbox 1543 2739 1758 2778; x_wconf 80' lang='lat' dir='ltr'>accusatori</span> 
     </span>
     <span class='ocr_line' id='line_1_41' title="bbox 301 2801 1760 2853; baseline 0 -15"><span class='ocrx_word' id='word_1_352' title='bbox 301 2801 510 2852; x_wconf 83' lang='lat' dir='ltr'>adjecistis.</span> <span class='ocrx_word' id='word_1_353' title='bbox 543 2802 650 2839; x_wconf 92' lang='lat' dir='ltr'>Unus</span> <span class='ocrx_word' id='word_1_354' title='bbox 675 2801 791 2852; x_wconf 83' lang='lat' dir='ltr'>igitur</span> <span class='ocrx_word' id='word_1_355' title='bbox 814 2802 876 2839; x_wconf 89' lang='lat' dir='ltr'>hic</span> <span class='ocrx_word' id='word_1_356' title='bbox 897 2814 945 2840; x_wconf 83' lang='lat' dir='ltr'>ex</span> <span class='ocrx_word' id='word_1_357' title='bbox 964 2801 1113 2853; x_wconf 87' lang='lat' dir='ltr'>privata</span> <span class='ocrx_word' id='word_1_358' title='bbox 1133 2815 1264 2851; x_wconf 85' lang='lat' dir='ltr'>causa,</span> <span class='ocrx_word' id='word_1_359' title='bbox 1284 2815 1371 2841; x_wconf 89' lang='lat' dir='ltr'>cum</span> <span class='ocrx_word' id='word_1_360' title='bbox 1401 2802 1508 2840; x_wconf 87' lang='lat' dir='ltr'>nulla</span> <span class='ocrx_word' id='word_1_361' title='bbox 1525 2801 1760 2840; x_wconf 85' lang='lat' dir='ltr'>contumelia</span> 
     </span>
     <span class='ocr_line' id='line_1_42' title="bbox 301 2863 1759 2915; baseline 0 -15"><span class='ocrx_word' id='word_1_362' title='bbox 301 2863 524 2913; x_wconf 81' lang='lat' dir='ltr'>conjuncta,</span> <span class='ocrx_word' id='word_1_363' title='bbox 544 2869 700 2915; x_wconf 82' lang='lat' dir='ltr'>propter</span> <span class='ocrx_word' id='word_1_364' title='bbox 713 2863 835 2914; x_wconf 88' lang='lat' dir='ltr'>ipsam</span> <span class='ocrx_word' id='word_1_365' title='bbox 852 2863 948 2914; x_wconf 86' lang='lat' dir='ltr'>legis</span> <span class='ocrx_word' id='word_1_366' title='bbox 963 2863 1206 2902; x_wconf 84' lang='lat' dir='ltr'>violationem</span> <span class='ocrx_word' id='word_1_367' title='bbox 1224 2871 1352 2903; x_wconf 85' lang='lat' dir='ltr'>tantas</span> <span class='ocrx_word' id='word_1_368' title='bbox 1372 2876 1505 2915; x_wconf 88' lang='lat' dir='ltr'>poenas</span> <span class='ocrx_word' id='word_1_369' title='bbox 1529 2863 1649 2901; x_wconf 90' lang='lat' dir='ltr'>dedit.</span> <span class='ocrx_word' id='word_1_370' title='bbox 1680 2863 1759 2900; x_wconf 81' lang='grc' dir='ltr'>Νε-</span> 
     </span>
     <span class='ocr_line' id='line_1_43' title="bbox 299 2917 1759 2976; baseline 0.001 -16"><span class='ocrx_word' id='word_1_371' title='bbox 299 2935 372 2974; x_wconf 88' lang='lat' dir='ltr'>que</span> <span class='ocrx_word' id='word_1_372' title='bbox 384 2924 426 2962; x_wconf 82' lang='lat' dir='ltr'>id</span> <span class='ocrx_word' id='word_1_373' title='bbox 446 2924 595 2974; x_wconf 87' lang='lat' dir='ltr'>injuria.</span> <span class='ocrx_word' id='word_1_374' title='bbox 627 2924 729 2964; x_wconf 90' lang='lat' dir='ltr'>Nam</span> <span class='ocrx_word' id='word_1_375' title='bbox 747 2926 821 2964; x_wconf 89' lang='lat' dir='ltr'>hoe</span> <span class='ocrx_word' id='word_1_376' title='bbox 841 2925 934 2963; x_wconf 87' lang='lat' dir='ltr'>illud</span> <span class='ocrx_word' id='word_1_377' title='bbox 951 2932 1022 2969; x_wconf 86' lang='lat' dir='ltr'>est,</span> <span class='ocrx_word' id='word_1_378' title='bbox 1037 2926 1142 2975; x_wconf 89' lang='lat' dir='ltr'>quod</span> <span class='ocrx_word' id='word_1_379' title='bbox 1158 2939 1227 2964; x_wconf 85' lang='lat' dir='ltr'>vos</span> <span class='ocrx_word' id='word_1_380' title='bbox 1248 2925 1438 2965; x_wconf 82' lang='lat' dir='ltr'>custodire</span> <span class='ocrx_word' id='word_1_381' title='bbox 1458 2928 1619 2976; x_wconf 82' lang='lat' dir='ltr'>oportet,</span> <span class='ocrx_word' id='word_1_382' title='bbox 1638 2917 1759 2975; x_wconf 77' lang='lat' dir='ltr'>leges,</span> 
     </span>
    </p>
   </div>
  </div>
 </body>
</html>
