1923 3149
542 174 766 214 CONTRA
797 175 1250 214 ARISTOGITONEM
1281 176 1310 214 1.
1551 177 1626 213 451

180 275 398 313 videamini.
440 276 584 315 Omnes
598 278 700 315 enlm
715 278 877 329 improbi
893 291 960 329 per
977 291 1017 315 se
1032 278 1169 316 infirmi
1184 285 1298 317 sunt:
1330 289 1442 328 quem
1458 288 1547 315 vcro
1563 289 1630 313 vos

181 336 332 380 fovetis,
352 335 394 373 fit
413 344 563 387 potens.
593 358 603 370 ν
622 339 736 381 Quod
757 345 800 375 ut
819 339 866 383 ei,
886 339 947 376 cui
966 338 1048 375 haec
1068 338 1223 376 licentia
1244 338 1419 388 contigit,
1436 343 1628 386 quaestum

179 402 218 433 et
233 398 440 446 potentiam
458 405 586 448 auget,
602 399 655 435 ita
674 398 781 436 vobis
802 407 859 436 est
875 399 957 449 ejus
976 398 1140 435 licentiae
1157 399 1392 444 auctoribus,
1412 397 1630 447 opprobrio.

235 460 270 493 3.
303 457 529 508 Priusquam
549 464 692 504 autem,
707 458 975 504 Athenienses,
995 458 1043 496 de
1060 459 1214 508 privatis
1233 459 1345 496 istius
1362 458 1473 496 factis
1489 457 1628 503 dicam,

179 531 246 555 vos
266 518 468 568 diligenter
485 520 704 569 expendere
724 519 849 566 velim,
877 527 916 556 et
943 519 1092 569 paucis,
1122 519 1160 555 in
1188 526 1373 568 quantum
1395 518 1567 556 dedecus
1591 525 1632 555 et

178 578 424 628 ignominiam
446 579 638 617 civitatem
659 580 812 630 publice
833 580 1070 629 conjecerint
1089 592 1223 616 omnes
1238 579 1454 616 istiusmodi
1472 579 1627 624 belluae,

178 650 338 689 quarum
359 640 524 686 medius,
544 647 582 677 et
596 648 825 690 postremus,
845 647 884 678 et
901 640 1042 690 primus
1057 641 1130 677 iste
1145 648 1215 677 est.
1251 639 1341 685 Qui,
1358 652 1445 689 quae
1465 639 1541 676 alia
1559 639 1627 677 de-

178 702 344 750 signent,
363 707 575 752 praetere0;
606 701 676 739 sed
696 701 734 738 in
757 702 963 740 conciones
984 700 1216 746 ascendunt,
1238 701 1274 738 in
1294 700 1433 751 quibus
1452 712 1520 738 vos
1541 713 1628 737 sen-

175 763 307 800 tentiae
327 762 547 808 dictionem,
567 775 644 800 non
663 762 917 813 improbitatis
940 763 1235 800 ostentationem
1254 761 1467 799 oratoribus
1486 773 1628 812 propo—

176 825 278 870 nitis,
294 823 469 868 audacia,
490 822 773 869 vociferatione,
794 823 899 861 falsis
919 823 1257 867 criminationibus,
1277 821 1484 867 calumnia,
1503 821 1625 871 impu-

175 885 319 930 dentia,
342 885 519 922 omnibus
539 884 705 933 denique
725 884 807 935 ejus
828 884 976 935 generis
996 885 1111 922 rebus
1131 883 1316 922 instructi.
1363 884 1461 924 Quae
1481 882 1624 920 delibe-

175 946 348 984 rantibus
361 945 530 983 omnium
544 944 928 990 suntinimicissimae,
942 952 1059 994 atque
1071 945 1184 982 etiam
1198 943 1366 982 omnium
1380 943 1625 993 turpissimae,

174 1015 218 1044 ut
231 1007 403 1044 arbitror.
424 1006 495 1043 His
510 1006 656 1056 probris
673 1019 824 1044 omnem
837 1007 1030 1057 publicam
1043 1006 1284 1044 honestatem
1297 1011 1492 1056 superant,
1507 1004 1624 1055 leges,

174 1067 373 1118 praesides,
398 1066 757 1117 promulgationem,
780 1067 1035 1118 disciplinam.
1070 1067 1166 1111 Quae
1192 1067 1223 1104 si
1247 1079 1314 1105 vos
1335 1067 1570 1117 approbatis,
1594 1067 1626 1104 si

173 1135 302 1166 vestro
322 1127 480 1165 consilio
505 1128 614 1174 fiunt,
641 1141 813 1179 pergere,
832 1142 908 1166 non
939 1129 1129 1179 prohiberi
1158 1128 1327 1166 debent:
1357 1128 1416 1166 sin
1444 1140 1490 1166 ea
1508 1128 1624 1165 corri-

175 1190 304 1240 genda
323 1189 382 1227 vel
402 1201 504 1226 nunc
529 1201 614 1227 esse
637 1189 789 1235 ducitis,
809 1197 847 1227 ct
873 1190 1055 1240 quaejam
1074 1190 1180 1227 dicta
1208 1196 1310 1234 sunt,
1330 1188 1451 1226 multo
1477 1194 1566 1226 ante
1586 1196 1625 1227 et

173 1250 381 1301 longojam
400 1257 570 1300 tempore
592 1250 750 1300 turpiter
765 1251 812 1287 ab
833 1250 916 1288 istis
936 1256 976 1287 et
995 1248 1093 1287 male
1113 1248 1305 1295 divexata,
1324 1248 1566 1287 restituenda
1585 1249 1623 1286 in

171 1310 379 1360 integrum,
400 1310 527 1347 omnia
546 1309 660 1360 hujus
691 1309 842 1359 generis
871 1309 1023 1359 ingenia
1050 1308 1164 1347 hodie
1192 1317 1282 1346 sunt
1309 1308 1557 1359 negligenda,
1586 1316 1626 1347 et

170 1384 258 1408 vere
277 1369 608 1422 pronunciandum
628 1377 700 1417 est,
720 1377 760 1407 et
777 1370 969 1422 aequitatis
991 1370 1113 1407 amica
1133 1369 1275 1419 Legum
1297 1369 1446 1407 sanctio
1464 1369 1623 1407 maximi

171 1432 364 1478 facienda,
383 1444 470 1481 quae
486 1442 620 1469 omnes
641 1439 680 1468 et
698 1431 826 1476 urbes,
846 1438 885 1468 et
904 1431 1080 1481 regiones
1101 1437 1241 1475 tuetur,
1262 1437 1301 1467 et
1320 1431 1561 1468 inexorabilis
1574 1442 1622 1469 ae

171 1491 391 1530 veneranda
409 1490 580 1536 Justitia‚
601 1504 717 1541 quam
737 1491 768 1529 is
789 1491 853 1541 qui
873 1498 1123 1529 sacrosancta
1141 1490 1249 1529 initia
1269 1492 1377 1529 nobis
1396 1492 1625 1529 monstravit

170 1554 365 1604 Orpheus,
386 1552 483 1590 solio
502 1553 613 1590 Jovis
634 1553 883 1598 assidentem,
905 1553 1032 1590 omnia
1053 1550 1158 1590 facta
1175 1552 1374 1591 hominum
1395 1551 1449 1589 ait
1467 1551 1621 1590 intueri.

172 1616 266 1652 Earn
287 1614 550 1664 unusquisque
570 1613 608 1651 in
628 1627 669 1651 se
685 1614 858 1664 ‚defigere
877 1620 987 1665 putet
1006 1614 1155 1659 oculos,
1175 1614 1304 1665 itaque
1325 1613 1565 1664 pronunciet,
1579 1620 1622 1651 ut

167 1683 318 1720 caveat,
347 1683 386 1712 et
410 1675 621 1725 provideat,
644 1688 692 1713 ne
721 1674 1062 1726 eamspudefaciat,
1087 1687 1109 1712 a
1134 1687 1211 1725 qua
1236 1687 1452 1724 cognomen
1470 1673 1621 1712 habetis

168 1736 323 1787 singuli,
343 1736 407 1787 qui
427 1741 530 1773 sorte
545 1735 698 1787 judices
722 1749 876 1786 quoque
896 1743 1066 1787 tempore
1087 1735 1226 1773 delecti
1246 1736 1352 1781 estis,
1372 1734 1422 1772 ad
1451 1735 1621 1772 omnium

168 1797 207 1835 in
227 1797 423 1847 republica
451 1796 673 1846 degentium
694 1796 952 1841 honestatem,
980 1803 1020 1833 et
1040 1796 1117 1846 jus,
1138 1803 1176 1833 et
1198 1796 1402 1833 utilitatem
1421 1795 1620 1842 tuendam,

169 1865 210 1896 et
227 1858 410 1895 hodierno
428 1857 488 1894 die
508 1865 689 1907 tanquam
706 1856 922 1907 depositum
934 1856 1185 1907 jurejurando
1205 1856 1393 1901 adstricti,
1415 1856 1620 1906 accepistis

168 1933 193 1957 a
208 1920 370 1969 legibus,
385 1917 580 1968 republica
599 1925 637 1955 et
656 1918 790 1968 patria.
816 1917 930 1960 Quod
953 1918 991 1955 ni
1007 1918 1059 1955 ita
1072 1917 1178 1955 eritis
1195 1917 1365 1963 animati,
1386 1916 1455 1954 sed
1472 1929 1543 1968 pro
1557 1930 1619 1955 so-

167 1980 237 2017 lita
252 1977 433 2016 facilitate
454 1978 614 2028 ingressi
634 1977 830 2023 sedebitis,
851 1991 981 2017 vereor
1003 1992 1050 2016 ne
1070 1991 1129 2016 res
1148 1978 1186 2016 in
1207 1978 1401 2016 diversum
1419 1985 1556 2025 vertat,
1581 1986 1621 2017 et

169 2054 254 2084 nos,
276 2040 367 2077 dum
391 2038 692 2088 Aristogitonem
713 2051 954 2085 accusamus,
975 2052 1042 2076 vos
1071 2051 1253 2077 accusare
1273 2038 1482 2077 videamur.
1529 2040 1618 2082 Quo

168 2101 267 2138 enim
289 2099 505 2137 evidentius
532 2106 728 2137 ostensam
760 2112 783 2137 a
810 2099 920 2137 nobis
946 2099 1055 2137 istius
1083 2100 1366 2150 improbitatem
1393 2112 1463 2142 vos
1491 2100 1617 2140 minus

168 2157 405 2204 curaveritis,
426 2172 471 2197 eo
492 2160 614 2210 majus
634 2159 804 2197 dedecus
825 2160 1058 2210 suscipietis.

219 2225 258 2258 4.
294 2222 422 2271 Atque
443 2220 526 2257 haec
555 2220 754 2258 hactenus.
799 2220 968 2258 Omnino
994 2227 1134 2266 autem,
1166 2221 1434 2266 Athenienses,
1455 2218 1616 2259 familia-

166 2282 256 2319 riter
273 2294 385 2331 again
400 2281 613 2325 vobiscum,
629 2288 667 2318 et
676 2294 763 2318 vera
773 2281 911 2319 dicam.
935 2281 1016 2332 Ego
1031 2283 1067 2318 in
1083 2282 1332 2319 concionibus
1341 2293 1428 2319 cum
1444 2281 1615 2319 viderem

166 2342 347 2381 constitui
367 2354 427 2379 me
446 2354 468 2379 a
487 2342 608 2387 vobis,
627 2349 664 2379 et
684 2341 800 2392 deligi
820 2342 868 2379 ad
889 2343 998 2380 istius
1025 2342 1324 2387 accusationem,
1341 2355 1444 2393 aegre
1463 2342 1548 2388 tuli,
1568 2344 1616 2381 ab

166 2417 303 2454 eaque,
323 2404 376 2440 ita
394 2416 454 2441 me
474 2403 525 2440 dii
545 2403 706 2454 deaeque
725 2415 857 2441 omnes
887 2412 1031 2449 ament,
1054 2405 1246 2441 abhorrui.
1281 2404 1418 2454 Neque
1437 2404 1538 2442 enim
1557 2404 1616 2455 ig-

165 2465 364 2509 norabam,
385 2476 469 2500 eum
491 2464 556 2514 qui
574 2464 649 2501 tale
667 2476 805 2502 munus
821 2464 923 2515 apud
945 2477 1012 2502 vos
1032 2465 1202 2511 obiisset,
1224 2478 1301 2513 non
1317 2465 1398 2502 sine
1412 2464 1516 2503 malo
1535 2466 1615 2503 abi-

165 2531 306 2569 turum,
326 2523 429 2573 qnod
450 2524 482 2560 si
500 2531 648 2562 tantum
677 2536 752 2561 non
782 2533 897 2569 esset,
918 2532 958 2562 ut
977 2525 1106 2563 statim
1133 2525 1352 2572 sentiretur,
1381 2532 1422 2563 at
1450 2525 1482 2562 si
1511 2538 1614 2576 saepe

164 2586 334 2628 fecisset,
357 2597 427 2621 nec
445 2584 659 2630 desisteret,
679 2585 855 2623 celeriter
873 2585 917 2623 iri
938 2585 1149 2636 cognitum.
1189 2586 1360 2624 Necesse
1378 2592 1508 2623 tamen
1527 2597 1613 2623 esse

163 2647 273 2691 duxi,
294 2646 428 2684 vestris
446 2659 579 2695 parere
599 2647 874 2684 voluntatibus.
921 2647 976 2684 Ac
997 2646 1199 2683 delationis
1225 2646 1381 2696 quidem
1403 2658 1555 2689 causas,
1575 2652 1614 2683 et

158 2708 248 2759 jura
279 2707 422 2756 legum,
443 2706 582 2756 ipsum,
605 2706 642 2742 id
670 2707 773 2756 quod
803 2707 905 2751 fecit,
928 2707 1143 2758 Lycurgum
1175 2707 1384 2743 evicturum
1413 2706 1611 2755 putabam,

163 2780 330 2818 eumque
344 2774 461 2804 testes
479 2767 729 2817 improbitatis
745 2767 852 2805 istius
872 2768 990 2805 citare
1011 2767 1188 2805 videbam
1205 2780 1214 2804 t
1235 2779 1322 2817 quae
1342 2772 1470 2803 autem
1489 2772 1528 2802 et
1545 2779 1612 2803 co-

165 2828 286 2878 gitare
300 2839 380 2872 eos,
394 2827 457 2877 qni
471 2837 584 2877 super
596 2826 794 2877 republica
805 2834 844 2866 et
856 2828 1006 2879 legibus
1019 2828 1243 2873 deliberant,
1258 2826 1475 2872 conveniat,
1486 2834 1526 2864 et
1536 2827 1609 2864 cir-

163 2889 397 2941 cumspicere
418 2887 568 2933 deceat,
584 2899 633 2925 ea
650 2887 775 2926 dicere
784 2888 949 2940 institui,
965 2889 1013 2927 ad
1036 2899 1156 2939 eaque
1176 2887 1406 2938 explicanda
1423 2900 1526 2928 nunc
1541 2901 1609 2940 ag·-
