1923 3149
266 187 344 223 276
577 187 652 224 DE
680 186 834 225 MALE
863 186 1044 226 GESTA
1076 186 1402 229 LEGATIONE.

266 289 368 326 enim
395 288 448 326 eis
467 288 611 327 invidia
634 298 724 341 post
740 291 885 329 obitum
904 291 1156 339 adversatur),
1180 292 1318 341 quibus
1342 302 1411 328 eos
1437 289 1510 327 iste
1533 288 1624 326 dum
1647 288 1715 326 de-

268 350 435 396 fraudat,
456 351 537 401 ipse
557 352 690 390 merito
710 366 810 391 nunc
831 353 1015 404 dignitate
1027 352 1249 404 privabitur,
1268 359 1307 390 et
1325 364 1392 389 vos
1410 351 1484 388 hoc
1499 350 1614 388 modo
1635 361 1716 386 ma-

261 411 368 461 jores
388 419 532 449 vestros
553 419 652 450 reete
674 413 925 452 ulciscemini.

322 473 385 509 88.
416 473 573 511 Talibus
589 475 727 519 verbis,
748 488 771 512 o
801 475 1014 526 improbum
1044 482 1173 525 caput,
1207 480 1249 512 tu
1277 487 1337 512 res
1371 478 1501 524 gestas
1532 474 1716 520 majorum

268 532 526 584 depraedatus,
546 541 587 572 et
606 535 878 581 calumniatus,
896 537 1024 574 omnia
1037 536 1192 586 negotia
1204 534 1417 586 perdidisti.
1474 532 1618 570 Postea
1636 531 1719 569 istis

268 593 380 632 dictis
400 601 439 632 et
458 595 569 633 factis
589 595 801 646 praediatus
816 597 926 634 nobis
946 604 985 634 et
1002 597 1229 647 magnificus
1245 595 1436 633 exstitisti.
1491 593 1593 630 Nam
1611 591 1721 638 illud,

270 662 480 706 antequam
500 657 776 706 rempublicam
795 657 973 695 omnibus
994 658 1171 695 cladibus
1205 656 1411 701 affecisset,
1441 654 1645 697 fatebatur,
1679 665 1721 690 se

268 716 388 755 fuisse
408 717 586 761 scribam,
607 724 645 755 et
665 717 829 768 gratiam
848 718 988 756 habere
1010 719 1118 756 vobis
1152 718 1201 756 de
1233 717 1388 756 creditis
1420 714 1722 766 magistratibus,

268 785 309 816 et
338 777 578 815 moderatum
611 791 652 816 se
682 780 894 829 praebebat.
952 780 1213 829 Posteaquam
1246 785 1374 817 autem
1404 776 1553 815 infinita
1577 775 1723 813 scelera

270 838 501 889 designavit,
521 839 768 890 supercilium
789 840 912 891 erigit,
935 853 980 878 ac
994 841 1025 878 si
1046 841 1132 892 quis
1152 841 1268 885 dicat,
1291 839 1492 877 AEschines
1512 837 1578 887 qui
1598 836 1723 874 scriba

270 900 356 944 suit,
376 899 503 938 statim
519 899 640 939 hostis
661 908 735 948 est,
751 902 879 940 statim
911 903 1012 940 male
1045 902 1201 940 audisse
1233 914 1275 940 se
1303 901 1410 944 dicit,
1432 907 1473 938 et
1499 913 1565 950 per
1597 900 1721 937 forum

270 961 455 1005 ambulat,
474 967 579 999 veste
614 962 664 1000 ad
697 962 796 1000 talos
825 976 948 1013 usque
979 963 1163 1007 demissa,
1182 962 1265 1012 pari
1284 975 1371 1000 cum
1390 959 1581 1011 Pythocle
1600 959 1723 1009 gradu

269 1022 469 1069 incedens,
488 1024 631 1061 buccas
650 1023 803 1068 inflans,
822 1023 991 1073 Philippi
1010 1024 1205 1073 hospitum
1225 1030 1265 1060 et
1290 1023 1498 1060 amicorum
1518 1020 1627 1058 vobis
1639 1020 1723 1070 jam

271 1097 371 1121 unus
391 1090 462 1127 est,
481 1084 546 1134 qui
567 1097 590 1121 a
607 1084 752 1135 populo
769 1083 950 1122 recedere
968 1084 1117 1129 volunt,
1137 1090 1177 1121 et
1196 1090 1464 1134 tempestatem
1485 1087 1602 1131 atque
1621 1081 1724 1118 insa·

271 1145 374 1182 niam
394 1152 589 1196 receptum
612 1152 750 1184 statum
771 1145 1085 1196 interpretantur,
1107 1146 1172 1196 qui
1194 1159 1272 1183 non
1303 1145 1357 1182 ita
1387 1143 1536 1195 pridem
1557 1142 1723 1180 Tholum

270 1206 400 1244 adhuc
419 1206 618 1244 adorabat.

326 1269 390 1306 89.
421 1267 533 1306 Libet
562 1275 693 1306 autem
710 1268 820 1305 vobis
852 1268 1070 1305 summatim
1089 1280 1326 1318 percurrere,
1344 1265 1484 1316 quibus
1505 1264 1724 1303 calliditati-

269 1330 342 1366 bus
356 1342 424 1367 vos
444 1328 661 1380 Philippus,
682 1328 840 1366 adscitis
860 1328 940 1366 istis
959 1329 1114 1367 nefariis
1135 1328 1388 1380 adjutoribus,
1408 1327 1724 1364 circumvenerit:

271 1390 430 1428 omnino
450 1397 578 1428 autem
607 1402 730 1440 operae
749 1391 914 1441 pretium
935 1395 1009 1436 est,
1028 1390 1267 1441 perpendere
1287 1396 1326 1427 et
1345 1395 1521 1439 spectare
1548 1387 1725 1425 fraudem

271 1452 501 1490 universam.
531 1451 592 1488 Ab
612 1450 719 1489 initio
739 1464 827 1489 cum
848 1464 984 1502 pacem
1005 1456 1213 1501 expeteret,
1232 1450 1442 1488 latronibus
1461 1450 1543 1499 ejus
1563 1461 1725 1499 regnum

273 1511 555 1565 diripientibus,
574 1512 796 1561 clausisque
830 1513 1077 1558 mercatibus,
1110 1519 1154 1550 ut
1181 1512 1297 1549 nullis
1327 1511 1484 1549 omnino
1517 1510 1594 1548 suis
1612 1510 1724 1548 bonis

272 1574 343 1611 frui
364 1580 513 1624 posset,
535 1573 640 1610 misit
658 1573 734 1610 huc
756 1574 821 1622 qui
849 1574 1019 1611 humana
1042 1573 1162 1624 ipsius
1181 1574 1298 1611 verba
1316 1572 1599 1616 renunciarent,
1620 1572 1727 1610 Neo·

271 1636 499 1687 ptolemum,
520 1634 819 1681 Aristodemum,
840 1634 1157 1685 Ctesiphontem:
1187 1640 1230 1671 ut
1257 1640 1385 1672 autem
1409 1645 1481 1671 nos
1514 1633 1632 1683 legati
1661 1646 1727 1671 ve-

273 1697 413 1742 nimus,
435 1696 564 1734 statim
583 1696 699 1733 istum
717 1695 916 1740 conduxit,
936 1702 978 1733 ut
1003 1694 1243 1741 defenderet,
1263 1702 1303 1732 et
1322 1694 1523 1746 adjuvaret
1535 1693 1726 1733 nefarium

274 1758 550 1803 Philocratem,
572 1764 612 1796 et
629 1770 699 1795 nos
719 1757 784 1808 qui
806 1758 911 1795 bona
929 1757 1006 1794 fide
1033 1770 1094 1795 res
1115 1769 1229 1807 agere
1249 1757 1549 1802 institueremus,
1569 1769 1727 1807 supera-

274 1827 344 1858 ret.
402 1819 564 1870 Scripsit
583 1826 622 1857 et
638 1819 841 1869 epistolam
861 1819 912 1857 ad
932 1832 1013 1864 vos,
1035 1831 1112 1869 qua
1130 1831 1172 1856 se
1189 1818 1251 1857 vel
1280 1818 1317 1855 in
1348 1818 1480 1869 primis
1499 1830 1636 1868 pacem
1655 1817 1726 1855 im-

273 1887 514 1932 petraturum
533 1881 693 1932 putavit.
750 1880 881 1917 Nihilo
911 1880 1034 1930 magis
1067 1887 1196 1918 tamen
1229 1879 1344 1917 etiarn
1375 1879 1429 1916 sic
1459 1878 1493 1916 ei
1519 1878 1727 1928 quicquam

276 1955 409 1993 gerere
429 1954 611 1992 magnum
637 1947 773 1980 contra
792 1954 859 1978 vos
881 1941 1034 1986 licebat,
1054 1940 1127 1978 nisi
1158 1940 1382 1978 Phocenses
1402 1939 1657 1990 perdidisset:
1688 1939 1728 1976 id

273 2016 364 2042 vero
383 2003 604 2054 expeditum
624 2015 702 2040 non
716 2008 810 2040 erat.
868 2001 1091 2040 Contractae
1109 2001 1211 2039 enim
1232 2001 1315 2052 ejus
1335 2013 1396 2038 res
1416 2006 1527 2038 eraut
1544 2007 1728 2050 tanquam

273 2067 354 2104 fato
373 2065 556 2115 quodam,
575 2064 650 2102 hoc
670 2064 799 2109 modo,
817 2070 860 2101 ut
879 2069 946 2101 aut
964 2063 1056 2100 nihil
1077 2076 1209 2101 eorum
1227 2075 1316 2113 quae
1334 2062 1466 2108 vellet,
1487 2068 1619 2112 posset
1636 2074 1729 2099 con-

275 2127 397 2177 sequi,
417 2132 484 2164 aut
503 2139 662 2163 necesse
680 2125 841 2163 haberet
857 2124 1022 2171 mentiri,
1041 2124 1224 2175 pejerare,
1246 2131 1283 2161 et
1311 2130 1427 2162 testes
1443 2136 1524 2161 suae
1549 2121 1732 2173 improbi·

276 2190 366 2227 tatis
394 2188 522 2226 facere
553 2200 684 2225 omnes
715 2195 754 2224 et
786 2185 949 2224 Graecos
976 2192 1018 2223 et
1050 2187 1253 2225 Barbaros.
1317 2185 1357 2223 Si
1385 2186 1486 2223 enim
1506 2184 1730 2222 Phocenses

277 2250 402 2289 socios
422 2250 646 2300 recepisset,
667 2255 707 2286 et
733 2248 933 2286 vobiscum
964 2248 1018 2286 eis
1039 2248 1309 2300 jusjurandum
1330 2247 1515 2292 dedisset,
1534 2246 1729 2284 Thebanis

278 2318 318 2349 et
335 2311 531 2349 Thessalis
553 2310 686 2348 datum
713 2309 987 2361 jusjurandum
1009 2310 1138 2348 statim
1159 2310 1299 2348 violare
1320 2315 1478 2346 coactus
1498 2314 1614 2353 esset,
1634 2321 1729 2358 quo-

278 2385 359 2410 rum
378 2386 418 2410 se
439 2372 514 2409 illis
535 2371 725 2409 Boeotiam
745 2371 1009 2416 subacturum,
1030 2370 1089 2408 his
1111 2371 1281 2423 Pylaeam
1317 2369 1554 2407 redditurum
1579 2372 1731 2419 jurave-

277 2440 355 2471 rat:
387 2433 444 2470 sin
465 2446 530 2471 eos
550 2446 629 2470 non
649 2432 871 2483 recepisset,
890 2432 990 2470 sicut
1021 2444 1099 2470 uon
1120 2431 1360 2476 admittebat,
1381 2443 1456 2468 non
1477 2431 1730 2481 permissuros

278 2507 347 2533 vos
367 2494 453 2540 sibi,
472 2501 516 2531 ut
535 2494 841 2545 progrederetur,
862 2494 1034 2545 putabat,
1056 2493 1126 2531 sed
1156 2492 1297 2530 auxilia
1329 2492 1511 2530 missuros
1532 2492 1582 2530 ad
1599 2492 1729 2544 Pylas.

279 2556 416 2605 quue,
439 2555 513 2592 nisi
537 2555 690 2605 decepti
709 2555 858 2600 essetis,
878 2553 1075 2593 fecissetis.
1133 2553 1247 2596 Quod
1269 2554 1300 2591 si
1320 2554 1440 2597 fieret,
1462 2554 1555 2592 satis
1575 2554 1732 2593 videbat

279 2617 352 2655 sibi
380 2617 528 2654 aditum
557 2629 643 2654 esse
670 2616 934 2659 interclusum,
954 2628 1080 2665 neque
1105 2615 1144 2652 id
1165 2615 1198 2653 ei
1219 2621 1301 2653 erat
1320 2628 1367 2652 ex
1387 2615 1470 2653 aliis
1490 2628 1730 2666 cognoscen-

282 2679 389 2722 dum,
409 2677 476 2716 sed
496 2678 657 2728 ipsemet
675 2676 756 2727 ejus
777 2677 829 2713 rei
849 2676 919 2714 sibi
937 2676 1046 2714 testis
1066 2683 1160 2715 erat.
1219 2677 1272 2714 Ut
1303 2677 1404 2714 enim
1434 2676 1600 2727 primum
1629 2676 1729 2714 Pho·

280 2753 414 2778 censes
435 2740 642 2789 subegerat
661 2737 877 2788 Philippus,
897 2745 938 2776 et
965 2737 1104 2775 milites
1132 2751 1264 2776 eorum
1290 2737 1499 2785 occiderat,
1527 2750 1572 2776 ac
1592 2737 1729 2776 ducem

280 2809 395 2852 atque
416 2802 682 2851 imperatorem
715 2799 1016 2844 Onomarchum,
1038 2806 1118 2836 tum
1139 2800 1169 2837 si
1195 2799 1412 2837 mortalium
1432 2799 1600 2837 omnium
1618 2812 1731 2837 nemo

283 2876 404 2914 neque
425 2862 602 2908 Graecus,
622 2873 744 2910 neque
766 2860 955 2898 Barbarus
976 2874 1084 2911 opem
1119 2861 1268 2899 tulisset
1296 2860 1577 2907 Phocensibus,
1594 2867 1732 2911 praeter

282 2928 364 2969 v'os,
387 2937 462 2962 non
495 2923 610 2961 modo
641 2936 715 2961 non
745 2928 996 2972 penetrasset,
1017 2929 1083 2960 aut
1117 2922 1313 2973 ingressus
1347 2935 1476 2961 eorum
1505 2934 1592 2972 quae
1612 2922 1732 2961 voluit
