1923 3149
292 194 368 230 418
689 192 923 237 'CONTRA
953 198 1343 239 TIMOCRATEM.

290 294 380 331 utile
400 295 506 333 vobis
526 299 771 347 perspexerit,
800 300 956 347 indicet,
977 315 1022 340 ac
1050 315 1117 353 per
1136 303 1255 340 otium
1283 302 1437 341 refutet.
1482 303 1631 341 Horum
1651 315 1739 354 quae

289 361 365 392 tam
394 355 516 394 multa
543 364 646 405 sunt,
667 359 759 397 nihil
786 361 876 400 fecit
904 363 1160 402 Timocrates.
1203 364 1287 401 Nec
1317 365 1418 401 enim
1447 363 1574 414 legem
1599 376 1739 415 propo-

289 415 378 461 suit,
398 429 521 466 neque
540 418 689 469 copiam
709 420 811 467 fecit,
824 421 854 459 si
875 424 959 473 quis
980 436 1065 461 eam
1084 425 1223 462 lectam
1243 424 1370 470 vellet,
1390 424 1596 470 refutandi,
1616 437 1740 474 neque

287 476 405 513 ullum
425 483 578 528 tempus
605 479 806 526 definitum
838 483 986 534 legibus
1014 485 1251 523 observavit:
1283 485 1351 523 sed
1378 498 1465 523 cum
1495 485 1643 529 concio,
1664 497 1740 534 qua

285 538 392 588 leges
406 538 655 589 dijudicastis,
676 556 736 580 xr.
760 544 864 581 Junii
879 546 1147 590 celebraretur,
1163 547 1347 597 postridie
1364 547 1492 585 statim
1511 560 1597 584 XII.
1613 546 1738 596 legem

286 598 384 644 tulit,
404 611 565 650 eamque
586 602 870 652 Saturnalibus,
894 613 1172 657 proptereaque
1200 614 1337 645 senatu
1368 608 1542 652 dimisso,
1574 619 1642 657 per
1671 619 1738 644 eos

283 659 461 705 obtinuit,
478 661 541 709 qui
562 663 669 700 vobis
683 663 926 712 insidiantur,
941 674 983 704 ut
997 668 1335 706 senatusconsulto
1354 667 1627 719 legumlatores
1644 680 1738 705 con-

284 720 533 758 stituerentur
557 735 625 772 per
644 725 811 774 speciem
832 725 1193 766 Panathenaeorum.

338 783 374 818 8.
404 782 501 819 Volo
539 789 666 820 autem
705 785 809 823 vobis
843 786 969 836 ipsum
1008 789 1385 827 senatusconsultum
1415 788 1591 833 recitare,
1630 787 1734 838 quod

283 848 405 880 ratum
435 842 606 880 habitum
627 851 699 890 est,
722 852 765 883 ut
783 847 1019 898 intelligatis,
1038 861 1085 888 ea
1111 850 1238 887 omnia
1254 863 1321 900 per
1341 850 1665 900 conspirationem
1685 850 1734 886 ab

281 904 363 942 istis
379 915 462 941 esse
483 903 598 952 facta,
619 905 790 957 nihilque
811 908 969 947 fortuito
991 910 1188 948 accidisse.
1221 911 1326 962 Cape
1354 910 1732 949 senatusconsultum

282 965 353 1003 hoc
374 970 413 1002 et
433 963 518 1015 Iege
539 965 594 1003 eis
613 973 668 1004 tu.

734 1111 1340 1151 SENATUSCONSULTUM.

322 1212 513 1243 Praesidente
529 1213 609 1243 tribu
633 1212 814 1248 Pandionia,
832 1214 992 1244 undecimo
1007 1218 1130 1244 senatus
1145 1214 1208 1250 die,
1220 1214 1410 1244 Timocrates
1427 1213 1518 1250 dixit,
1535 1216 1576 1245 Ut
1590 1219 1621 1244 et
1637 1216 1732 1246 sacris

277 1263 398 1302 operari
415 1263 517 1298 liceat,
539 1269 569 1294 et
585 1269 761 1302 sumptuum
778 1264 866 1303 copia
883 1265 935 1300 sit,
951 1269 991 1301 et,
1008 1265 1033 1294 si
1049 1265 1121 1303 quid
1135 1265 1173 1294 ad
1189 1265 1390 1294 Panathenaea
1409 1265 1551 1301 desuerit,
1569 1270 1601 1294 ut
1616 1261 1730 1305 suppe—

276 1314 402 1348 ditetur,
426 1319 459 1343 ut
478 1320 632 1345 senatores
658 1314 836 1343 Pandioniae
862 1316 959 1344 tribus
984 1315 1013 1345 in
1038 1315 1202 1345 crastinum
1226 1315 1442 1354 legumlator-es
1466 1320 1589 1345 creent:
1614 1317 1729 1356 legum-

274 1365 385 1395 latores
410 1370 510 1411 autern
536 1366 599 1395 sint
629 1375 706 1395 unus
722 1370 754 1394 et
776 1365 859 1396 mille
885 1376 1023 1402 numero,
1048 1377 1064 1396 e
1085 1366 1212 1406 juratis:
1238 1366 1322 1405 leges
1345 1370 1445 1396 autem
1462 1376 1522 1396 una
1548 1367 1623 1396 ferat
1639 1367 1728 1397 ctiam

276 1420 412 1445 senatum.

274 1515 457 1566 Nunquid
489 1516 808 1556 animadvertistis
834 1517 933 1555 inter
953 1518 1162 1568 legendum
1192 1516 1583 1562 senatusconsultum,
1612 1530 1726 1568 quam

270 1575 406 1613 callide
424 1583 558 1614 auctor
577 1578 674 1628 ejus,
694 1591 762 1629 per
781 1579 948 1629 speciem
969 1586 1192 1630 sumptuum
1207 1585 1247 1616 et
1261 1578 1435 1629 urgentis
1455 1577 1558 1625 festi,
1573 1578 1727 1616 sublato

270 1636 440 1687 legitimo
478 1645 661 1688 tempore,
692 1641 773 1689 ipse
811 1639 1020 1690 scripserit,
1054 1639 1237 1689 perendie
1264 1639 1371 1689 leges
1399 1638 1582 1676 ferendas
1612 1638 1727 1677 esse?

272 1697 361 1734 Non
379 1697 528 1735 medius
549 1699 679 1746 fidius,
698 1712 776 1737 non
795 1700 963 1750 inquam,
978 1706 1022 1737 ut
1040 1700 1185 1750 aliquid
1205 1700 1243 1736 in
1263 1700 1359 1737 festo
1378 1698 1635 1750 pulcherrime
1655 1700 1724 1738 ad-

268 1758 698 1810 ministretur‚-—neque
713 1761 815 1798 enim
830 1760 1022 1810 reliquum
1043 1767 1111 1798 aut
1135 1760 1367 1810 praeteritum
1395 1766 1478 1797 erat
1504 1760 1724 1811 quicquam,

268 1819 392 1857 —sed
412 1826 455 1856 ut
475 1820 627 1858 nemine
647 1821 843 1858 hominum
863 1822 1149 1871 praesentiente,
1170 1826 1237 1859 aut
1255 1821 1489 1871 refragante,
1510 1821 1671 1858 ferretur
1687 1827 1725 1858 et

268 1879 478 1917 sanciretur
497 1880 578 1917 istis
609 1893 655 1917 ea
680 1881 759 1927 lex,
781 1894 857 1931 qua
876 1881 924 1918 de
945 1894 1048 1918 nunc
1077 1881 1216 1931 agitur.
1253 1881 1299 1918 Id
1319 1880 1425 1931 quod
1453 1880 1541 1918 hinc
1573 1881 1722 1932 perspi-

265 1939 377 1977 citur.
409 1940 642 1977 Sedentibus
663 1940 993 1989 legumlatoribus,
1010 1941 1058 1977 de
1077 1940 1136 1977 his
1157 1954 1244 1990 quae
1264 1941 1312 1978 de
1333 1940 1547 1990 sumptibus
1562 1948 1600 1978 et
1620 1940 1723 1979 Pan-

265 2001 452 2038 athenaeis
479 2001 622 2051 scripta
655 2007 756 2047 sunt,
786 2013 912 2051 neque
939 2001 1136 2038 meliorem
1166 2001 1308 2050 legem,
1334 2013 1460 2050 neque
1495 2000 1724 2039 deteriorem

266 2061 470 2112 quisquam
492 2061 601 2098 tulit:
632 2062 770 2112 quibus
800 2068 931 2099 autem
950 2062 999 2099 de
1029 2063 1142 2099 rebus
1171 2074 1298 2111 neque
1329 2061 1527 2099 decretum
1542 2062 1720 2112 jubebat,

265 2130 305 2160 et
341 2122 447 2172 leges
481 2128 628 2168 vetant,
662 2123 899 2160 Timocrates
933 2123 1054 2160 otiose
1092 2122 1201 2173 leges
1232 2122 1333 2168 tulit,
1367 2122 1454 2173 plus
1483 2124 1722 2162 auctoritatis

264 2183 405 2221 habere
425 2190 528 2221 ratus
550 2184 887 2221 senatusconsulto
908 2196 1023 2233 quam
1050 2183 1201 2234 legibus
1228 2184 1457 2235 praefinitum
1486 2190 1649 2235 tempus,
1669 2192 1722 2233 et,

264 2259 351 2284 cum
372 2246 479 2284 vobis
501 2246 677 2283 omnibus
703 2246 845 2283 festum
870 2245 1165 2291 celebrantibus,
1193 2245 1279 2296 lege
1306 2245 1495 2283 sancitum
1517 2245 1578 2291 sit,
1597 2258 1648 2284 ne
1674 2259 1720 2284 eo

264 2314 432 2358 tempore
462 2307 522 2345 vel
550 2306 740 2357 privatim,
767 2307 829 2345 vel
857 2306 1009 2357 publice
1041 2305 1103 2343 alii
1133 2306 1216 2344 aliis
1245 2306 1400 2357 injurias
1435 2305 1593 2352 faciant,
1622 2320 1719 2345 neve

261 2369 470 2419 quicquam
500 2369 741 2412 decernatur,
762 2369 834 2406 nisi
863 2368 912 2406 ad
939 2368 1080 2406 festum
1107 2368 1310 2418 pertineat,
1339 2368 1423 2418 ipse
1452 2367 1546 2404 nihil
1575 2368 1718 2408 veritus

262 2435 335 2474 est,
355 2443 402 2466 ne
430 2442 507 2467 non
536 2443 654 2466 unum
676 2430 841 2479 aliquem
866 2440 888 2467 e
908 2429 1066 2479 populo,
1101 2429 1169 2466 sed
1197 2435 1319 2466 totam
1349 2427 1544 2465 civitatem
1575 2426 1718 2468 Iaedere

259 2489 463 2528 videretur.
498 2490 557 2526 An
577 2502 665 2527 vero
684 2488 888 2526 ferendum
908 2495 982 2533 est,
1004 2502 1091 2526 eum
1112 2488 1175 2539 qui
1192 2489 1298 2538 leges
1318 2501 1468 2533 omnes,
1485 2501 1581 2539 quas
1600 2490 1717 2540 paulo

262 2558 351 2589 ante
370 2549 578 2594 audivistis,
600 2551 712 2588 sciret
733 2563 818 2587 csse
840 2555 955 2594 ratas,
974 2549 1040 2598 qui
1062 2550 1176 2587 sciret
1195 2549 1299 2595 item,
1319 2549 1471 2586 easdem
1493 2561 1570 2586 non
1593 2550 1716 2588 sinere

261 2611 383 2648 ullum
415 2611 611 2648 decretum
638 2610 757 2658 aliud,
785 2610 938 2648 tametsi
968 2609 1177 2659 legitimum
1208 2609 1333 2655 fuerit,
1356 2610 1442 2660 plus
1471 2609 1615 2647 habere
1648 2624 1716 2648 au-

259 2672 460 2716 ctoritatis,
492 2671 655 2709 scribere
687 2679 725 2708 et
756 2671 852 2708 ferre
886 2671 994 2708 vobis
1024 2670 1149 2720 legem
1178 2683 1225 2708 ex
1259 2670 1428 2716 decreto,
1456 2672 1562 2721 quod
1588 2673 1713 2723 ipsum

258 2735 374 2772 etiarn
410 2733 554 2771 sciebat
581 2739 716 2770 contra
744 2732 852 2782 leges
881 2744 967 2770 esse
987 2731 1159 2768 factum?
1207 2732 1269 2768 An
1292 2733 1379 2769 'non
1412 2732 1613 2782 indignum
1639 2738 1711 2778 est,

259 2808 349 2834 cum
369 2796 454 2846 ipsa
472 2794 606 2832 civitas
626 2794 832 2843 unicuique
854 2801 1025 2831 nostrum
1045 2793 1288 2831 securitatem
1304 2794 1532 2844 praestiterit,
1552 2806 1599 2830 ne
1618 2794 1711 2843 quid

254 2856 415 2893 insuave
434 2861 502 2893 aut
521 2856 700 2892 acerbum
720 2861 928 2905 pateretur,
941 2853 1015 2891 hoc
1032 2860 1202 2905 tempore
1222 2855 1320 2892 festo
1339 2855 1526 2900 instituto,
1545 2854 1666 2904 ipsam
1687 2868 1709 2892 a

257 2917 472 2956 Timocrate
492 2916 736 2955 securitatem
756 2915 921 2954 eandem
938 2928 1015 2954 non
1031 2915 1269 2965 impetrasse,
1286 2915 1354 2953 sed
1370 2915 1548 2954 maximis
1566 2914 1605 2952 in
1625 2915 1709 2966 ipso
