1923 3149
296 114 367 149 176
858 110 930 152 ΒΕ
961 109 1201 148 CORONA.

289 214 504 254 mortalium
523 213 685 251 libertati
703 212 896 250 imminere
912 213 1077 251 viderem
1097 225 1170 263 ego
1189 219 1321 250 contra
1338 212 1549 257 obnitebar‚
1571 225 1616 250 ac
1631 225 1728 263 prae-

288 277 416 315 dicere
436 287 665 326 monereque
683 275 972 325 perseverabam
992 287 1038 311 ne
1057 274 1140 311 haec
1163 273 1340 324 Philippo
1358 272 1581 323 proderetis.
1612 273 1728 324 Atqui

288 350 423 389 pacem
441 336 505 374 ille
525 349 612 374 cum
631 336 782 387 navigia
801 341 953 387 caperet
971 335 1135 380 violavit,
1157 347 1233 372 non
1252 334 1336 373 haec
1362 334 1507 379 civitas,
1529 334 1728 373 AEschine.

289 399 424 437 Profer
443 406 569 436 autem
590 399 673 449 ipsa
688 396 842 435 decreta
859 404 898 434 et
912 397 1113 448 epistolam
1131 396 1308 447 Philippi,
1325 403 1362 432 et
1375 408 1421 433 ex
1435 395 1567 433 ordine
1584 397 1702 434 recita
1717 409 1726 432 ε

287 461 347 499 his
366 461 465 498 enim
484 461 693 512 perpensis,
713 460 774 497 cui
795 473 957 510 quaeque
977 473 1036 497 res
1058 460 1107 496 sit
1126 458 1364 509 imputanda,
1385 457 1630 508 perspicuum
1649 459 1726 496 fiet.

289 523 440 562 Recita.
1373 519 1380 525 “

849 605 1168 644 DECRETUM.

329 686 482 716 Archonte
494 685 620 719 Neocle,
636 694 737 714 mense
756 684 990 721 Boedromione,
1006 684 1152 714 concione
1167 685 1405 714 extraordinaria
1421 696 1437 714 a
1454 685 1601 725 strategis
1617 694 1730 714 convo-

286 742 363 772 cata,
380 736 517 766 Eubulus
535 734 697 764 Mnesithei
714 735 735 763 f.
761 734 892 774 Cyprius
909 735 1033 764 retulit:
1058 735 1206 773 Quoniam
1222 736 1351 773 Strategi
1370 736 1399 765 in
1413 735 1556 765 concione
1578 736 1729 765 renuntia-

286 792 367 823 runt,
385 787 621 817 Leodamantem
642 786 825 815 navarchum
841 796 909 815 cum
927 786 1035 825 viginti
1054 786 1184 825 navigiis
1200 797 1266 825 quae
1282 787 1425 816 frumeuti
1442 786 1621 825 deportandi
1638 796 1728 815 eausa

286 838 379 868 missa
394 843 464 868 sunt
478 848 546 868 cum
562 837 641 867 eoin
658 837 904 876 Hellespontum,
921 837 957 866 ab
975 838 1106 876 Amynta
1123 838 1260 877 Philippi
1278 838 1458 876 imperatore
1474 838 1503 867 in
1518 838 1727 867 Macedoniam

287 889 450 919 deductum
477 899 542 918 esse
566 893 656 926 atque
681 887 726 916 ibi
751 887 780 916 iu
797 887 938 917 custodia
953 887 1060 922 teneri,
1078 888 1197 926 placere
1223 892 1256 917 ut
1280 889 1427 926 Prytanes
1445 893 1474 917 et
1501 888 1634 926 Strategi
1657 888 1730 917 dent

286 950 421 980 operam,
449 944 483 970 ut
495 944 622 978 cogatur
639 942 772 973 senatus,
787 937 940 976 legatique
962 937 999 966 ad
1024 937 1203 976 Philippum
1223 938 1406 977 deligantur,
1432 938 1483 977 qui
1508 948 1574 967 cum
1600 938 1637 967 ad
1662 948 1729 967 eum

286 991 494 1032 pervenerint,
510 993 599 1029 agant
614 1000 682 1018 cum
699 999 735 1017 eo
755 988 792 1017 de
817 988 1000 1017 dimittendo
1017 989 1227 1027 navarchoque
1246 993 1276 1018 et
1292 989 1420 1018 navibus
1436 995 1466 1018 et
1481 988 1639 1018 militibus.
1691 989 1731 1018 Et

286 1042 310 1071 si
327 1052 382 1081 per
396 1039 628 1080 imprudentiam
643 1039 716 1068 fecit
730 1039 795 1068 haec
811 1038 968 1075 Amyntas,
985 1038 1058 1067 nihil
1075 1039 1112 1068 de
1129 1048 1165 1067 eo
1185 1038 1271 1077 queri
1288 1040 1389 1069 dicant
1406 1039 1551 1079 populum
1568 1039 1732 1069 Athenien-

284 1102 365 1123 sem:
391 1091 436 1121 sin
452 1090 567 1129 aliquid
581 1093 694 1128 praeter
710 1089 851 1118 mandata
866 1088 968 1126 inique
985 1089 1158 1117 molientem
1175 1089 1357 1119 nauarchum
1378 1089 1621 1129 deprehenderit,
1637 1090 1730 1120 Athe-

285 1144 406 1174 nienses
422 1153 455 1171 re
476 1140 599 1180 cognita
615 1150 672 1179 pro
695 1139 889 1178 negligentiae
913 1138 1010 1176 ipsius
1026 1139 1116 1168 modo
1140 1139 1170 1168 in
1187 1149 1256 1168 eum
1271 1141 1545 1170 animadversuros.
1590 1141 1679 1177 Quod
1704 1141 1730 1170 si

285 1199 423 1226 neutrum
438 1193 544 1222 horum
561 1191 615 1226 sit,
629 1191 683 1220 sed
699 1189 841 1228 privatim
858 1189 945 1219 fidem
965 1189 1059 1218 violat
1074 1190 1119 1219 vel
1140 1190 1166 1220 is
1182 1190 1235 1228 qui
1249 1200 1332 1220 naves
1347 1191 1429 1220 misit
1446 1192 1493 1221 vel
1510 1192 1535 1220 is
1551 1192 1602 1230 qui
1619 1193 1730 1221 missus

285 1252 343 1280 est,
354 1249 454 1284 petant
469 1248 502 1272 ut
517 1243 555 1272 de
570 1242 627 1271 hoc
643 1251 762 1280 quoque
778 1241 816 1270 ad
831 1250 886 1270 nos
900 1239 1014 1270 scribat
1026 1240 1194 1280 Philippus,
1206 1246 1238 1270 ut
1250 1242 1382 1281 populus
1396 1253 1463 1271 cum
1474 1243 1538 1273 haec
1554 1244 1732 1283 cognoverit

284 1297 357 1336 quid
373 1296 453 1324 facto
470 1303 547 1333 opus
564 1292 604 1322 sit
619 1292 779 1321 deliberet.

284 1399 371 1437 Hoc
386 1398 500 1449 igitur
514 1396 709 1433 decretum
731 1393 907 1432 Eubulus
926 1394 1031 1439 fecit,
1052 1407 1128 1432 non
1148 1408 1235 1445 ego,
1254 1395 1416 1433 alterum
1437 1409 1527 1435 vero
1546 1397 1649 1447 quod
1669 1411 1728 1436 se-

282 1461 410 1511 quitur
431 1456 679 1508 Aristophon‚
707 1455 845 1493 deinde
865 1455 970 1492 aliud
999 1455 1261 1506 Hegesippus,
1294 1457 1396 1493 aliud
1425 1470 1552 1495 rursus
1584 1459 1728 1497 Aristo-

283 1522 399 1574 phon,
421 1519 559 1558 deinde
587 1517 840 1562 Philocrates,
869 1523 950 1554 tum
980 1517 1266 1568 Cephisophon,
1286 1525 1375 1569 post
1402 1519 1463 1556 alii
1487 1533 1633 1565 omnes,
1655 1535 1727 1571 ego

282 1598 370 1624 vero
385 1583 444 1621 his
465 1582 512 1620 de
533 1582 643 1619 rebus
663 1578 768 1616 nihil.
806 1578 943 1616 Recita
962 1578 1171 1616 decretum.

846 1684 1161 1722 DECRETUM.

325 1767 482 1797 Archonte
499 1764 624 1799 Neocle‚
641 1761 873 1793 Boedromionis
884 1762 933 1791 die
949 1761 1068 1797 ultimo,
1080 1761 1119 1791 de
1133 1761 1282 1791 sententia
1296 1766 1429 1798 senatus,
1444 1763 1591 1801 Prytanes
1605 1770 1633 1793 et
1646 1767 1727 1794 Stra-

283 1819 345 1859 tegi
362 1817 525 1848 sententias
538 1818 862 1854 rogarunt‚postquam
876 1824 912 1842 ea
921 1823 987 1852 quae
1001 1813 1030 1842 in
1044 1812 1189 1842 concione
1202 1817 1270 1842 acta
1284 1819 1353 1841 sunt
1365 1813 1599 1849 renuntiassent,
1612 1817 1728 1854 populo

281 1870 391 1900 scilicet
409 1868 530 1907 placere
547 1872 581 1895 ut
595 1865 684 1904 legati
699 1865 735 1893 ad
753 1864 931 1903 Philippum
944 1863 982 1892 de
998 1863 1127 1893 navibus
1141 1863 1358 1902 recuperandis
1375 1863 1556 1903 deligantur,
1575 1865 1673 1903 iisque
1689 1868 1728 1895 mi

282 1921 369 1951 illum
382 1919 522 1949 mandata
533 1918 643 1946 dentur
656 1920 686 1945 et
699 1916 823 1944 decreta
836 1914 866 1943 in
879 1913 1022 1943 concione
1041 1914 1110 1943 lata.
1134 1914 1219 1943 Lecti
1236 1919 1303 1943 sunt
1318 1914 1361 1947 hi.
1371 1915 1591 1955 Cephisophon
1606 1916 1729 1947 Cleonis

280 1973 301 2002 f.
322 1970 551 2010 Anaphlyslius,
568 1966 764 1997 Democritus
781 1964 1005 2004 Demophontis
1021 1965 1234 2003 Anagyrasius,
1246 1964 1422 2002 Polycritus
1441 1967 1599 2004 Apemanti
1615 1966 1729 1996 Gotho-

283 2024 378 2054 eides.
404 2021 592 2052 Praesidente
607 2019 687 2048 tribu
705 2015 983 2058 Hippothoontide,
999 2015 1185 2054 Aristophon
1201 2015 1359 2054 Collyteus
1373 2017 1521 2054 proedrus
1537 2017 1627 2047 dixit.

283 2111 617 2157 Quemadmodum
639 2109 751 2160 igitur
771 2120 842 2159 ego
861 2108 947 2145 haec
975 2107 1130 2145 decreta
1154 2107 1317 2158 profero,
1347 2107 1400 2145 ita
1427 2114 1466 2145 et
1485 2115 1526 2145 tu
1553 2110 1726 2155 ostende,

283 2174 478 2219 AEschine,
499 2184 666 2223 quonam
684 2183 757 2220 ego
779 2169 936 2207 decreto
966 2168 1107 2219 scripto
1132 2169 1223 2206 belli
1249 2175 1382 2206 auctor
1401 2169 1547 2206 fuerim.
1577 2170 1631 2207 At
1648 2183 1725 2208 non

282 2243 416 2287 potes:
446 2234 593 2272 sienim
622 2244 767 2283 posses,
796 2230 890 2267 nihil
919 2229 984 2267 illo
1006 2230 1110 2280 prius
1124 2230 1205 2281 jam
1234 2229 1471 2280 protulisses.
1531 2231 1650 2280 Atqui
1678 2244 1725 2269 ne

283 2297 484 2347 Philippus
504 2294 658 2345 quidem
678 2292 768 2330 belli
795 2292 947 2342 culpam
967 2291 1005 2327 in
1034 2304 1094 2328 me
1113 2291 1273 2337 confert,
1288 2303 1375 2328 cum
1396 2290 1488 2328 alios
1518 2291 1724 2330 insimulet.

284 2357 420 2396 Recita
438 2364 566 2394 autem
585 2355 707 2406 ipsam
727 2353 894 2403 Philippi
912 2352 1122 2403 epistolam.

723 2461 989 2501 EPISTOLA
1020 2461 1279 2499 PHILIPPI.

323 2543 392 2572 Rex
408 2542 610 2572 Macedonum
627 2541 789 2580 Philippus
805 2541 922 2570 senatui
937 2540 1113 2578 populoque
1132 2539 1311 2569 Atheniensi
1331 2540 1363 2569 S.
1393 2541 1546 2572 Venerunt
1562 2544 1599 2572 ad
1618 2554 1664 2575 me
1681 2546 1723 2576 le-

281 2594 341 2633 gati
357 2593 462 2628 vestri,
477 2592 692 2631 Cephisophon
709 2598 739 2620 et
756 2591 948 2621 Democritus
961 2596 990 2620 et
1007 2590 1192 2628 polymitus,
1209 2595 1393 2631 egeruntque
1407 2601 1525 2622 meconi
1540 2594 1579 2623 de
1595 2596 1723 2626 navibus

281 2645 480 2681 dimittendis,
496 2644 604 2684 quibus
620 2648 747 2683 praeerat
764 2644 938 2672 Leodamas.
965 2642 1010 2671 Ad
1030 2652 1173 2671 suminam
1191 2642 1285 2680 igitur
1300 2653 1480 2681 magnopere
1496 2644 1566 2673 mihi
1583 2645 1722 2685 desipere

281 2697 438 2732 videmini,
455 2696 479 2726 si
497 2695 618 2735 quidem
633 2695 710 2725 clam
734 2705 781 2724 me
799 2704 865 2723 esse
880 2692 1075 2727 existimatis,
1100 2703 1191 2722 naves
1215 2693 1289 2723 istas
1305 2704 1358 2732 per
1373 2695 1505 2733 speciem
1529 2695 1669 2727 fruruenti
1687 2709 1721 2727 ex

283 2749 483 2787 Hellesponto
499 2748 530 2777 in
553 2748 696 2776 Lemnum
713 2745 895 2784 exportandi
911 2744 1017 2773 missas
1041 2744 1146 2778 fuisse,
1163 2749 1193 2773 at
1219 2755 1325 2774 revera
1348 2749 1379 2773 ut
1396 2745 1613 2783 Sclymbrianis
1637 2749 1687 2786 qui
1705 2761 1722 2779 a

282 2810 328 2827 me
345 2800 533 2834 obsidentur,
550 2808 604 2827 nec
620 2797 649 2827 in
664 2795 871 2827 communibus
892 2794 1031 2824 amicitiae
1048 2800 1157 2825 nostrae
1178 2795 1343 2825 soederibus
1359 2795 1561 2829 continentur,
1576 2798 1722 2830 auxilium

282 2850 403 2879 fei-rent.
428 2851 526 2888 Atque
542 2850 607 2878 haec
623 2848 772 2879 navarcho
789 2846 928 2877 mandata
949 2851 1018 2876 sunt
1033 2847 1146 2886 absque
1161 2846 1270 2887 populi
1286 2846 1483 2877 Atheniensis
1498 2849 1690 2885 auctoritate,
1705 2862 1723 2881 a
