1923 3149
510 186 735 224 CONTRA
765 183 1228 223 ARISTOGITONEM
1262 184 1289 221 1.
1543 179 1620 221 2155

174 297 248 328 tius
267 298 423 336 evertat,
446 293 477 330 si
497 299 754 343 consequatur
774 291 1038 330 auctoritatem
1059 297 1097 328 ct
1114 290 1350 341 potentiam?
1407 290 1544 328 Nonne
1565 291 1619 329 vi-

175 351 274 389 detis
293 353 373 403 ejus
392 353 587 403 ingenium
608 361 647 391 et
672 353 855 398 actiones,
889 365 965 389 non
986 352 1145 395 ratione,
1177 363 1254 388 non
1282 351 1357 388 ulla
1375 352 1618 396 verecundia,

174 414 241 450 scd
262 427 336 452 una
349 407 616 465 desperatione
636 413 865 464 gubernari?
897 413 977 464 lmo
998 425 1131 450 omnes
1149 412 1230 462 ejus
1250 412 1418 450 actiones
1439 427 1514 450 non
1535 426 1620 451 esse

138 498 143 505 ι
176 475 294 520 aliud,
317 489 431 526 quam
454 475 788 528 desperationem?
818 476 916 517 Quae
935 486 1021 512 cum
1048 474 1082 510 ei
1109 473 1274 510 maximo
1298 473 1367 522 ipsi
1395 474 1495 511 malo
1515 476 1563 512 sit
1582 476 1621 512 in

174 549 250 586 quo
270 544 340 581 est,
371 544 452 574 tum
475 539 612 575 acerba
633 545 672 575 et
690 538 816 587 gravis
843 543 902 573 est
932 535 1120 579 omnibus,
1150 542 1188 571 et
1205 533 1423 583 reipublicae
1443 535 1622 573 intolera-

174 598 274 635 bilis.
332 597 467 635 Omnis
488 600 590 636 enim
603 598 717 636 homo
736 598 959 648 profligatus
980 604 1017 633 et
1036 594 1279 645 semetipsum
1300 594 1458 644 projicit,
1478 603 1516 632 et
1535 610 1622 646 quae

175 657 336 695 consilio
357 659 507 696 retineri
527 665 669 709 potest,
697 657 1022 695 incolumitatem:
1052 655 1120 693 scd
1142 655 1409 693 admirabiliter
1428 662 1467 693 et
1485 665 1624 706 practer

177 718 375 763 rationem,
395 718 426 755 si
450 719 545 756 forte
564 719 741 762 evaserit,
761 724 1019 755 conservatur.
1050 716 1143 759 Quis
1170 717 1283 766 igitur
1311 716 1425 753 homo
1444 717 1623 755 cordatus

175 779 423 829 semetipsum
451 785 518 816 aut
550 778 754 817 commoda
787 778 1005 829 reipublicce
1034 777 1096 815 isti
1129 776 1386 815 commiserit?
1421 777 1516 820 Quis
1547 791 1622 815 non

176 845 363 888 quantum
383 840 516 890 possit,
536 853 582 878 ea
600 840 804 891 praeditum
836 839 972 889 fugiat,
997 847 1038 876 et
1055 838 1166 876 tollat
1184 851 1204 875 e
1234 837 1374 882 medio,
1401 850 1449 875 ne
1469 840 1625 889 quando

175 900 313 938 invitus
332 900 370 937 in
391 914 478 938 eum
498 901 668 939 incidat?
708 901 769 938 De
791 901 912 938 salute
932 900 1149 951 reipublicae
1169 898 1482 945 deliberantibus,
1501 901 1626 938 Athe-

177 960 341 1007 nienses,
373 974 451 999 non
470 962 700 1012 quaerendus
720 963 752 999 is
781 969 852 1007 est,
883 963 995 1011 cujus
1025 960 1302 1011 desperationis
1329 960 1421 998 socii
1445 961 1521 998 sint
1539 962 1625 1012 ipsi,

178 1021 243 1059 sed
267 1022 297 1059 is
318 1023 456 1073 potius,
486 1024 595 1074 cujus
617 1030 783 1061 mentem
804 1032 839 1060 et
859 1022 1001 1073 ingenii
1029 1022 1252 1067 bonitatem,
1276 1028 1314 1059 et
1339 1035 1519 1072 magnam
1538 1036 1626 1073 pro-

176 1083 384 1120 videntiam
407 1084 614 1123 imitentur.
645 1084 746 1122 Nam
770 1083 854 1121 haec
873 1084 923 1121 ad
948 1083 1171 1121 felicitatem
1200 1083 1416 1133 perducunt
1444 1084 1626 1122 mortales

178 1157 334 1182 omnes:
364 1145 429 1182 illa
449 1158 507 1189 eo,
529 1159 603 1196 qno
624 1147 740 1183 istum
761 1145 864 1182 abire
885 1145 1010 1183 decet.
1043 1144 1163 1195 quue
1181 1143 1367 1181 aestimate
1392 1156 1469 1181 non
1489 1156 1511 1181 e
1532 1145 1627 1182 meis

180 1206 319 1252 verbis,
350 1207 418 1245 sed
438 1208 475 1245 in
499 1220 630 1245 omnes
653 1207 851 1245 hominum
877 1219 1002 1244 mores
1028 1207 1234 1244 intuentes.
1264 1205 1453 1243 Omnibus
1473 1206 1629 1245 urbibus

177 1280 253 1305 arae
273 1275 363 1306 sunt
381 1275 420 1306 et
443 1269 532 1306 fana
559 1269 719 1306 deorum
746 1268 928 1313 omnium,
955 1274 1069 1317 atque
1100 1268 1198 1304 inter
1225 1279 1291 1304 eos
1324 1267 1438 1305 etiam
1457 1268 1628 1318 providae

179 1328 379 1374 Minervae,
403 1335 447 1366 ut
472 1342 622 1379 magnae
649 1336 688 1366 et
717 1329 937 1378 praestantis
970 1329 1068 1373 deae,
1098 1335 1137 1365 et
1161 1327 1273 1378 juxta
1294 1327 1512 1378 Apollinem
1532 1329 1630 1366 Del-

176 1389 331 1440 phicum
351 1389 609 1441 pulcherrima
625 1397 665 1427 et
684 1389 849 1427 maxima
868 1388 972 1426 aedes
993 1389 1121 1426 statim
1149 1388 1213 1424 ubi
1234 1388 1416 1438 templum
1438 1388 1630 1439 ingressus

176 1450 305 1496 fueris,
338 1451 513 1500 quicum
547 1458 587 1488 et
616 1450 712 1488 deus
743 1456 782 1487 et
806 1456 913 1487 vates
945 1450 1007 1494 sit,
1039 1457 1201 1498 utraque
1231 1449 1377 1486 ratione
1406 1450 1512 1487 novit
1537 1451 1630 1501 quid

178 1511 340 1548 maxime
367 1511 567 1562 expediat:
618 1524 695 1548 non
730 1510 1034 1561 Desperafionis,
1076 1517 1116 1546 et
1149 1509 1415 1559 impudentiae.
1459 1504 1563 1554 Quin
1590 1518 1631 1549 ct

177 1571 359 1617 Justitiae,
378 1579 416 1609 et
434 1572 651 1622 AEquitatis‚
675 1578 713 1608 et
726 1570 978 1607 Verecundiae
999 1569 1222 1606 mortalibus
1242 1571 1417 1607 omnibus
1432 1583 1507 1607 arae
1526 1579 1629 1618 sunt,

178 1633 262 1670 ariae
274 1633 551 1683 pulcherrimae,
567 1640 606 1670 et
625 1632 878 1669 sanctissimae
897 1631 934 1667 in
951 1631 1076 1668 animo
1093 1631 1280 1681 cujusque
1301 1637 1340 1668 et
1359 1631 1524 1681 ingenio,
1545 1634 1629 1671 alioe

177 1706 310 1743 eaeque
329 1706 550 1731 communes
581 1693 759 1731 omnibus
789 1693 838 1730 ad
863 1693 1007 1729 cultum
1038 1692 1265 1742 propositae:
1297 1692 1364 1729 sed
1392 1706 1469 1730 non
1499 1693 1628 1744 Impu-

177 1754 331 1799 dentiae,
351 1761 418 1791 aut
437 1753 664 1800 Calumniae,
685 1766 761 1790 non
783 1752 955 1804 Perjurii,
976 1765 1053 1791 non
1076 1752 1205 1789 Animi
1225 1753 1376 1803 ingrati,
1400 1766 1486 1803 quae
1501 1755 1629 1794 omnia

180 1814 242 1852 isti
265 1815 408 1852 insunt.
1280 1860 1290 1864 ἡ

232 1877 270 1913 9.
301 1876 382 1913 Etsi
402 1882 527 1912 autem
551 1875 629 1914 scio
660 1876 774 1913 istum
806 1882 948 1913 rectam
967 1882 1006 1913 et
1023 1888 1149 1913 veram
1183 1866 1416 1913 defensionis
1438 1876 1537 1915 viam
1559 1878 1626 1916 de-

176 1937 418 1982 clinaturum,
446 1945 484 1974 et
514 1937 754 1976 extrinsecus
789 1937 958 1987 undique
992 1937 1240 1974 circuiturum
1281 1937 1557 1976 conviciantem
1588 1948 1628 1978 et

178 1998 488 2041 calumniantem,
502 2005 540 2036 et
558 1998 831 2048 pollicitantem
849 2011 890 2035 se
911 2005 1195 2043 accusaturum,
1216 1998 1252 2035 in
1269 1999 1334 2049 jus
1356 1999 1628 2049 adducturum,

179 2059 406 2096 traditurum
426 2059 680 2111 magistratui,
699 2066 738 2096 et
752 2060 834 2109 ejus
851 2060 1001 2109 generis
1021 2059 1106 2104 alia,
1130 2066 1269 2104 tamen,
1292 2060 1321 2096 si
1338 2073 1404 2097 vos
1420 2062 1630 2110 prudenter

180 2121 356 2167 audietis,
385 2133 431 2158 ea
449 2121 576 2157 omnia
595 2120 688 2157 nihil
708 2120 760 2157 illi
782 2120 979 2170 profutura
999 2128 1101 2158 sunt.
1131 2120 1235 2163 Quid
1262 2121 1359 2156 enim
1377 2121 1534 2159 istorum
1551 2137 1629 2161 non

178 2173 280 2232 saepe
317 2182 354 2218 in
389 2181 564 2218 omnibus
596 2181 707 2231 quale
738 2188 851 2224 esset,
891 2181 1167 2231 deprehensum
1202 2180 1289 2218 est?
1333 2181 1388 2218 Ac
1427 2185 1630 2232 praeteribo

179 2249 319 2287 cetera,
341 2250 394 2287 tu,
418 2241 647 2291 Aristogito‚
680 2253 742 2278 me
768 2242 908 2291 septies
928 2242 1138 2292 majestatis
1161 2241 1273 2291 egisti
1293 2254 1412 2287 reum,
1433 2256 1629 2283 mercena-

179 2303 254 2340 rius
274 2315 418 2348 eorum,
449 2303 513 2352 qui
539 2310 619 2340 tum
650 2302 816 2352 Philippi
845 2302 1037 2352 negotium
1065 2303 1243 2352 agebant,
1274 2309 1413 2346 orator,
1436 2309 1474 2340 et
1492 2317 1552 2343 me
1571 2320 1629 2344 ra-

179 2364 301 2401 tiones
330 2364 558 2401 referentem
579 2364 638 2400 bis
669 2364 866 2400 accusasti.
912 2364 968 2400 Ac
997 2376 1071 2413 ego
1104 2364 1270 2412 quidem,
1301 2365 1365 2414 qui
1398 2365 1511 2403 homo
1531 2380 1630 2415 sum,

181 2425 410 2462 Adrasteam
444 2425 577 2470 adoro,
605 2430 643 2461 et
669 2424 794 2461 habeo
830 2423 900 2460 diis
930 2424 1204 2461 immortalibus
1239 2430 1278 2461 et
1308 2425 1491 2463 universis
1521 2428 1631 2465 vobis

181 2498 357 2535 magnam
377 2487 551 2535 gratiam,
574 2486 843 2528 Athenienses,
862 2485 926 2535 qui
943 2498 1003 2522 me
1021 2486 1297 2523 conservastis:
1329 2494 1370 2523 tu
1391 2493 1518 2524 autem
1539 2489 1631 2527 nihil

182 2559 351 2596 unquam
371 2545 499 2583 dixisti
517 2548 608 2590 veri,
628 2546 699 2583 sed
716 2546 900 2583 mendacii
921 2559 1070 2596 semper
1090 2560 1130 2583 es
1150 2547 1365 2585 convictus.
1414 2548 1529 2590 Quod
1545 2549 1575 2586 si
1591 2550 1630 2586 hi

181 2609 306 2658 sopita
324 2608 452 2657 legum
475 2608 714 2651 auctoritate,
734 2607 847 2645 hodie
876 2614 912 2645 te
939 2607 1185 2652 absolverint,
1213 2621 1316 2646 nunc
1338 2622 1397 2645 me
1418 2622 1521 2645 reum
1545 2623 1630 2660 per-

182 2667 300 2719 ages?
330 2668 418 2711 Quo
446 2667 632 2705 crimine?
667 2669 729 2705 Sic
748 2669 846 2706 enim
867 2669 1121 2706 considerate.
1166 2669 1367 2707 Biennium
1387 2670 1468 2719 jam
1494 2670 1566 2708 iste
1593 2673 1631 2709 vi

181 2729 444 2773 concionatur,
461 2729 563 2779 quod
579 2730 613 2768 ei
629 2730 755 2767 facere
770 2744 846 2768 non
861 2730 1048 2775 licet,'sed
1062 2729 1310 2767 concionatur
1326 2738 1464 2767 tamen.
1480 2731 1631 2770 Deinde

181 2791 328 2828 interea
347 2790 528 2827 miserum
547 2790 768 2832 Phocidem,
803 2799 842 2829 et
866 2792 1014 2829 fabrum
1043 2791 1149 2828 illum
1170 2791 1344 2828 aemrium
1384 2791 1629 2840 Piraeensem,

183 2858 223 2888 et
241 2851 455 2896 coriarium,
476 2857 515 2888 et
533 2851 564 2889 si
585 2863 682 2900 quos
703 2842 801 2888 alios
817 2852 920 2903 apud
940 2866 1007 2890 vos
1035 2852 1240 2895 accusavit,
1273 2864 1436 2901 peccare
1466 2852 1505 2889 in
1533 2867 1630 2891 rem·

183 2911 375 2961 'publicam
397 2911 514 2950 vidit:
545 2924 604 2948 me
625 2918 750 2948 autem
773 2925 849 2950 non
869 2912 975 2958 vidit,
1004 2920 1205 2956 oratorem,
1227 2911 1264 2948 in
1281 2923 1394 2961 quem
1415 2912 1541 2952 hostili
1559 2914 1630 2952 fuit
