1923 3149
729 161 797 198 DE
829 160 1066 198 CORONA.
1557 161 1628 198 189

242 268 305 303 45.
337 266 462 316 Atque
483 274 688 317 antequam
709 273 836 318 aperte
855 266 999 304 bellum
1019 277 1236 316 gereremus
1250 265 1428 316 Philippo
1448 266 1622 304 auxiliari

187 327 370 364 nefarium
391 328 560 378 profecto
580 328 663 374 fuit,
684 341 706 365 o
727 335 827 365 terra
843 327 970 377 diique
984 327 1234 364 immortales!
1263 327 1345 376 quis
1359 327 1501 376 neget?
1530 341 1621 365 con-

187 394 244 425 tra
276 389 458 438 patriam:
489 389 556 426 sed
576 396 703 426 tamen
724 389 812 425 date
831 388 904 424 hoc
925 387 973 432 ei,
1003 387 1033 424 si
1054 387 1178 432 vultis,
1199 386 1300 424 date.
1358 387 1499 424 Verum
1532 401 1619 425 cum

187 449 310 499 palam
327 450 406 500 jam
428 451 599 501 spoliatae
615 463 729 487 naves
748 455 892 493 essent,
916 449 1178 487 Chersonesus
1198 454 1441 494 everteretur,
1463 449 1500 486 in
1522 450 1623 487 Atti-

187 522 269 547 cam
290 510 403 548 homo
423 513 493 549 iste
514 511 719 555 invaderet,
742 523 865 560 neque
887 510 969 561 jam
997 510 1159 561 amplius
1188 510 1225 546 in
1251 510 1368 547 dubio
1398 523 1457 546 res
1486 518 1626 555 essent,

189 571 256 608 sed
277 572 418 609 bellum
451 578 651 617 exarserat,
678 571 769 622 quid
801 584 969 620 unquam
997 584 1064 621 pro
1093 570 1200 607 vobis
1231 571 1352 620 egerit
1384 569 1534 607 invidus
1566 570 1627 607 illc

187 633 395 669 iamborum
415 632 675 677 manducator,
695 645 770 669 non
786 638 913 682 potest
932 632 1144 677 ostendere,
1164 644 1289 681 neque
1308 637 1433 669 exstat
1451 630 1628 681 plebisci-

188 699 265 729 tum
291 693 411 729 ullum
439 705 560 742 neque
590 705 772 742 magnum
803 706 927 742 neque
956 706 1113 742 parvum
1134 692 1238 742 quod
1258 693 1294 729 in
1314 693 1405 743 reip.
1425 692 1627 729 utilitatem

190 753 387 791 AEschines
415 753 529 791 fecit:
562 753 619 790 sin
642 753 796 803 aliquod
818 768 891 790 esse
911 754 1027 800 dicat,
1054 757 1134 801 Jam
1167 766 1269 790 nunc
1299 754 1479 791 ostendat
1515 754 1628 791 meis-

187 826 262 863 que
289 813 389 851 horis
425 820 566 851 utatur.
636 814 712 852 Sed
751 815 899 851 nullum
936 822 1006 852 est.
1076 807 1193 864 Atqui
1232 814 1452 852 alterutrum
1498 813 1627 864 utique

186 887 343 912 necesse
381 882 440 912 est
475 875 548 921 vel,
585 875 764 925 quoniam
805 876 843 912 in
878 876 920 913 iis
955 889 1039 925 quae
1076 888 1099 912 a
1139 888 1202 912 me
1239 882 1349 925 gesta
1398 882 1485 912 sunt
1537 875 1629 912 nihil

185 942 332 986 poterat
360 936 648 986 reprehendere,
680 936 753 973 alia
783 936 897 986 igitur
929 949 1013 973 eum
1041 949 1117 973 non
1155 936 1382 982 decrevisse,
1418 936 1492 981 vel,
1525 936 1628 986 quod

186 996 351 1033 hostium
380 997 590 1034 commodis
622 997 804 1041 studeret,
834 997 892 1034 his
921 997 1078 1034 meliora
1106 997 1144 1033 in
1174 997 1340 1034 medium
1369 997 1538 1048 proferre
1559 1010 1628 1034 no-

185 1057 314 1095 luisse.
370 1058 524 1095 Nihilne
560 1057 674 1107 igitur
702 1057 866 1104 dicebat,
896 1058 1037 1096 nihilne
1067 1059 1299 1096 decernebat
1327 1059 1409 1104 iste,
1446 1071 1531 1095 cum
1561 1059 1629 1096 ali-

185 1131 260 1168 qua
279 1119 316 1155 in
345 1132 385 1156 re
413 1119 540 1156 noceri
560 1119 667 1156 vobis
686 1118 824 1156 licuit?
881 1119 1003 1158 Immo
1022 1120 1162 1157 nemini
1189 1126 1282 1157 tunc
1309 1119 1369 1157 alii
1400 1120 1551 1158 dicendi
1570 1120 1627 1157 lo-

189 1191 257 1216 cus
277 1185 371 1217 erat.

239 1242 303 1279 46.
335 1241 392 1277 Ac
411 1248 550 1278 caetera
570 1241 723 1291 quidem
754 1242 851 1279 ferre
886 1242 1050 1279 fortasse
1078 1250 1230 1294 poterat
1258 1243 1405 1289 civitas,
1423 1256 1544 1294 eaque
1564 1256 1630 1281 oc-

185 1300 288 1339 culte
308 1301 377 1339 iste
397 1303 574 1352 patrabat
591 1315 599 1339 :
621 1315 740 1339 unum
755 1315 842 1339 vero
856 1304 1111 1353 superioribus
1125 1304 1272 1341 facinus
1293 1303 1454 1350 addidit,
1470 1304 1631 1341 Atheni-

184 1375 308 1409 enses,
339 1363 541 1414 ejusmodi,
572 1364 675 1414 quod
707 1364 856 1401 caeteris
885 1365 1059 1402 omnibus
1085 1366 1277 1416 fastigium
1311 1366 1549 1415 imponeret;
1582 1365 1630 1403 de

185 1437 261 1474 quo
280 1425 400 1462 multa
419 1437 511 1462 sane
531 1426 647 1462 verba
671 1425 923 1476 consumpsit,
950 1439 1037 1463 cum
1064 1427 1394 1477 Amphissensium
1425 1427 1630 1464 Locrorum

179 1492 471 1536 persequeretur
498 1486 666 1532 decreta,
700 1486 806 1536 quasi
835 1486 888 1524 rei
917 1487 1112 1524 veritatem
1147 1494 1280 1537 posset
1311 1488 1513 1525 invertere.
1582 1488 1627 1525 Id

183 1559 273 1584 vero
298 1559 374 1583 non
402 1547 455 1584 ita
477 1553 548 1584 est.
606 1547 681 1589 Qui
709 1547 838 1584 enim?
866 1548 1028 1585 multum
1052 1556 1155 1586 certe
1174 1550 1292 1586 abest.
1350 1550 1484 1599 Neque
1500 1556 1541 1586 tu
1560 1563 1632 1586 un-

184 1619 298 1657 quam
320 1620 450 1645 eorum
478 1620 563 1657 quae
592 1607 668 1644 illic
701 1608 922 1645 commisisti
950 1608 1139 1646 maculam
1159 1609 1288 1647 elues:
1319 1623 1512 1660 nunquam
1533 1610 1631 1647 adeo

184 1669 305 1706 multa
324 1669 440 1706 dices.
498 1669 680 1706 Obtestor
699 1675 824 1706 autem
840 1682 968 1707 coram
984 1670 1102 1715 vobis,
1124 1670 1394 1717 Athenienses,
1411 1671 1502 1708 deos
1518 1671 1630 1708 deas-

183 1742 258 1780 que
284 1730 492 1776 universos,
523 1730 587 1780 qui
613 1730 758 1780 regioni
777 1730 986 1781 praesident
1012 1731 1168 1776 Atticae,
1191 1738 1229 1768 et
1248 1732 1464 1782 Apollinem
1498 1732 1632 1783 Pythi—

183 1803 261 1837 um,
279 1791 344 1841 qui
363 1797 424 1828 est
442 1791 530 1828 huic
549 1791 632 1828 urbi
650 1791 809 1841 patrius,
825 1805 1031 1842 precorque
1065 1793 1113 1829 ab
1141 1793 1185 1830 iis
1213 1793 1403 1839 omnibus,
1426 1792 1456 1829 si
1477 1793 1631 1843 quidem

183 1866 272 1891 vera
291 1853 394 1903 apud
414 1866 482 1890 vos
515 1853 646 1890 dixero
678 1858 717 1889 et
750 1852 828 1890 dixi
861 1860 939 1891 tum
974 1853 1077 1904 apud
1113 1853 1313 1904 populum,
1348 1866 1434 1891 cum
1464 1854 1630 1904 primum

183 1914 477 1965 impurissimum
511 1914 626 1952 istum
661 1913 763 1951 hanc
807 1927 887 1951 rem
931 1914 1120 1964 attingere
1158 1914 1630 1965 animadverti—cognovi

184 1975 282 2012 enim
312 1975 453 2021 statim,
481 1973 921 2025 cognovi—felicitatem
950 1974 1040 2011 mihi
1069 1975 1237 2012 tribuant
1269 1987 1313 2011 ac
1350 1974 1539 2013 salutem:
1576 1977 1633 2013 sin

182 2036 271 2073 odio
304 2036 447 2086 privato
485 2042 524 2073 et
560 2035 815 2073 contentionis
854 2035 982 2073 studio
1019 2035 1158 2072 ductus
1197 2034 1336 2073 crimen
1385 2035 1448 2073 isti
1490 2036 1630 2074 falsum

183 2098 355 2143 inferam,
382 2096 552 2135 omnium
587 2109 648 2133 me
683 2097 870 2133 bonorum
908 2097 1034 2134 fructu
1063 2097 1227 2147 privent.
1284 2096 1362 2133 Cur
1399 2095 1512 2147 igitur
1544 2098 1631 2136 haec

182 2158 413 2209 imprecatus
433 2172 517 2197 sum
547 2164 612 2195 aut
633 2170 700 2194 cur
727 2164 806 2194 tam
824 2158 1072 2196 vehementer
1090 2158 1296 2196 contendi?
1352 2159 1464 2204 Quia,
1496 2173 1631 2209 quam-

181 2219 236 2257 vis
262 2226 300 2257 et
331 2220 481 2258 tabulas
511 2220 676 2257 habeam
704 2218 742 2255 in
773 2218 962 2256 tabulario
994 2219 1148 2269 publico
1167 2219 1355 2263 conditas,
1388 2220 1525 2269 quibus
1545 2221 1629 2258 heec

183 2286 406 2318 ostensurus
426 2294 510 2319 sum
530 2279 745 2324 manifeste,
767 2285 806 2316 et
836 2280 953 2317 sciam
979 2292 1046 2316 vos
1079 2293 1139 2317 res
1166 2287 1293 2330 gestas
1326 2281 1511 2318 memoria
1544 2282 1632 2319 reti-

182 2354 284 2387 nere,
318 2341 413 2381 illud
449 2349 578 2380 tamen
614 2353 761 2386 vereor,
799 2353 847 2378 ne
883 2341 953 2378 iste
988 2341 1106 2378 levior
1143 2341 1376 2378 existimetur
1411 2355 1527 2392 quarn
1565 2343 1630 2393 qui

183 2402 369 2440 malorum
404 2416 491 2454 quae
530 2401 696 2440 confecit
731 2409 866 2440 auctor
909 2402 1106 2440 exstiterit.
1176 2402 1290 2444 Quod
1326 2410 1364 2440 et
1399 2410 1514 2440 antea
1549 2404 1631 2454 qui-

184 2462 271 2499 dem
298 2464 451 2510 accidit,
483 2476 570 2502 cum
598 2462 746 2500 miseris
780 2462 1043 2501 Phoeensibus
1062 2463 1364 2501 internecionem
1383 2464 1629 2514 comparavit,

183 2524 295 2562 rebus
317 2524 422 2561 falsis
436 2525 512 2563 huc
532 2523 775 2562 renuntiatis.

235 2586 299 2621 47.
330 2585 607 2635 Amphissense
627 2583 728 2622 enim
746 2584 905 2631 bellum,
922 2597 990 2635 per
1003 2585 1108 2635 quod
1127 2585 1166 2622 in
1182 2585 1355 2623 Elateam
1369 2586 1472 2623 venit
1486 2585 1631 2635 Philip-

181 2660 266 2697 pus,
297 2652 336 2683 et
364 2659 431 2696 per
459 2646 562 2696 quod
593 2646 920 2697 Amphictyonum
954 2646 1033 2684 dux
1065 2647 1211 2684 electus
1240 2653 1312 2693 est,
1343 2647 1446 2696 quod
1479 2646 1628 2682 univer—

181 2721 243 2746 sas
264 2708 487 2745 Graecorum
507 2720 568 2744 res
588 2708 787 2754 subvertit,
807 2707 870 2745 hic
889 2713 949 2745 est
969 2708 1033 2758 qui
1059 2708 1253 2753 excitavit,
1273 2715 1314 2745 et
1340 2707 1505 2744 omnium
1526 2720 1626 2744 unus

177 2769 234 2807 vir
252 2769 581 2807 acerbissimorum
598 2775 734 2805 auctor
753 2768 900 2806 exstitit
917 2769 1114 2808 malorum.
1173 2770 1348 2818 Cumque
1363 2780 1436 2817 ego
1455 2767 1520 2804 illo
1534 2774 1628 2805 tem-

178 2843 270 2880 pore
288 2830 418 2868 statim
433 2835 594 2867 testarer
617 2834 657 2866 et
670 2828 875 2867 clamarem
902 2831 940 2867 in
970 2830 1170 2874 concione,
1198 2829 1391 2867 bellum
1418 2827 1470 2864 in
1499 2827 1629 2865 Atti—

182 2903 286 2929 cam
325 2891 544 2937 invehis,
576 2889 839 2936 AEschine,
871 2891 1065 2930 bellum
1097 2890 1629 2941 Amphictyonicum‚
