1923 3149
567 173 792 223 CONTRA
823 173 1214 212 TIMOCRATEM.
1543 176 1623 212 435

163 274 302 319 affecit,
324 288 453 313 nonne
475 283 583 314 tanto
603 278 726 327 magis
746 289 832 314 eum
854 276 987 313 vinciri
1003 277 1184 326 oportuit,
1199 277 1290 314 boni
1311 277 1430 327 patris
1451 276 1624 314 sobolem

161 342 240 373 tam
269 337 526 386 degenerem?
557 338 641 388 Ego
661 338 819 388 quidem
850 338 1026 380 arbitror,
1059 336 1088 373 si
1116 350 1248 374 revera
1279 338 1335 374 vir
1366 339 1491 375 bonus
1520 343 1625 375 esset

163 397 326 442 Laches,
355 405 394 436 et
420 400 544 436 bonus
564 399 672 445 civis,
694 399 795 436 ultro
813 399 992 436 daturum
1012 397 1134 434 fuisse
1155 410 1325 448 operam,
1348 406 1390 436 ut
1416 399 1529 445 filius,
1557 398 1624 448 qui

161 460 317 509 quidem
339 461 389 498 sit
414 461 515 506 talis,
537 468 577 498 et
602 467 710 498 tanto
737 460 926 498 dedecore
949 466 1095 510 patrem
1117 459 1274 504 afficiat,
1295 460 1332 496 in
1358 460 1511 498 vincula
1531 473 1623 498 con-

155 522 352 572 jiceretur.
389 522 439 560 Et
468 523 570 560 1111110
602 536 696 560 sane
716 523 875 560 missum
908 521 1108 567 faciamus,
1140 520 1451 570 Glaucetemque
1474 528 1624 572 specte-

160 595 259 621 mus.
301 583 391 620 Non
412 596 504 621 vero
522 584 582 622 1110
598 583 630 621 is
650 591 722 629 est,
742 583 807 634 qui
827 583 915 620 hinc
938 582 1145 619 Deceleam
1162 582 1380 632 transfugit,
1403 589 1518 632 atque
1533 582 1624 620 inde

159 644 380 682 incursione
400 645 519 690 facta,
542 657 609 683 vos
630 644 733 682 omni
756 643 944 682 latrocinii
966 655 1107 694 genere
1125 649 1186 681 est
1204 642 1474 694 depraedatus?
1506 643 1623 692 Atqui

160 706 244 744 haec
265 719 352 756 quae
368 706 471 753 dico,
491 707 613 745 nostis
629 719 776 745 omnes,
823 705 1019 756 Quicquid
1041 713 1170 743 autem
1191 717 1212 743 a
1230 704 1369 743 vestris
1385 704 1566 742 uxoribus
1584 710 1624 741 et

158 767 287 804 liberis
308 768 459 819 eripuit,
489 767 675 818 quicquid
701 767 858 806 aliunde
894 775 1032 805 nactus
1057 767 1144 812 fuit,
1174 767 1311 804 horum
1343 766 1514 804 omnium
1543 764 1622 803 illic

158 828 348 879 praefecto
379 829 579 867 Laconico
602 829 773 868 decimas
802 831 905 866 bona
935 829 1010 867 fide
1030 828 1317 867 annumeravit:
1348 827 1463 865 deam
1490 833 1621 864 tamen

159 896 346 936 nostram,
375 890 533 928 decreto
554 892 587 929 ei
618 903 641 928 a
667 890 775 928 vobis
806 890 1013 941 legationis
1042 890 1202 936 honore,
1235 889 1393 927 decimis
1416 887 1623 926 hostilibus

160 950 427 989 defraudavit:
459 959 693 1002 quaesturam
715 952 815 990 arcis
835 952 1015 1003 adeptus,
1042 958 1187 989 nostrae
1216 950 1378 989 civitatis
1399 950 1558 1001 praemia
1584 954 1624 986 et

160 1012 398 1050 monimenta
418 1012 653 1052 fortitudinis
672 1026 760 1064 quae
783 1013 831 1051 de
850 1013 1022 1051 barbaris
1048 1018 1216 1064 ceperat,
1245 1025 1292 1050 ex
1313 1024 1402 1049 arce
1431 1011 1623 1061 surripuit,

162 1073 297 1110 sellam
318 1074 422 1112 illam
444 1075 532 1113 dico
552 1076 742 1126 argenteis
758 1075 935 1126 pedibus,
956 1082 994 1113 et
1014 1075 1211 1113 acinacem
1231 1073 1441 1120 Mardonii,
1460 1073 1524 1124 qui
1542 1073 1623 1110 Da-

162 1133 262 1172 ricos
284 1142 476 1173 trecentos
491 1136 609 1174 valet.
639 1137 689 1173 Et
707 1135 790 1174 haec
805 1136 858 1174 ita
872 1143 962 1174 sunt
977 1136 1220 1187 pervulgata,
1238 1142 1281 1173 ut
1295 1148 1408 1173 nemo
1423 1134 1624 1172 hominum

160 1196 324 1246 ignoret.
376 1198 420 1235 In
447 1198 533 1236 aliis
555 1205 683 1236 autem
706 1199 822 1236 rebus
843 1211 970 1236 nonne
990 1205 1051 1236 est
1069 1198 1240 1235 omnium
1259 1197 1456 1235 hominum
1477 1195 1623 1233 violen-

159 1257 361 1297 tissimus?
395 1259 641 1297 Parcendum
673 1260 788 1310 igitur
807 1259 959 1297 illorum
989 1260 1170 1311 cuiquam
1190 1266 1261 1306 est,
1289 1266 1333 1296 ut
1354 1264 1510 1309 propter
1527 1257 1623 1295 istos

160 1319 221 1356 vel
243 1319 326 1357 deae
346 1320 509 1358 decimae
529 1320 794 1371 negligantur,
822 1321 881 1358 vel
901 1320 1046 1372 duplex
1066 1321 1208 1358 solutio
1238 1319 1407 1371 publicae
1429 1319 1622 1369 pecuniae,

161 1392 210 1417 an
237 1380 307 1418 iste
343 1381 472 1431 potius
501 1381 636 1420 talium
669 1381 826 1420 sedulus
856 1382 1037 1419 defensor
1065 1380 1317 1432 puniendus?
1351 1379 1508 1429 Ecquid
1533 1391 1625 1416 vero

158 1441 350 1491 prohibet,
371 1455 447 1492 quo
466 1443 594 1480 minus
613 1455 747 1480 omnes
767 1443 931 1493 improbi
952 1443 1043 1488 sint,
1063 1442 1128 1479 ubi
1148 1448 1227 1479 tam
1247 1441 1402 1479 lucrosa
1420 1440 1535 1478 fuerit
1552 1440 1624 1476 im·

159 1502 359 1553 probitas?
389 1503 508 1549 Nihil,
529 1517 615 1541 mea
631 1504 788 1554 quidem
807 1503 1003 1554 opinione.
1045 1502 1105 1540 Ne
1126 1502 1243 1553 igitur
1257 1502 1330 1552 ipsi
1351 1501 1538 1547 doceatis,
1551 1501 1623 1539 sed

160 1563 342 1613 puniatis,
365 1577 489 1614 neque
505 1564 632 1609 sinite,
654 1571 698 1602 ut
713 1564 976 1615 indignentur,
992 1577 1033 1601 se
1049 1565 1097 1601 ob
1113 1563 1266 1614 rapinas
1280 1575 1397 1614 opum
1413 1570 1624 1600 vestrarum

161 1624 199 1661 in
220 1624 374 1662 vincula
393 1625 544 1676 conjici,
563 1625 629 1662 sed
653 1625 805 1675 legibus
826 1638 893 1662 eos
913 1625 1103 1675 subjicite.
1150 1624 1289 1674 Neque
1310 1624 1410 1661 enirn
1430 1623 1494 1674 qui
1514 1637 1624 1675 pere-

160 1685 351 1736 grinitatis
383 1687 628 1732 damnantur,
657 1700 761 1737 aegre
789 1686 917 1725 ferunt
949 1699 989 1724 se
1018 1687 1056 1723 in
1080 1686 1156 1724 hoc
1186 1699 1272 1724 esse
1292 1686 1503 1732 domicilio,
1531 1686 1624 1723 dum

162 1747 250 1785 falsi
270 1747 476 1785 testimonii
495 1760 613 1785 causa
641 1754 805 1798 agatur:
845 1748 913 1785 sed
933 1754 1104 1793 manent,
1126 1761 1251 1798 neque
1275 1753 1428 1798 putant,
1461 1747 1625 1785 vadibus

163 1809 263 1846 datis
283 1821 368 1846 esse
394 1808 734 1846 obambulandum.
770 1809 905 1845 Visum
924 1809 1023 1845 enim
1053 1815 1114 1846 est
1134 1808 1292 1853 civitati,
1320 1808 1436 1845 fidem
1464 1807 1520 1845 eis
1546 1820 1623 1845 non

163 1883 251 1908 esse
272 1869 504 1921 habendam,
520 1883 647 1921 neque
668 1869 1002 1915 committendum,
1019 1876 1063 1907 ut
1079 1882 1146 1920 per
1167 1869 1337 1920 speciem
1355 1869 1513 1906 vadium
1533 1882 1626 1907 con-

165 1931 382 1969 stitutionis·
394 1930 553 1982 impune
581 1931 849 1969 elaberentur:
893 1925 1026 1968 sed'ut
1053 1930 1104 1967 ibi
1123 1937 1339 1975 manerent,
1370 1929 1434 1967 ubi
1467 1933 1516 1968 e'x
1541 1930 1627 1968 aliis

164 2005 319 2042 quoque
349 1992 496 2030 civibus
528 1992 654 2030 multi.
683 1993 784 2030 Nam
805 1999 844 2030 et
867 1993 916 2030 ob
936 1990 1121 2042 pecunias
1142 1991 1252 2029 multi
1268 1991 1351 2042 jam
1380 1991 1498 2029 vincti
1523 1997 1627 2039 sunt,

164 2060 204 2090 et
221 2059 377 2104 propter
390 2053 550 2104 judicia,
573 2061 613 2090 et
634 2060 765 2090 tamen
785 2053 824 2090 id
856 2065 935 2090 non
957 2060 1199 2092 recusarunt.

221 2116 286 2152 34.
319 2114 482 2152 Insuave
501 2114 658 2165 quidem
689 2115 863 2152 fortassis
891 2121 952 2151 est
980 2113 1207 2151 nominatim
1227 2113 1450 2151 meminisse
1478 2113 1526 2151 de
1559 2113 1627 2151 ali·

164 2176 324 2226 quibus:
357 2175 426 2213 sed
445 2175 548 2213 idem
576 2176 839 2214 necessarium
870 2182 1012 2221 tamen,
1045 2175 1133 2213 illos
1154 2188 1245 2212 cum
1273 2175 1356 2213 istis
1389 2187 1627 2226 comparare.

164 2238 243 2276 Eos
263 2243 391 2275 autem
412 2237 478 2287 qui
508 2243 598 2275 ante
616 2245 819 2288 praetorem
854 2237 1057 2275 Euclidem
1088 2237 1256 2282 fuerunt,
1290 2236 1439 2283 omitto,
1475 2243 1515 2275 et
1540 2237 1627 2275 illos

164 2300 320 2337 omnino
339 2305 500 2338 veteres.
553 2299 627 2343 Qui
657 2312 880 2350 quanquam
903 2298 984 2336 suis
1014 2298 1156 2349 quique
1185 2298 1435 2350 temporibus,
1465 2299 1626 2349 praecla-

164 2361 311 2398 tissime
340 2373 425 2398 sese
446 2361 619 2411 gessisse
639 2367 820 2399 anteacta
839 2366 954 2398 aetate
973 2360 1207 2405 viderentur,
1227 2366 1357 2398 tamen
1378 2361 1426 2397 ob
1455 2360 1628 2398 admissa

165 2422 305 2459 deinde
327 2421 499 2459 facinora
517 2421 784 2460 vehementem
804 2422 938 2472 populi
957 2421 1194 2459 iracundiam
1215 2427 1308 2458 sunt
1326 2420 1490 2471 experti.
1537 2421 1628 2458 Non

165 2483 266 2520 enim
287 2495 352 2520 eos
378 2482 513 2521 civitas
532 2483 582 2521 ad
602 2490 754 2535 tempus
775 2484 966 2521 duntaxat
991 2490 1168 2533 oportere
1192 2483 1318 2533 justos
1339 2495 1422 2520 esse
1449 2483 1627 2533 putabat,

167 2551 260 2595 post
296 2556 387 2581 vero
418 2545 685 2594 peculatores:
724 2545 793 2584 sed
823 2546 862 2582 in
901 2544 1208 2583 administranda
1239 2544 1437 2596 republica
1468 2544 1627 2594 justitiae

166 2612 355 2657 perpetuo
374 2607 640 2645 observantes.
671 2607 773 2644 Nam
796 2606 965 2657 alioquin
982 2606 1065 2658 ejus
1086 2606 1237 2657 generis
1257 2606 1372 2643 1101110
1391 2617 1467 2641 11011
1489 2611 1629 2642 natura

167 2669 310 2720 probus
329 2667 538 2714 exstitisse,
562 2668 632 2706 sed
660 2668 846 2706 insidiose
873 2668 913 2706 id
939 2668 1066 2719 egisse
1091 2668 1307 2712 videbatur,
1333 2673 1376 2702 ut
1405 2665 1522 2702 fidem
1557 2665 1628 2702 sibi

168 2732 429 2781 praestrueret,
449 2741 528 2779 quo
547 2736 682 2780 postea
700 2730 842 2780 majore
862 2730 972 2768 lucro
997 2729 1150 2780 iniquus
1170 2735 1288 2766 esset.
1327 2726 1404 2764 Sed
1431 2732 1520 2776 post
1549 2726 1629 2764 Eu-

169 2792 309 2829 clidem
327 2790 715 2842 praetorem,judices,
732 2792 896 2841 primum
912 2791 1194 2842 Thrasybulum
1209 2789 1473 2839 Colyttensem
1494 2801 1629 2826 omnes

170 2852 394 2889 meministis
414 2851 472 2889 bis
492 2852 531 2888 in
551 2852 707 2889 vincula
726 2853 959 2903 conjectum,
979 2859 1019 2890 et
1039 2860 1244 2900 utrumque
1264 2850 1302 2886 id
1316 2848 1506 2899 judicium
1527 2849 1630 2899 apud

173 2914 359 2965 populum
380 2926 466 2951 esse
489 2914 651 2952 factum.
683 2915 918 2966 Quanquam
936 2914 966 2953 is
986 2922 1025 2952 et
1043 2925 1142 2951 unus
1161 2924 1183 2950 e
1206 2911 1350 2949 Piraeeo
1370 2918 1408 2948 et
1428 2910 1565 2962 Phyle,
1585 2923 1632 2950 ac
