1923 3149
237 163 312 198 48⁴2
769 160 826 197 IN
859 158 1130 198 APHOBUM
1171 159 1197 196 l.

236 263 357 314 duplo
375 275 462 300 eum
482 262 609 301 dicere
630 263 811 313 pauciora
825 263 1034 308 constabit,
1053 270 1092 300 et
1110 274 1155 300 ea
1183 274 1242 299 me
1262 260 1404 299 habere
1423 258 1542 296 nihilo
1568 258 1692 308 magis

234 323 424 375 probabit.
483 324 568 376 Ego
587 325 689 363 enim
720 323 1048 376 quemadmodum
1068 324 1182 362 istum
1202 331 1282 361 tam
1300 322 1443 360 habere
1462 319 1585 357 multa
1603 331 1690 369 pro-

237 386 337 431 bavi,
353 385 407 424 sic
421 385 572 424 illorum
588 387 704 425 etiam
721 393 924 436 utrumque
943 398 1019 423 non
1039 386 1221 436 pauciora
1239 385 1299 422 his
1318 383 1460 421 habere
1476 380 1692 419 ostendam.

237 447 367 489 Quare
384 460 459 485 non
481 447 553 486 boc
574 448 608 486 ei
629 448 837 486 dicendum
857 454 929 496 est,
949 447 1015 485 sed
1032 447 1093 485 vel
1113 460 1168 491 se,
1187 446 1245 484 vel
1260 451 1484 484 contutores
1503 454 1591 480 mea
1602 439 1694 479 mihi

238 507 464 546 restituisse.
522 508 588 545 Sin
626 509 699 546 hoc
730 521 807 545 non
839 506 1064 553 ostenderit,
1096 506 1267 545 debetne
1292 506 1367 543 ista
1402 503 1560 555 sponsio
1590 499 1694 552 apud
1749 536 1753 537 ⁷

238 580 304 607 vos
318 569 457 607 habere
478 569 620 614 locum,
644 582 762 619 quum
783 581 842 606 me
865 568 984 606 nihilo
999 568 1087 619 plus
1103 568 1244 605 habere
1265 578 1352 604 mea
1369 563 1536 617 probet?

294 635 354 670 113.
387 631 522 669 Multis
539 639 669 669 autem
685 630 789 682 apud
805 631 990 668 arbitrum
1011 630 1314 668 dubitationibus
1334 641 1422 666 cum
1442 631 1627 664 aestuaret
1646 622 1696 660 de

237 692 344 731 hisce
364 693 555 737 omnibus,
577 699 616 730 et
635 693 674 729 in
701 692 876 743 singulis,
897 692 998 730 sicut
1024 704 1128 729 nunc
1156 691 1259 742 apud
1287 703 1370 735 vos,
1391 687 1699 728 convinceretur,

239 755 391 792 mentiri
411 753 741 792 confidentissime
766 767 884 791 ausus
906 761 979 800 est,
1000 760 1165 804 quatuor
1187 753 1331 790 talenta
1352 750 1441 788 mihi
1460 756 1609 801 patrem
1629 745 1697 783 de-

236 817 343 855 fossa
357 816 553 867 reliquisse
569 828 691 866 eaque
705 816 837 853 matris
852 815 1051 853 arbitratui
1073 814 1305 866 permisisse.
1339 813 1387 850 Id
1407 824 1497 850 vero
1510 810 1621 857 dixit,
1640 814 1696 851 ut,

240 878 271 916 si
300 877 434 916 eadem
455 890 495 915 se
516 878 632 915 etiam
658 890 762 915 nunc
790 877 982 914 dicturum
1011 883 1290 927 exspectarem,
1310 887 1356 912 ea
1383 871 1578 911 calumnia
1596 870 1699 907 refu-

239 938 360 977 tanda
393 951 538 977 moram
571 938 753 983 facerem,
773 951 893 989 quum
922 937 1093 989 postulet
1122 936 1332 974 necessitas
1355 942 1394 972 ut
1424 934 1472 972 de
1503 932 1586 971 aliis
1613 943 1701 968 eum

239 1001 353 1038 rebus
373 1011 553 1038 accusem
575 999 679 1050 apud
692 1012 773 1045 vos,
788 999 846 1037 sin
862 1006 1047 1050 tanquam
1064 1010 1141 1036 non
1157 997 1323 1035 dicenda
1335 995 1584 1048 praeterirem,
1597 1004 1701 1030 nunc

239 1074 286 1099 ea
309 1061 393 1112 ipse
422 1068 767 1099 commemoraret:
798 1067 841 1098 ut
862 1073 935 1111 ego
966 1060 1071 1099 dives
1098 1072 1185 1098 esse
1208 1058 1393 1103 creditus,
1413 1056 1538 1095 minus
1563 1067 1632 1093 vos
1652 1052 1703 1091 ad

240 1122 542 1161 misericordiam
573 1134 868 1160 commoverem.
927 1123 1057 1172 Atque
1085 1122 1116 1159 is
1145 1121 1210 1172 qui
1235 1120 1310 1158 hoc
1340 1119 1410 1158 sibi
1434 1115 1703 1156 affirmandum

240 1196 327 1222 esse
359 1183 536 1228 duxerat,
556 1183 703 1220 nullum
725 1183 988 1221 testimonium
1007 1183 1240 1234 proferebat,
1262 1181 1331 1220 sed
1357 1179 1471 1218 nudis
1491 1178 1568 1216 suis
1587 1176 1706 1214 fidem

240 1244 375 1283 haberi
408 1243 647 1295 postulabat.
705 1243 835 1288 Quod,
865 1244 897 1282 si
927 1243 1011 1294 quis
1032 1256 1120 1281 eum
1147 1243 1372 1293 interroget,
1393 1253 1509 1292 quem
1530 1240 1569 1277 in
1589 1248 1704 1275 usum

241 1311 392 1342 tantam
413 1317 539 1342 meam
556 1303 762 1354 pecuniam
783 1303 1037 1354 expenderit?
1070 1304 1136 1341 AEs
1154 1303 1320 1341 alienum
1336 1315 1404 1353 pro
1424 1313 1486 1338 me
1507 1312 1547 1337 se
1567 1296 1705 1335 dissol-

241 1365 340 1403 visse
359 1365 424 1411 ait,
445 1371 561 1415 atque
576 1365 628 1401 ibi
648 1377 708 1402 me
728 1365 856 1403 facere
871 1377 1080 1416 pauperem
1096 1372 1281 1403 conatur:
1311 1376 1441 1402 rursus
1465 1361 1530 1399 ubi
1555 1360 1705 1398 libitum

241 1432 314 1472 est,
334 1426 507 1470 divitem,
524 1425 555 1463 si
576 1424 648 1461 diis
677 1425 818 1474 placet,
840 1432 882 1462 ut
905 1425 967 1462 cui
996 1432 1104 1475 pater
1123 1431 1275 1462 tantum
1294 1423 1470 1474 pecuniae
1496 1421 1599 1459 domi
1619 1419 1706 1457 reli-

240 1487 379 1538 querit.
438 1487 493 1523 At
522 1498 610 1522 vero
630 1498 709 1522 non
728 1499 843 1536 posse
863 1486 944 1524 fieri
970 1492 1014 1523 ut
1034 1486 1109 1523 iste
1128 1498 1220 1523 vere
1238 1485 1323 1521 haec
1353 1484 1470 1528 dicat,
1492 1483 1609 1520 immo
1629 1496 1708 1522 non

239 1548 322 1586 fieri
353 1547 527 1598 potuisse
548 1552 591 1584 ut
619 1546 826 1596 quicquam
847 1547 1009 1584 istorum
1028 1547 1148 1591 fieret,
1171 1545 1301 1583 multis
1323 1544 1562 1595 argumentis
1593 1543 1707 1583 facile

242 1608 490 1658 intelligitur.

300 1671 361 1706 14.
379 1669 480 1706 Nam
497 1668 527 1706 si
542 1674 650 1718 pater
663 1679 769 1705 meus
782 1667 864 1705 istis
881 1666 1027 1705 diffisus
1041 1667 1188 1713 fuisset,
1203 1666 1449 1718 perspicuum
1462 1671 1521 1703 est
1532 1678 1619 1703 eum
1637 1677 1708 1704 nec

243 1731 392 1782 reliqua
407 1730 462 1768 eis
474 1729 596 1767 fuisse
617 1728 925 1775 commissurum,
946 1742 1017 1767 nec
1037 1728 1068 1765 si
1090 1728 1144 1767 sic
1167 1728 1242 1766 ista
1261 1726 1480 1777 reliquisset
1498 1725 1538 1763 id
1557 1725 1631 1764 illis
1652 1726 1708 1763 in-

242 1793 478 1835 dicaturum
505 1796 610 1829 esset
629 1790 728 1827 enim
747 1790 914 1841 ingentis
933 1790 1094 1828 insaniae
1114 1790 1269 1828 occulta
1288 1789 1455 1826 indicare
1475 1787 1550 1825 illis
1570 1787 1709 1838 quibus

243 1868 314 1893 nec
334 1852 542 1892 manifesta
562 1850 779 1889 crediturus
799 1859 926 1890 esset:
954 1852 1012 1890 sin
1032 1851 1106 1889 illis
1126 1851 1240 1889 fidem
1258 1851 1438 1896 habebat,
1451 1850 1555 1887 haud
1575 1848 1708 1900 utique

244 1915 451 1952 maximam
471 1912 690 1951 divitiarum
711 1920 858 1963 partem
875 1912 949 1950 illis
968 1913 1005 1949 in
1018 1925 1152 1950 manus
1166 1911 1403 1957 tradidisset,
1419 1910 1502 1948 haec
1516 1922 1608 1947 vero
1623 1909 1708 1947 illo-

245 1988 327 2014 rum
349 1974 535 2026 potestati
555 1985 633 2011 non
649 1973 917 2011 commisisset.
950 1973 1087 2023 Neque
1109 1973 1218 2011 matri
1239 1985 1334 2010 meae
1352 1972 1437 2009 haec
1453 1970 1712 2009 custodienda

244 2035 431 2082 dedisset,
460 2042 575 2085 atque
594 2046 679 2072 eam
700 2034 820 2085 ipsam
847 2035 912 2072 uni
941 2048 962 2072 e
992 2034 1182 2072 tutoribus
1203 2033 1444 2072 matrimonio
1463 2033 1707 2084 copulasset:

244 2111 315 2136 nec
329 2098 430 2136 enim
440 2102 739 2135 consentaneum
754 2103 827 2142 est,
838 2096 1041 2147 pecuniam
1053 2109 1122 2146 per
1135 2108 1257 2133 meam
1268 2102 1431 2133 matrem
1443 2094 1542 2132 velle
1556 2107 1710 2132 conser—

245 2167 385 2205 vatam,
404 2166 520 2210 atque
536 2170 654 2195 unum
676 2170 724 2194 ex
741 2158 799 2195 his
815 2159 877 2196 cui
896 2158 1011 2195 fidem
1027 2170 1105 2195 non
1120 2158 1282 2196 haberet
1302 2165 1383 2195 tum
1402 2157 1522 2208 ipsius
1541 2163 1623 2194 tum
1643 2170 1710 2208 pe-

245 2221 370 2259 cuniae
386 2219 585 2258 dominum
601 2219 854 2257 constituere.
913 2218 1080 2263 Deinde,
1104 2219 1133 2256 si
1148 2219 1241 2270 quid
1260 2219 1397 2256 horum
1413 2231 1543 2256 verum
1561 2218 1710 2265 fuisset,

246 2295 338 2321 num
364 2281 507 2332 putatis
538 2293 627 2319 euin
652 2280 754 2318 illam
784 2293 808 2318 a
831 2286 940 2331 patre
967 2280 1099 2318 datam
1131 2293 1207 2318 non
1236 2287 1498 2330 accepturum,
1521 2280 1599 2329 qui,
1619 2279 1710 2318 dote

246 2343 446 2393 octoginta
472 2342 584 2380 minis
612 2343 693 2394 jam
719 2341 904 2392 acceptis,
925 2349 1108 2392 tanquam
1142 2354 1227 2379 eam
1259 2340 1460 2385 ducturus,
1493 2339 1710 2378 Philonidae

248 2402 462 2440 Melitensis
495 2401 610 2440 filiam
649 2401 787 2440 duxit?
837 2401 943 2452 quod
973 2402 1004 2439 si
1047 2402 1194 2439 talenta
1233 2406 1398 2451 quatuor
1437 2400 1537 2437 intra
1574 2400 1709 2439 dome-

246 2465 362 2504 sticos
383 2463 547 2515 parietes
571 2464 749 2510 fuissent,
770 2476 870 2514 quae,
899 2470 941 2501 ut
971 2463 1054 2515 ipse
1086 2465 1235 2509 asserit,
1255 2462 1340 2500 haec
1368 2463 1407 2500 in
1427 2468 1620 2513 potestate
1640 2462 1710 2501 ha-

246 2527 367 2572 beret,
388 2538 437 2563 an
456 2537 535 2563 non
555 2537 643 2562 eum
664 2525 782 2563 fuisse
803 2537 1052 2563 accursurum
1074 2524 1244 2570 creditis,
1264 2530 1307 2561 ut
1326 2523 1400 2561 illis
1420 2536 1497 2562 una
1516 2536 1603 2562 cum
1625 2524 1711 2575 ipsa

247 2586 457 2638 potiretur?
486 2586 563 2629 Qui
597 2587 700 2623 enim
729 2585 952 2624 manifestas
984 2599 1135 2637 quoque
1156 2599 1264 2637 opes,
1294 2599 1390 2637 quas
1405 2592 1575 2624 vestrum
1594 2585 1709 2624 etiam

248 2647 420 2698 plerique
441 2647 595 2685 relictas
620 2659 707 2685 esse
728 2647 871 2685 conscii
899 2647 1067 2693 suerunt,
1088 2659 1175 2684 cum
1195 2647 1461 2686 contutoribus
1482 2646 1582 2685 adeo
1599 2647 1710 2699 flagi-

250 2708 350 2747 tiose
369 2709 527 2760 diripuit
549 2709 609 2757 iis,
630 2721 717 2761 quae
737 2708 1011 2747 conscientiam
1047 2721 1090 2746 ac
1124 2708 1384 2746 testimonium
1409 2715 1577 2747 vestrum
1605 2708 1715 2759 fuge-

249 2777 349 2814 rent,
368 2783 454 2807 cum
477 2772 641 2822 arripere
658 2772 790 2810 liceret
809 2769 1079 2808 abstinuisset?
1119 2770 1216 2814 Quis
1245 2783 1335 2808 vero
1354 2769 1513 2808 credat?
1543 2769 1634 2808 Non
1658 2769 1713 2807 ita

250 2838 323 2876 est,
343 2831 517 2878 Judices,
540 2846 615 2872 non
636 2834 690 2871 ita
715 2839 787 2870 est.
845 2831 937 2876 Sed,
966 2831 1150 2882 quicquid
1171 2831 1344 2883 pecuniae
1359 2831 1512 2882 reliquit
1530 2838 1651 2882 pater,
1670 2830 1709 2868 id

250 2891 332 2928 istis
352 2892 458 2930 dedit
485 2894 724 2933 universum:
751 2893 823 2931 iste
844 2905 935 2930 vero
961 2899 1221 2930 commentum
1250 2894 1324 2931 hoc
1351 2893 1495 2932 idcirco
1514 2893 1637 2938 finxit,
1665 2899 1707 2930 ut
