1923 3149
199 114 248 149 14
657 109 970 148 PHILIPPICA
1002 106 1187 146 PRIMA.

198 212 305 250 vobis
340 211 563 260 designatus
592 223 662 262 pro
685 211 865 261 temporis
897 210 1043 248 ratione
1075 209 1308 248 constituet:
1349 221 1436 260 quae
1464 215 1590 250 autern
1621 221 1645 248 a

203 274 313 310 vobis
344 273 516 322 praestari
548 273 728 315 debeant,
763 271 848 309 haec
879 278 972 309 sunt
1006 284 1091 321 quae
1135 283 1208 320 ego
1261 270 1408 320 scripsi.
1465 270 1579 314 Quod
1613 270 1645 307 si

198 334 282 377 has,
316 333 584 378 Athenienses,
622 333 805 383 pecunias
842 332 1125 383 comparabitis,
1156 332 1318 381 primum
1347 331 1389 367 iis
1418 344 1514 380 quas
1544 331 1643 377 dico,

199 394 336 432 deinde
378 395 527 432 caeteris
568 393 768 444 expeditis,
800 393 930 438 milite,
970 393 1199 437 triremibus,
1237 391 1376 441 equite,
1407 391 1438 429 si
1476 392 1645 441 integras

197 455 362 505 denique
382 455 512 505 copias
533 455 617 504 lege
647 455 904 504 obstringetis,
935 461 978 492 ut
1005 454 1108 491 bello
1136 453 1378 491 continenter
1407 452 1645 498 incumbant,

197 517 445 568 pecuniarum
475 517 547 566 ipsi
580 528 647 553 vos
668 523 877 564 quaestores
898 528 941 553 ac
962 514 1186 565 praebitores
1206 513 1415 557 constituti,
1438 525 1561 550 rerum
1577 526 1646 551 au-

199 585 276 616 tem
296 584 489 627 gestarum
511 578 558 614 ab
575 577 799 628 imperatore
817 577 1002 614 rationem
1022 582 1252 625 repetentes,
1273 575 1456 612 desinetis
1471 575 1647 625 aliquan-

197 640 247 677 do
266 639 399 676 iisdem
420 639 466 675 (le
490 639 600 675 rebus
625 645 813 688 perpetuo
834 637 1042 675 deliberare
1064 637 1234 687 nihilque
1255 637 1459 687 p1·oficere;
1495 636 1648 674 accedit

195 700 292 739 illud
322 700 450 745 etiam,
482 699 750 742 Athenienses,
781 699 985 736 maximum
1024 711 1072 736 ex
1101 698 1368 736 emolumentis
1398 699 1476 735 suis
1505 690 1649 735 homini

198 761 393 798 auferetis.
450 759 554 801 Quid
573 760 674 797 istud
690 759 704 796 2
760 760 987 798 Vestrorum
1002 760 1192 797 sociorum
1205 759 1340 809 opibus
1356 772 1423 796 vos
1436 766 1648 810 oppugnat,

198 822 322 872 captis
339 820 572 871 direptisque
587 821 866 870 navigantibus
922 820 1027 862 Quid
1047 819 1176 858 ultra?
1231 819 1313 857 Vos
1328 819 1423 857 illud
1438 820 1540 857 eritis
1554 833 1648 857 con-

198 883 334 928 secuti,
352 888 394 919 ut
412 882 520 919 vobis
539 881 667 919 noceri
693 895 769 919 non
790 881 929 932 possit;
954 894 1032 918 non
1051 894 1098 918 ea
1116 881 1221 927 fient,
1240 893 1326 930 quae
1347 881 1530 931 superiori
1551 888 1648 919 tem·

196 957 303 994 pore,
322 956 409 980 cum
440 943 479 979 in
512 943 697 980 Lemnum
718 949 757 979 et
778 943 945 979 Imbrum
967 942 1069 979 facta
1098 942 1347 991 impressione
1376 949 1525 979 vestros
1546 942 1649 979 cives

198 1005 372 1056 captivos
393 1004 564 1049 abduxit,
590 1010 628 1040 et
647 1003 695 1040 ad
712 1002 930 1039 Geraestum
949 1003 1071 1053 captis
1097 1002 1226 1039 vestris
1245 1001 1403 1038 navibus
1422 1002 1650 1039 immensam

197 1066 371 1117 pecuniae
397 1065 470 1101 vim
501 1065 641 1114 coegit,
670 1071 861 1113 postremo
887 1063 925 1101 in
955 1064 1225 1101 Marathonem
1254 1063 1453 1101 exscendit
1476 1070 1516 1101 et
1539 1075 1651 1102 sacra

196 1126 339 1164 triremi
360 1139 382 1163 e
403 1132 533 1162 nostra
561 1125 705 1162 ditione
736 1125 893 1174 abrepta
925 1125 1017 1161 abiit
1035 1140 1044 1168 ;
1071 1137 1138 1162 vos
1159 1132 1284 1162 autem
1316 1138 1440 1175 neque
1460 1125 1544 1162 haec
1562 1137 1652 1176 pro-

196 1187 326 1225 hibere
341 1186 534 1237 potuistis,
556 1199 626 1223 nec
649 1185 881 1235 temporibus
898 1199 985 1235 quae
1004 1186 1276 1224 constitueritis
1298 1185 1490 1236 opitulari.

256 1250 315 1285 13.
337 1248 479 1285 Verum
493 1260 561 1284 cur
575 1246 729 1284 tandem
738 1247 894 1296 putatis,
904 1247 1526 1293 Athenienses,Panathenaeorum
1541 1247 1653 1286 ferias

197 1317 237 1347 et
256 1308 553 1346 Bacchanalium
575 1320 725 1357 semper
741 1308 978 1345 convenienti
992 1314 1162 1359 tempore
1177 1309 1268 1353 fieri,
1284 1310 1362 1347 sive
1374 1308 1504 1359 peritis
1517 1309 1654 1346 harum

194 1378 441 1420 utrarumque
466 1369 611 1406 curatio
641 1375 743 1405 sorte
764 1369 972 1414 obvenerit,
997 1369 1075 1406 sive
1107 1369 1315 1419 imperitis;
1345 1370 1382 1406 in
1400 1382 1496 1420 quas
1523 1376 1653 1407 tantos

196 1439 376 1482 sumptus
389 1430 527 1474 facitis,
543 1438 708 1480 quantos
724 1443 796 1467 nec
816 1430 855 1467 in
874 1444 988 1468 unam
1011 1430 1146 1470 classis
1167 1431 1421 1476 emissionem,
1449 1439 1488 1469 et
1508 1438 1654 1470 tantam

196 1495 345 1532 turbam
365 1492 554 1531 adhibetis
576 1500 614 1529 et
635 1492 818 1542 [tantum]
832 1500 1068 1543 apparatum,
1090 1500 1275 1543 quantum
1290 1493 1393 1530 haud
1407 1493 1487 1530 scio
1507 1505 1555 1530 an
1577 1492 1657 1531 ulla

195 1569 256 1593 res
279 1555 433 1592 omnino
452 1554 487 1590 in
502 1567 542 1591 se
562 1554 727 1591 habeat:
760 1553 905 1590 classes
925 1562 1054 1592 autem
1075 1566 1207 1591 omnes
1227 1560 1371 1591 vestras
1387 1554 1654 1591 occasionibus

195 1617 348 1653 demum
366 1614 511 1652 amissis
532 1613 675 1659 venire,
704 1614 769 1651 illa
794 1613 1032 1658 Meffionem,
1053 1613 1117 1651 illa
1137 1614 1323 1664 Pagasas,
1344 1614 1410 1652 illa
1441 1614 1656 1653 Potidaeam

197 1678 306 1714 missa
326 1676 340 1713 ‚⁹
375 1676 489 1717 Quod
510 1675 576 1713 illa
595 1675 722 1712 omnia
740 1675 826 1725 lege
860 1675 1009 1712 sancita
1038 1682 1076 1712 et
1099 1676 1274 1713 ordinata
1294 1682 1394 1721 sunt,
1424 1682 1462 1713 et
1492 1676 1655 1726 quisque

195 1746 367 1776 vestrum
387 1737 507 1774 multo
523 1744 611 1774 ante
632 1736 749 1782 novit,
766 1736 850 1786 quis
871 1736 992 1777 aedilis
1010 1743 1077 1773 aut
1091 1736 1406 1787 gymnasiarchus
1422 1751 1501 1774 suae
1521 1737 1655 1784 tribus,

197 1799 353 1850 quando
365 1805 404 1836 et
417 1811 440 1835 a
457 1810 531 1847 quo
546 1804 584 1835 et
597 1797 686 1847 quid
696 1797 959 1847 accipiendum
975 1797 1145 1847 quidque
1162 1797 1377 1835 faciendum
1391 1798 1451 1843 sit,
1471 1798 1564 1836 nihil
1577 1812 1655 1836 non

197 1859 545 1911 exquisitum,nihil
562 1871 638 1896 non
654 1859 864 1903 definitum,
881 1858 972 1898 nihil
989 1858 1153 1908 denique
1169 1859 1385 1909 neglectum
1396 1866 1474 1902 est;
1490 1859 1527 1896 in
1540 1860 1655 1898 rebus

197 1929 326 1959 autem
334 1920 479 1958 bellicis
495 1927 535 1957 et
547 1919 637 1960 belli
652 1919 911 1970 apparatione,
922 1919 1148 1965 inordinata,
1161 1920 1429 1970 incomposita,
1441 1921 1653 1968 indefinita,

198 1983 339 2022 omnia.
374 1983 619 2032 Quapropter
633 1980 861 2031 simulatque
875 1980 1087 2020 audivimus
1107 1981 1316 2032 aliquid,et
1333 1982 1539 2020 triremium
1555 1995 1655 2033 prae-

198 2045 321 2087 fectos
336 2043 620 2088 constituimus,
636 2050 674 2080 et
692 2043 791 2081 inter
809 2055 875 2080 eos
890 2043 1189 2093 permutationes
1214 2055 1329 2093 opum
1348 2044 1597 2090 instituimus,
1617 2051 1658 2083 et

198 2106 246 2143 de
268 2105 448 2156 parandae
468 2104 643 2155 pecuniae
662 2104 805 2141 ratione
821 2104 1075 2142 deliberamus
1092 2116 1101 2141 ε
1131 2110 1269 2154 postea
1287 2103 1517 2151 decernitur,
1536 2112 1580 2143 ut
1598 2106 1656 2144 in-

198 2166 331 2218 quilini
351 2165 628 2211 conscendant,
658 2171 697 2202 et
715 2165 879 2203 libertini
905 2165 970 2215 qui
1002 2178 1109 2204 suam
1132 2165 1205 2215 ipsi
1232 2178 1311 2203 rem
1337 2165 1561 2204 familiarem
1585 2165 1655 2204 ad-

197 2229 440 2271 ministrant;
474 2227 614 2265 deinde
637 2240 781 2272 rursus,
802 2234 846 2264 ut
863 2240 993 2265 eorum
1015 2227 1101 2265 loco
1132 2227 1237 2265 cives
1269 2228 1464 2278 navigent.
1504 2228 1657 2267 Interea

200 2291 293 2330 dum
313 2291 397 2330 haec
417 2295 645 2328 cunctantes
665 2289 809 2339 geritis,
836 2289 1028 2340 perierunt
1051 2289 1131 2340 jam
1150 2301 1209 2334 ea,
1241 2289 1290 2326 ad
1310 2303 1397 2340 quae
1416 2292 1656 2328 conservanda

198 2352 450 2402 navigamusz
480 2364 569 2389 nam
597 2350 648 2389 rei
675 2351 854 2400 gerendae
881 2359 1034 2401 tempus
1067 2351 1105 2388 in
1130 2351 1350 2402 apparando
1381 2351 1655 2399 consumimus,

197 2427 326 2452 rerum
359 2420 489 2451 autem
521 2412 742 2450 occasiones
786 2425 862 2449 non
904 2418 1133 2462 exspectant
1163 2419 1336 2450 nostram
1369 2411 1586 2449 tarditatem
1616 2419 1657 2451 et.

199 2475 433 2518 socordiam;
465 2487 561 2525 quas
581 2487 670 2512 vero
703 2474 904 2523 interjecto
937 2479 1108 2524 tempore
1130 2473 1260 2523 copias
1288 2486 1357 2511 nos
1376 2473 1516 2512 habere
1543 2481 1656 2525 puta-

200 2551 298 2583 mus,
321 2550 392 2582 eae,
412 2550 499 2574 cum
523 2536 571 2573 ad
599 2536 722 2586 ipsam
750 2548 829 2573 rem
849 2541 1004 2572 ventum
1036 2541 1107 2580 est,
1128 2534 1221 2571 nihil
1241 2547 1353 2585 posse
1374 2547 1504 2583 gerere
1520 2535 1654 2585 depre-

200 2599 436 2637 henduntur.
493 2597 560 2634 Ille
580 2604 708 2634 autem
727 2610 773 2635 eo
787 2596 891 2636 venit
910 2596 1135 2644 insolentiae,
1148 2603 1191 2634 ut
1209 2595 1352 2635 scribat
1371 2595 1655 2636 Euboeensibus

201 2659 422 2711 hujusmodi
436 2659 518 2713 jam
540 2658 682 2698 literas.
