1923 3149
358 320 754 360 ARGUMENTUM
787 321 1078 361 ADVERSUS
1110 321 1419 361 ONETOREM
1455 321 1609 360 UNDE

622 384 675 420 Vl
705 383 976 422 SECUNDAE
1007 384 1327 423 ORATIONIS.

293 500 549 530 Pmsrenmssn
577 500 715 539 quaedam
733 502 892 540 superiore
908 502 1044 532 oratione
1060 503 1115 532 hac
1132 501 1249 540 adjicit,
1277 506 1309 531 ut
1334 500 1401 540 ipse
1427 499 1587 539 significat,
1609 504 1698 538 utque

250 550 341 579 eiiam
357 551 500 588 quasdam
515 551 647 581 rationes
663 552 855 582 adversarias
871 553 972 582 diluit.
1018 554 1066 583 De
1091 553 1136 582 his
1158 558 1258 582 autem
1275 552 1464 581 orationibus
1480 556 1549 580 ante
1565 550 1699 580 diximus

250 601 396 630 affirmare
413 601 537 636 multos,
555 612 605 631 eas
626 603 663 631 ab
685 602 764 632 Isaeo
792 613 861 632 esse
885 604 1084 642 compositas,
1113 603 1196 642 quod
1222 603 1312 641 hujus
1334 601 1463 632 oratoris
1488 611 1554 630 esse
1575 604 1702 639 propter

248 654 370 680 aetatem
387 651 511 680 credere
524 659 691 691 nequeant:
708 652 797 688 alios,
810 658 843 682 ut
858 653 914 683 hoc
931 663 989 682 non
1006 654 1056 689 sit,
1080 654 1116 682 ab
1130 654 1211 683 Isaeo
1226 653 1332 682 saltem
1347 661 1416 681 csse
1428 656 1581 680 correctas
1594 661 1602 687 ;
1617 651 1698 688 quod

247 700 332 730 illius
345 701 533 731 orationibus
550 702 666 732 similes
680 702 853 733 videantur.
893 705 1001 742 Neque
1018 714 1091 734 vero
1106 703 1214 733 mirum
1232 708 1291 737 est,
1307 713 1377 732 eum
1395 702 1544 731 imitatum
1561 711 1628 731 esse
1640 711 1702 730 ma-

247 753 395 791 gistruui;
418 758 447 782 et
464 763 532 782 cum
548 752 677 783 nundum
694 754 913 793 perfectionem
930 760 1013 785 esset
1029 755 1170 793 adeptus,
1186 756 1224 784 ad
1240 754 1323 784 illius
1340 754 1454 783 interea
1468 752 1589 783 dicendi
1606 762 1699 792 genus

248 813 279 832 se
292 802 465 834 contulisse.

591 1077 1352 1133 DEMOSTHENIS

731 1227 801 1272 IN
841 1225 1219 1274 ONETOREM

622 1369 902 1410 ORATIO
947 1367 1309 1410 SECUNDA.

298 1488 330 1524 l.
361 1486 487 1530 Quor)
510 1487 546 1524 in
567 1487 692 1538 priore
712 1488 885 1525 oratione
906 1494 1175 1539 argumentum
1196 1488 1377 1539 praeterii,
1399 1488 1499 1526 unde
1522 1500 1598 1526 non
1625 1488 1695 1526 mi-

239 1559 312 1584 nus
333 1559 450 1598 quam
472 1561 520 1586 ex
540 1548 622 1586 ullo
642 1561 774 1586 eorum
796 1562 883 1600 quae
899 1549 983 1587 *dixi
1004 1556 1168 1596 constet,
1189 1562 1267 1587 non
1297 1549 1426 1587 datam
1458 1561 1540 1586 esse
1566 1548 1695 1587 dotem

239 1607 287 1645 ab
307 1607 390 1645 istis
410 1609 590 1660 Aphobo,
618 1623 664 1647 eo
691 1610 857 1661 primum
885 1610 1074 1662 exposito,
1095 1624 1185 1649 mox
1210 1611 1324 1649 etiam
1353 1610 1557 1649 mendacia
1584 1610 1693 1648 istius

239 1668 343 1707 dicta
360 1670 465 1721 apud
484 1684 552 1708 vos
573 1672 737 1709 refutare
756 1672 972 1722 aggrediar.

293 1731 328 1765 2.
362 1730 456 1776 Iste,
475 1731 649 1778 Judices,
675 1732 836 1783 primum
863 1739 1067 1784 postquam
1093 1733 1143 1771 de
1167 1728 1279 1770 bonis
1300 1731 1453 1783 Aphobi
1473 1738 1694 1770 controver-

238 1789 334 1827 siam
352 1803 505 1829 movere
524 1792 699 1839 instituit,
725 1806 804 1831 non
825 1794 1011 1832 talentum
1032 1807 1074 1832 se
1095 1794 1188 1839 doti,
1209 1800 1253 1830 ut
1273 1806 1387 1839 nunc,
1408 1792 1476 1830 sed
1496 1793 1694 1843 octoginta

238 1851 362 1889 minas
381 1852 535 1892 dedisse
558 1854 666 1899 dixit,
695 1868 837 1906 easque
858 1855 912 1893 ita
932 1855 1141 1901 distribuit,
1162 1861 1204 1892 ut
1223 1855 1328 1892 aedes
1351 1854 1503 1891 duobus
1528 1854 1693 1892 millibus

240 1913 518 1960 drachmarum,
548 1917 736 1966 praedium
756 1917 917 1962 talento,
949 1917 1020 1953 sibi
1052 1917 1349 1967 oppigneratam
1370 1928 1454 1952 esse
1475 1915 1633 1961 diceret,
1657 1916 1692 1952 ei

238 1987 316 2012 non
344 1975 421 2013 hoc
452 1975 591 2020 solum,
626 1977 695 2013 sed
724 1977 810 2014 illas
844 1976 960 2013 etiam
986 1982 1300 2013 conservaturus.
1355 1975 1444 2011 Jam
1477 1982 1605 2012 autem
1631 1988 1691 2012 me

235 2035 384 2085 judicio
403 2048 492 2074 cum
515 2036 581 2073 illo
604 2037 868 2082 conflictante,
899 2048 987 2073 cum
1016 2036 1166 2074 videret
1194 2043 1238 2073 ut
1265 2048 1333 2073 vos
1361 2036 1401 2072 in
1431 2035 1540 2072 nimis
1570 2036 1695 2086 impu-

240 2096 376 2135 denter
408 2096 564 2148 injurios
593 2097 752 2136 animati
785 2098 936 2142 essetis,
967 2097 1129 2135 consilio
1155 2097 1261 2143 inito,
1285 2097 1415 2148 inique
1446 2109 1595 2134 mecum
1628 2097 1691 2147 agi

239 2158 362 2196 visum
385 2158 426 2195 iri
454 2157 698 2204 existimavit,
726 2159 755 2196 si
785 2164 893 2196 tanta
922 2158 1086 2209 pecunia
1115 2158 1300 2209 spoliatus
1328 2158 1375 2195 ab
1398 2157 1574 2208 Aphobo,
1608 2170 1693 2195 mea

239 2218 451 2264 detinente,
484 2219 578 2256 nihil
612 2220 782 2270 recipere
806 2233 975 2271 possem,
1004 2226 1116 2271 atque
1137 2232 1160 2257 a
1179 2232 1221 2257 se
1241 2219 1440 2256 manifeste
1460 2218 1693 2269 prohiberer.

240 2280 345 2324 Quid
365 2281 479 2332 igitur
498 2280 618 2318 facit?
666 2280 841 2331 Pignoris
866 2281 1013 2319 indices
1045 2282 1092 2318 ab
1122 2280 1269 2318 aebibus
1290 2280 1426 2325 aufert,
1446 2284 1484 2317 et
1502 2279 1691 2317 talentum

238 2340 431 2379 duntaxat
454 2341 584 2380 dotem
604 2354 688 2380 esse
709 2341 814 2387 dicit,
837 2343 970 2393 quanti
995 2342 1181 2393 praedium
1202 2341 1431 2379 aestimatum
1454 2340 1515 2377 sit.
1572 2341 1691 2392 Atqui

237 2403 484 2453 perspicuum
501 2409 570 2448 est,
592 2403 623 2440 si
643 2403 790 2441 aedibus
811 2403 957 2441 indices
977 2403 1048 2442 rite
1066 2403 1244 2455 apposuit
1262 2409 1301 2440 et
1320 2414 1421 2447 vere,
1441 2401 1572 2439 itidem
1593 2409 1634 2440 et
1651 2402 1690 2440 in

237 2463 385 2514 praedio
405 2476 489 2501 esse
509 2463 673 2502 factum:
704 2464 762 2501 sin
792 2465 920 2502 statim
940 2465 1042 2503 mala
1062 2472 1100 2503 et
1120 2465 1261 2516 injusta
1280 2464 1454 2514 cogitans
1484 2464 1569 2502 illos
1594 2464 1691 2502 falso

238 2523 431 2574 apposuit,
451 2531 754 2563 consentaneum
789 2533 849 2563 est
876 2539 1002 2577 neque
1023 2526 1093 2564 hos
1114 2539 1198 2564 esse
1222 2537 1348 2563 veros.
1407 2525 1546 2575 Neque
1565 2525 1649 2563 haec
1669 2539 1690 2563 e

237 2584 333 2622 meis
357 2597 443 2635 quae
474 2585 583 2622 attuli
613 2586 736 2623 verbis
767 2587 994 2626 aestimanda
1026 2587 1139 2625 modo
1177 2593 1278 2631 sunt,
1309 2585 1372 2624 sed
1402 2586 1517 2624 etiam
1538 2599 1559 2624 e
1578 2586 1689 2625 factis

237 2644 360 2690 istius,
394 2658 482 2683 curn
509 2658 556 2684 ea
586 2646 711 2684 facere
743 2660 765 2684 a
798 2648 946 2686 nemine
981 2646 1198 2685 mortalium
1227 2654 1453 2698 cogeretur:
1484 2659 1573 2685 narn
1606 2647 1689 2698 ipse

236 2706 387 2744 libellos
408 2707 560 2755 dejecit,
580 2720 696 2758 reque
716 2708 798 2759 ipsa
818 2709 1042 2754 declaravit,
1063 2721 1102 2746 se
1123 2708 1286 2746 mentiri.
1330 2709 1460 2758 Atque
1482 2708 1566 2746 haec
1585 2720 1608 2745 a
1627 2721 1687 2746 me

237 2780 326 2805 vere
345 2768 421 2806 dici
442 2775 484 2805 ut
504 2776 670 2814 constet,
692 2776 732 2807 et
749 2782 836 2806 eum
857 2782 958 2807 nunc
979 2769 1166 2820 praedium
1187 2769 1332 2807 talento
1351 2782 1437 2807 esse
1457 2769 1687 2820 oppignera-

239 2835 321 2866 tum
350 2842 533 2877 asserere,
554 2837 593 2868 et
611 2843 698 2868 cum
719 2830 823 2881 prius
844 2830 1007 2876 aedibus,
1036 2838 1078 2868 ut
1105 2830 1256 2868 duobus
1277 2830 1547 2868 drachmarum
1575 2829 1687 2867 milli-

235 2890 307 2929 bus
327 2890 598 2943 oppigneratis,
632 2891 778 2931 indices
812 2891 1066 2943 apposuisset,
1101 2904 1203 2930 nunc
1233 2904 1363 2930 rursus
1397 2891 1554 2930 eosdem
1584 2890 1685 2929 facto
