1923 3149
749 340 1254 396 AUGERI

838 489 1179 538 ANALYSIS

543 627 899 671 ORATIONIS
933 629 1018 671 DE
1046 628 1487 672 CHERSONESO.

892 760 1132 807 Propositum.

321 845 436 886 QUUM
457 843 738 880 Atheniensibus
755 846 1018 881 Chersonesum
1037 847 1200 881 cessisset
1213 847 1466 890 Corsobleptes
1482 842 1645 880 Thraciae
1657 855 1734 885 rex,

285 898 428 938 Cardia,
447 897 554 941 hujus
573 900 725 942 regionis
747 901 908 934 maxima
935 901 1072 942 civitas,
1100 901 1300 935 detrectato
1327 902 1552 935 Athenarum
1575 898 1735 942 imperio,

285 964 324 987 se
342 953 532 986 addixerat
546 953 619 996 regi
636 953 895 996 Macedonum,
914 956 974 999 qui
999 966 1079 989 eam
1104 956 1139 988 in
1166 956 1273 989 fidem
1290 967 1391 989 suam
1409 966 1452 988 ac
1469 955 1621 989 tutelam
1641 964 1733 986 reee-

285 1011 396 1051 perat.
446 1007 631 1041 Miserunt
648 1008 888 1042 Athenienses
899 1010 1076 1043 coloniam
1090 1011 1124 1044 in
1142 1011 1416 1051 Chersonesum,
1433 1012 1470 1043 et
1486 1009 1564 1052 ejus
1581 1007 1734 1042 coloniae

283 1062 412 1095 ducem
430 1062 695 1095 constituerunt
720 1063 945 1107 Diopithem,
976 1068 1112 1109 patrem
1130 1065 1324 1099 Menandri
1350 1065 1446 1098 illius
1472 1064 1732 1098 comoediarum

284 1115 474 1160 scriptoris,
525 1116 598 1157 Qui
626 1128 708 1150 cum
735 1118 901 1152 exercitu
929 1118 1120 1162 profectus,
1149 1122 1189 1152 ut
1222 1118 1379 1162 Philippi
1397 1122 1516 1152 motus
1532 1122 1568 1151 et
1585 1117 1734 1151 consilia

285 1172 502 1214 exploraret,
527 1182 638 1214 quum
664 1172 762 1205 illum
788 1173 926 1206 videret
952 1177 1160 1216 pergentem
1194 1174 1284 1207 tueri
1309 1174 1490 1214 Cardiam,
1514 1173 1731 1206 maritimam

287 1227 492 1266 Thraciam,
510 1237 594 1270 quae
622 1226 853 1261 Macedoniae
878 1228 1037 1273 parebat,
1054 1229 1320 1262 incursionibus
1343 1232 1449 1262 vexat
1472 1239 1513 1261 ae
1531 1228 1736 1271 populatur,

284 1287 319 1314 et
337 1284 528 1324 antequam
547 1292 611 1314 rex
639 1286 838 1315 revertatur
867 1294 886 1316 e
911 1282 1087 1326 superiori
1103 1284 1258 1317 Thracia
1283 1284 1345 1316 ubi
1371 1283 1517 1326 gerebat
1535 1283 1680 1321 bellum,
1697 1281 1733 1313 in

282 1340 360 1369 tuta
373 1347 410 1369 se
429 1336 564 1380 recipit.
615 1339 738 1377 Quum
756 1338 813 1370 ille
830 1338 936 1371 armis
952 1342 1040 1371 tunc
1057 1338 1180 1371 ulcisci
1198 1349 1267 1371 non
1282 1342 1413 1382 posset,
1432 1337 1562 1370 ‹lueem
1579 1335 1733 1370 Atheni-

285 1401 407 1423 ensem
426 1401 487 1433 per
505 1391 625 1423 literas
652 1395 800 1424 accusat
816 1395 988 1436 tanquam
1019 1393 1118 1436 pacis
1146 1393 1366 1426 violatorem.
1416 1392 1586 1425 Oratores
1611 1391 1734 1434 itaque

286 1444 453 1488 Philippo
470 1445 656 1478 studentes
681 1445 718 1478 in
738 1445 949 1490 Diopitheln
966 1447 1110 1487 invecti,
1131 1447 1348 1490 supplicium
1364 1446 1409 1479 de
1426 1457 1469 1479 eo
1485 1446 1576 1478 sumi
1588 1445 1733 1488 jubent.

285 1501 348 1533 Eis
364 1500 573 1533 adversatur
592 1500 866 1542 Demosthenes,
884 1504 991 1545 atque
1009 1502 1075 1535 hac
1098 1502 1258 1534 oratione
1277 1501 1438 1534 defendit
1464 1499 1684 1543 Diopithem,
1698 1503 1735 1531 et.

282 1553 511 1587 xeliemeuter
542 1558 687 1587 accusat
716 1555 935 1599 Philippum,
964 1559 1003 1588 ut
1030 1556 1091 1599 qui
1112 1556 1204 1599 prior
1218 1566 1341 1598 pacem
1360 1556 1520 1595 violarit;
1546 1558 1654 1597 negat
1671 1554 1735 1586 im-

284 1608 419 1652 primiS,
435 1609 520 1641 etin
539 1607 605 1641 hoc
623 1609 733 1642 instat
751 1609 920 1651 maxime,
938 1611 1137 1643 exercitum
1156 1621 1233 1643 esse
1245 1610 1514 1643 dimittendum.

907 1725 1114 1760 Exordium.

329 1801 506 1834 Hortatur
520 1801 761 1835 Athenienses
775 1805 892 1837 orator
909 1808 959 1845 ut,
976 1804 1061 1837 dum
1080 1804 1138 1837 alii
1156 1804 1240 1837 odio
1255 1804 1309 1837 vel
1335 1805 1451 1847 gratia
1478 1804 1639 1843 adducti,
1658 1806 1732 1837 ani-

284 1868 342 1889 mo
358 1867 424 1889 suo
448 1867 579 1890 morem
607 1861 787 1900 gerentes,
816 1858 954 1900 dieunt,
972 1859 1039 1902 ipsi
1065 1870 1107 1891 ea
1124 1870 1206 1903 qna:
1225 1863 1310 1892 sunt
1326 1872 1346 1892 e
1364 1860 1544 1902 republica
1559 1863 1592 1892 et
1612 1860 1732 1892 ‹lecer-

282 1914 367 1943 nant
388 1914 423 1943 et
441 1911 582 1943 sau-iant.
632 1912 764 1945 Monet
781 1912 840 1945 hic
865 1924 936 1946 non
966 1914 1022 1955 agi
1050 1914 1095 1946 de
1124 1914 1298 1957 Diopithe
1328 1916 1364 1947 et
1393 1914 1470 1955 ejus
1488 1914 1588 1953 actis,
1606 1914 1666 1946 sed
1686 1915 1732 1947 dc

284 1965 506 1998 Chersoneso
524 1966 710 2004 servanda,
733 1967 794 1998 sed
825 1968 870 2000 de
899 1967 1062 2011 Philippo
1089 1968 1300 2010 coercendo,
1330 1979 1374 2001 ue
1395 1980 1436 2001 ea
1464 1969 1522 2001 ille
1546 1968 1732 2012 praeripiat,

282 2030 365 2063 qua:
382 2019 520 2053 restitui
545 2019 578 2052 iu
597 2019 776 2063 integrum
795 2031 865 2054 non
882 2025 1063 2065 poterunt.

892 2134 1129 2180 Confirmatio,

334 2215 379 2246 1⁰.
406 2212 479 2245 Eos
498 2215 655 2246 oratores
684 2213 874 2258 impugnat
901 2215 1166 2249 Demosthenes
1181 2216 1242 2260 qui
1260 2216 1428 2249 dicebant
1446 2216 1572 2250 decere
1587 2217 1732 2251 omnino

283 2268 322 2299 ut
341 2267 523 2299 consultor
540 2267 644 2310 plane
663 2269 715 2302 vel
736 2269 869 2302 bellum
886 2280 1010 2312 gerere
1027 2271 1080 2303 vel
1098 2281 1237 2303 servare
1255 2281 1380 2314 pacem
1393 2271 1548 2313 juberet.
1600 2274 1731 2305 (ssu-n-

282 2320 333 2353 ‹lit
355 2331 424 2353 non
441 2320 516 2354 dari
533 2321 729 2364 optionem,
746 2324 808 2356 sed
827 2324 912 2356 illud
932 2325 1091 2357 omnium
1105 2324 1343 2365 justissimum
1365 2326 1593 2369 maximeque
1609 2337 1733 2359 neees-

282 2373 414 2406 sarium
432 2375 582 2418 relinqui
601 2375 879 2410 Atheniensibus
897 2380 936 2410 ut
957 2389 1040 2411 eum
1065 2378 1285 2412 ulciscantur
1302 2380 1363 2422 qui
1381 2380 1475 2423 prior
1492 2380 1576 2423 ipsis
1594 2381 1729 2414 bellum

283 2428 417 2462 intulit.

326 2486 376 2516 ‘20-
404 2483 533 2516 Probat
553 2494 622 2517 non
635 2485 837 2518 exereitum
854 2496 930 2519 esse
943 2485 1213 2525 dimittendum,
1229 2487 1322 2531 quod
1339 2487 1421 2520 inde
1433 2488 1730 2532 plnraercnirent

282 2538 519 2570 incommoda.

326 2595 376 2626 3⁰.
407 2592 489 2625 Nou
508 2593 614 2626 modo
632 2603 702 2625 non
731 2593 967 2626 dimittendus
985 2598 1037 2627 est
1064 2595 1256 2636 exereitus,
1274 2596 1336 2628 sed
1353 2596 1455 2629 novis
1472 2598 1579 2630 etiam
1598 2608 1730 2640 suppe-

282 2646 340 2678 tiis
359 2646 554 2687 augendus,
573 2647 637 2679 uisi
658 2648 763 2680 velint
794 2648 1038 2681 Athenienses
1065 2660 1107 2681 ea
1135 2649 1248 2682 faeere
1267 2661 1346 2692 qua¹
1368 2652 1523 2684 maxime
1546 2651 1729 2695 Philippus

281 2701 423 2743 optarit,
439 2703 475 2732 et
492 2711 535 2733 eo
552 2702 658 2734 modo
683 2713 720 2734 se
740 2713 861 2743 gerere
887 2713 960 2745 quo
978 2703 1032 2735 ille
1051 2703 1184 2746 enpiat.
1239 2704 1408 2748 llineque
1428 2716 1487 2748 per
1504 2707 1727 2738 nevas-mmm

283 2755 374 2797 ipsos
392 2754 553 2798 objurgat
567 2757 628 2800 qui
649 2767 764 2800 neque
783 2757 917 2800 possint
937 2757 1130 2800 quiescere,
1146 2769 1263 2802 neque
1284 2772 1322 2792 ta
1339 2771 1443 2802 agere
1462 2760 1625 2794 studeant
1645 2773 1726 2804 qua·-

282 2820 295 2841 t
308 2809 489 2852 xpediuut.
