1923 3149
531 102 756 156 CONTRA
793 116 1234 158 ARISTOCRATEM.
1535 124 1612 163 383

161 229 290 255 causae
323 216 486 257 dictione
517 219 710 271 adempta,
743 220 1039 272 proscripserit?
1069 222 1171 265 Quid
1190 235 1302 274 porro
1317 224 1419 263 aliud
1439 232 1497 264 est
1515 239 1609 266 con·

158 277 465 329 sundere,quam
492 279 523 317 si
554 281 638 331 quis
666 281 799 319 ordine
830 281 885 318 sic
917 281 1092 320 omnibus
1124 283 1179 328 iis,
1201 298 1286 334 quae
1308 286 1454 336 legibus
1484 290 1607 327 conti-

159 344 311 383 nentur,
327 340 518 377 contraria
537 341 756 390 scripserit?

216 401 276 436 14.
307 398 395 436 Non
423 400 546 437 solum
578 401 693 451 igitur
713 402 781 438 has
802 401 923 451 leges,
945 401 1219 447 Athenienses,
1240 405 1406 452 violavit,
1427 408 1491 444 sed
1511 409 1604 447 alias

156 474 311 510 quoque
341 461 540 511 plurimas,
563 475 658 512 quas
691 462 835 499 vitandi
869 462 1011 498 fastidii
1041 475 1160 500 causa
1192 476 1267 500 non
1303 466 1603 518 adscripsimus:

155 521 224 558 sed
241 522 277 558 in
294 535 442 559 summa
458 523 512 559 sie
529 523 628 568 dico,
642 535 882 572 quaecunque
901 522 1006 572 leges
1024 523 1072 560 ad
1089 536 1212 561 rerum
1226 526 1444 576 capitalium
1458 529 1607 578 judicia

154 582 357 633 pertinent,
378 596 466 632 quae
498 583 554 620 vel
589 583 710 629 citari,
737 583 798 620 vel
831 589 967 620 testem
998 596 1098 633 esse,
1129 585 1189 622 vel
1220 598 1305 623 reos
1333 587 1604 638 jusjurandum

155 644 262 689 dare,
284 643 341 680 vel
369 644 518 693 quidvis
538 644 643 680 aliud
662 643 1011 694 praestarejubent‚
1031 656 1096 682 eas
1128 658 1262 684 omnes
1283 647 1451 695 violavit,
1470 659 1605 689 contra

152 717 218 741 eas
237 715 369 741 omnes
389 704 462 741 hoc
482 704 677 741 decretum
698 704 799 742 fecit.
859 705 958 742 Nam
980 706 1041 742 ubi
1062 718 1138 743 non
1157 707 1301 754 citatio,
1315 711 1604 760 nonjudiciurn,

150 778 230 802 non
256 765 476 803 testimonia
496 766 751 812 consciorum,
772 779 848 803 non
874 766 1077 804 calumniae
1096 768 1383 819 jusjurandum,
1403 773 1471 810 sed
1492 787 1514 811 a
1531 776 1604 812 cri-

149 827 252 864 mine
273 827 400 864 statim
422 840 538 877 poena
569 828 781 878 perscripta
810 834 880 872 est,
901 839 1022 878 eaque
1051 829 1256 867 interdicta
1293 832 1457 882 legibus,
1490 836 1603 885 quid-

148 900 236 925 nam
256 888 361 925 aliud
376 888 565 939 quispiam
585 889 718 926 dicat?
773 889 891 940 Atqui
916 888 999 926 haec
1033 890 1163 927 omnia
1191 891 1228 927 in
1263 893 1431 944 quinque
1462 905 1604 946 praeto·

147 949 211 986 riis
238 948 348 995 fiunt,
378 948 564 987 mandata
594 949 760 1000 legibus.
817 952 874 988 At
904 952 1020 997 enim,
1051 951 1190 989 dixerit
1221 952 1368 1003 aliquis,
1400 956 1475 994 ista
1511 971 1600 997 vero

149 1008 292 1047 nullius
325 1010 435 1060 pretii
463 1017 564 1055 sunt,
598 1023 721 1061 neque
753 1018 857 1049 recte
895 1011 1115 1061 excogitata
1132 1024 1141 1049 t
1182 1014 1354 1064 nunquid
1388 1029 1478 1054 vero
1511 1033 1599 1069 quae

145 1070 217 1108 iste
251 1070 404 1120 scripsit
429 1071 537 1119 justa
567 1077 605 1108 et
633 1072 821 1121 praeclara
849 1073 966 1110 sunt?
995 1073 1079 1110 Imo
1099 1080 1230 1111 contra
1249 1076 1389 1124 potius.
1447 1079 1509 1116 An
1530 1081 1598 1118 de-

144 1139 250 1170 creto
270 1132 344 1170 isto
365 1132 468 1182 apud
497 1145 566 1169 vos
597 1146 766 1182 unquam
797 1134 1000 1184 quicquam
1030 1134 1080 1171 sit
1107 1135 1250 1172 factum
1284 1136 1461 1188 injustius
1493 1141 1598 1180 haud

144 1193 247 1231 scio:
278 1193 335 1230 his
353 1205 444 1230 vero
457 1192 612 1243 judiciis
629 1193 727 1230 inter
745 1194 874 1232 omnia
894 1208 981 1244 quae
999 1194 1038 1231 in
1054 1195 1162 1232 terris
1183 1203 1284 1243 sunt,
1307 1199 1454 1237 nullum
1473 1214 1599 1251 neque

143 1254 314 1305 gravius,
330 1254 610 1304 neqnejustius
632 1255 852 1304 reperietur.
910 1256 1082 1301 Breviter
1108 1263 1233 1294 autem
1264 1271 1310 1296 ea
1340 1259 1479 1307 dicam,
1501 1275 1598 1312 quo-

141 1330 226 1354 rum
242 1316 553 1365 commemoratio
579 1322 719 1352 nostrae
749 1316 891 1353 civitati
922 1316 1046 1354 laudis
1072 1317 1215 1366 aliquid
1235 1325 1275 1355 et
1291 1319 1444 1369 honoris
1460 1323 1595 1371 pariat,

140 1385 181 1417 et
208 1378 349 1428 quibus
380 1376 520 1414 auditis
553 1389 620 1414 vos
654 1376 922 1414 oblectemini:
952 1377 1041 1415 inde
1076 1378 1193 1416 ducto
1213 1380 1382 1419 exordio⁴
1403 1383 1507 1420 unde
1526 1397 1595 1422 vos

138 1439 352 1477 rectissime
377 1433 457 1474 rem
477 1437 713 1488 intelligetis,
731 1451 930 1488 regressus
947 1439 996 1476 ad
1022 1438 1061 1476 id
1081 1439 1186 1489 quod
1207 1440 1440 1479 Charidemo
1459 1444 1595 1483 datum

138 1506 199 1538 est
218 1499 431 1550 praemium.

195 1561 258 1598 15.
294 1559 390 1605 Nos,
412 1558 681 1605 Athenienses,
703 1559 977 1598 Charidemum
997 1561 1118 1598 civem
1138 1560 1314 1612 fecimus,
1331 1569 1446 1614 atque
1465 1578 1534 1615 per
1551 1567 1591 1605 id

136 1620 380 1665 beneficium,
404 1632 492 1657 eum
521 1620 559 1657 in
581 1621 802 1672 societatem
834 1622 1064 1672 recepimus,
1093 1635 1301 1668 sacrorum,
1329 1626 1593 1674 profanorum,

136 1682 413 1730 institutorum,
445 1693 571 1717 rerum
609 1680 775 1730 denique
804 1682 972 1718 omnium
1006 1682 1143 1732 quibus
1170 1683 1242 1733 ipsi
1269 1684 1441 1723 fruimur.
1491 1687 1591 1726 Sunt

134 1750 266 1782 autem
286 1741 389 1792 apud
405 1753 474 1778 nos
494 1740 577 1791 ejus
597 1742 748 1791 generis
765 1743 979 1793 complura,
1001 1756 1088 1792 quae
1108 1757 1297 1794 nusquam
1320 1745 1432 1784 alibi:
1470 1761 1589 1789 unum

133 1817 225 1842 vero
256 1803 421 1840 maxime
449 1802 655 1852 proprium,
674 1810 713 1840 et
730 1804 828 1841 inter
847 1810 975 1841 cetera
996 1804 1289 1851 nobilissimum,
1316 1807 1508 1859 Areopagi
1522 1809 1588 1860 ju-

132 1865 290 1909 dicium,
311 1863 359 1900 de
378 1875 455 1912 quo
477 1862 584 1900 vobis
609 1869 666 1900 tot
685 1863 881 1913 praeclarae
910 1864 1159 1912 narrationes,
1181 1872 1262 1902 tum
1281 1866 1482 1914 fabulosae,
1503 1876 1584 1908 tum

132 1926 272 1964 nostris
297 1923 526 1962 testimoniis
545 1924 779 1961 confirmatae
801 1931 1027 1975 suppetunt,
1059 1933 1155 1976 quot
1183 1926 1231 1964 de
1257 1928 1361 1965 nullo
1388 1929 1463 1966 alio
1490 1943 1584 1968 con-

132 1987 238 2024 cilio:
269 1998 290 2023 e
311 1985 448 2035 quibus
470 1997 585 2021 unam
607 1991 720 2034 atque
751 1985 923 2031 alteram,
950 1986 1069 2023 veluti
1099 1986 1149 2024 ad
1176 1988 1369 2038 specimen
1398 1990 1586 2029 exhiben-

133 2048 241 2093 dum,
267 2046 400 2083 audire
420 2046 534 2083 fuerit
551 2058 678 2095 operae
706 2047 881 2096 pretium.
913 2047 1081 2084 Primum
1101 2049 1218 2098 igitur
1245 2049 1294 2087 de
1326 2052 1508 2101 antiquis,
1542 2061 1586 2092 ut

130 2121 178 2146 ea
197 2107 308 2145 nobis
326 2105 468 2143 tradita
488 2112 591 2150 sunt,
611 2106 648 2142 in
668 2106 741 2143 hoc
759 2107 843 2144 solo
857 2107 1006 2158 judicio
1022 2109 1072 2146 dii
1086 2109 1149 2160 jus
1166 2109 1214 2147 de
1234 2111 1343 2148 caede
1359 2112 1449 2150 dare
1465 2121 1504 2150 et
1517 2128 1582 2153 ac-

129 2169 258 2219 cipere
277 2167 496 2211 voluerunt,
516 2173 555 2204 et
574 2167 853 2218 disceptatores
874 2182 958 2207 esse
979 2171 1076 2208 inter
1097 2184 1194 2216 sese,
1211 2179 1254 2209 ut
1274 2173 1414 2220 ferunt,
1435 2175 1582 2214 dissen-

129 2230 286 2268 tientes:
306 2241 394 2265 nam
415 2228 621 2278 Neptunus
638 2242 659 2265 a
675 2228 803 2266 Marte
821 2243 955 2280 poenas
969 2232 1097 2281 exegit
1116 2232 1308 2270 interfecti
1330 2234 1579 2275 Halirrhothii

127 2290 208 2335 filii,
232 2297 270 2327 et
291 2289 415 2326 Furiis
436 2302 481 2327 ac
503 2289 707 2340 Orestijus
727 2290 906 2328 dixerunt
925 2291 1131 2330 duodecim
1160 2293 1224 2330 dii.
1269 2295 1326 2331 Ac
1346 2302 1476 2334 vetera
1495 2299 1583 2348 qui-

128 2352 216 2389 dem
234 2350 318 2388 haec
338 2356 446 2388 sunt:
477 2350 657 2402 deinceps
679 2358 820 2397 autem,
840 2353 963 2390 solum
983 2352 1056 2391 hoc
1070 2354 1260 2405 judicium
1281 2369 1358 2394 non
1378 2364 1578 2409 tyrannus,

126 2425 205 2449 non
223 2423 433 2462 paucorum
455 2411 691 2458 dominatus,
711 2425 790 2450 non
810 2413 941 2463 populi
961 2415 1180 2457 auctoritas,
1202 2417 1432 2466 capitalibus
1452 2422 1578 2459 causis

126 2471 382 2522 dijudicandis
403 2471 565 2521 spoliare
592 2472 768 2518 instituit,
802 2473 872 2510 sed
900 2487 1034 2512 omnes
1063 2488 1103 2513 se
1136 2477 1184 2513 de
1217 2477 1275 2514 his
1308 2482 1579 2520 controversiis

125 2532 251 2569 minus
273 2531 481 2581 gravejus‚
506 2545 620 2581 quam
642 2534 689 2570 ab
711 2534 769 2571 his
790 2533 986 2572 inventum
1007 2543 1124 2581 esset,
1144 2538 1430 2588 excogitaturos
1452 2542 1577 2579 credi-

125 2593 279 2630 derunt.
320 2591 420 2634 Quae
452 2604 540 2629 cum
572 2593 625 2630 ita
645 2594 733 2639 sint,
752 2594 827 2632 hoc
847 2595 960 2632 etiarn
983 2597 1148 2642 accedit,
1168 2600 1273 2648 quod
1293 2599 1353 2636 hic
1374 2613 1486 2637 nemo
1506 2615 1575 2638 un-

123 2665 240 2703 quam
261 2651 321 2689 vel
337 2664 423 2689 reus
445 2651 663 2698 damnatus,
678 2655 739 2692 vel
753 2661 861 2693 actor
877 2665 1098 2708 superatus,
1117 2660 1318 2696 ostendere
1333 2661 1469 2709 potuit,
1486 2675 1574 2699 sen-

120 2714 281 2752 tentiam
301 2725 501 2763 perperam
521 2712 636 2751 fuisse
656 2715 786 2754 latam.
835 2718 922 2755 Hoc
948 2718 1064 2768 igitur
1090 2720 1310 2770 praesidium
1331 2720 1509 2768 civitatis,
1537 2730 1576 2762 et

120 2775 312 2825 legitimas
331 2773 414 2824 ejus
436 2773 598 2812 ultiones
614 2776 788 2825 neglexit
802 2776 910 2816 istius
933 2778 1078 2816 decreti
1094 2780 1266 2829 scriptor,
1281 2786 1320 2817 et
1339 2780 1573 2822 Charidemo

121 2834 264 2887 viventi
283 2835 477 2874 licentiam
497 2834 605 2885 dedit
624 2835 789 2880 faciendi
802 2838 985 2889 quicquid
1000 2839 1081 2890 ejus
1097 2839 1215 2878 libido
1227 2840 1380 2879 tulerit:
1407 2841 1464 2880 sin
1481 2844 1573 2894 quid
