1923 3149
228 217 307 254 438
629 212 852 251 CONTRA
889 211 1269 250 TIMOCRATEM.

229 319 321 356 Solo
340 319 465 369 igitur,
485 324 526 355 ut
547 317 697 354 senatui
716 316 909 354 vinciendi
930 322 1160 367 potestatem
1181 316 1380 361 adimeret,
1404 314 1504 353 hanc
1533 327 1678 365 appen-

227 380 353 417 dicem
385 379 539 430 adjecit,
559 379 609 416 ad
629 379 877 422 senatorium,
899 390 976 414 non
1003 377 1051 414 ad
1075 384 1242 414 vestrum
1264 376 1534 426 jusjurandum
1564 377 1680 426 pcrti-

228 448 400 478 nentem.
449 441 549 477 Nam
583 453 771 477 summam
800 439 1033 488 judiciorum
1060 437 1182 475 voluit
1210 451 1296 475 esse
1329 437 1611 481 auctoritatem,
1643 443 1682 473 et.

229 502 412 550 quicquid
443 513 491 538 ea
511 501 782 545 decrevissent,
803 500 841 537 id
866 500 1049 536 damnato
1082 512 1167 536 esse
1197 498 1501 549 perpetiendum.
1551 497 1602 535 Et
1631 497 1679 534 ob

228 563 300 599 hoe
321 563 442 612 ipsum
462 563 568 600 vobis
591 562 851 599 Heliastarum
866 560 1141 612 jusjurandum
1162 559 1391 597 recitabitur.
1433 559 1540 609 Lege
1561 566 1617 597 tu.

525 686 945 726 JUSJURANDUM
976 685 1392 724 HELIASTARUM.

275 775 488 805 Pronunciaho
506 774 671 803 secundum
689 774 787 812 leges,
803 778 832 803 et
847 773 973 803 decreta
989 773 1093 813 populi
1116 770 1324 806 Atheniensis,
1345 774 1377 800 et
1393 774 1514 799 senatus
1532 768 1681 809 quingen-

232 834 342 861 torum,
363 826 552 865 tyrannidem
573 835 659 860 vero,
675 830 725 854 aut
741 835 906 863 paucorum
922 824 1122 859 dominatum,
1139 833 1204 853 mea
1221 821 1371 852 sententia
1386 831 1444 850 non
1460 822 1685 859 comprobabo:

233 889 328 917 neque
353 878 377 906 si
395 877 462 916 quis
485 875 591 915 populi
613 874 815 904 Atheniensis
831 875 1001 904 libertatem
1025 873 1226 913 oppresserit,
1248 878 1300 902 aut
1316 871 1476 910 quicquam
1492 876 1597 900 contra
1619 872 1685 900 haec

232 928 360 963 dixerit,
372 932 425 956 aut
449 926 634 962 decreverit,
657 926 840 955 concedam:
867 936 967 964 neque
987 934 1082 953 novas
1108 924 1227 953 tabulas
1250 922 1406 961 privatim,
1428 931 1526 959 neque
1545 931 1685 960 agrorum

233 978 466 1009 Atheniensium
494 977 690 1012 divisionem,
709 988 764 1006 nec
781 977 903 1011 aedium,
928 986 1025 1015 neque
1051 975 1175 1005 exsules
1194 974 1361 1010 revocabo,
1378 983 1475 1012 neque
1500 973 1610 1011 capitis
1635 973 1689 1002 da-

233 1036 364 1064 mnatos,
378 1039 476 1069 neque
497 1039 552 1059 eos
575 1028 627 1067 qui
651 1032 771 1058 manent
794 1027 949 1067 expellam
972 1032 1077 1056 contra
1100 1026 1187 1064 leges
1210 1029 1369 1063 receptas,
1391 1029 1423 1054 et
1442 1024 1565 1053 decreta
1581 1023 1689 1063 populi

234 1080 440 1115 Atheniensis,
452 1085 483 1110 et
499 1084 636 1114 senatus,
651 1088 746 1117 neque
762 1083 883 1117 egomet
900 1078 978 1117 ipse,
994 1087 1091 1121 neque
1108 1077 1199 1106 aliurn
1218 1075 1315 1105 sinam
1329 1086 1335 1103 ε
1360 1085 1456 1114 neque
1479 1075 1688 1114 magistratum

234 1132 357 1166 creabo,
373 1136 405 1160 nt.
421 1130 447 1159 is
464 1131 594 1168 imperet
616 1134 775 1168 antequam
799 1130 837 1158 de
854 1129 914 1158 alio
939 1134 1026 1168 gesto
1049 1128 1227 1167 magistratu
1245 1125 1379 1156 rationes
1397 1125 1545 1160 retulerit,
1567 1125 1632 1154 sive
1649 1125 1691 1155 sit

234 1182 402 1215 novenivir,
418 1181 483 1210 sive
499 1179 653 1219 pontifex,
669 1179 735 1208 sive
752 1179 926 1218 quicunque
951 1189 1019 1208 oum
1039 1178 1227 1208 novemviris
1249 1177 1357 1206 eodem
1378 1177 1428 1206 die
1455 1179 1608 1211 creantur,
1623 1175 1690 1205 sive

235 1243 348 1272 praeco,
365 1232 431 1261 sive
456 1232 590 1270 legatuS,
606 1231 673 1260 sive
702 1240 852 1266 assessor,
866 1241 966 1268 neque
983 1231 1030 1259 bis
1046 1229 1176 1258 eundem
1194 1228 1408 1267 magistratum
1425 1227 1556 1256 eundem
1580 1226 1704 1263 virum,v

235 1293 335 1321 neque
360 1282 448 1311 binos
469 1282 665 1321 magistratus
681 1281 809 1311 eundern
833 1291 942 1319 gerere
957 1280 1052 1309 sinain
1074 1279 1181 1310 eodem
1199 1289 1297 1308 anno:
1319 1288 1375 1307 nee
1395 1277 1544 1316 accipiam
1564 1286 1692 1307 munera

237 1339 362 1372 propter
379 1333 541 1368 Helia-aen,
557 1333 606 1362 vel
632 1333 699 1371 ipse
716 1342 784 1371 ego,
803 1332 857 1370 ‚vel
876 1331 1036 1370 quisquam
1058 1330 1136 1360 :ilius
1151 1329 1237 1364 mihi,
1254 1329 1302 1359 vel
1328 1329 1380 1358 alii
1405 1339 1454 1358 me
1475 1328 1612 1362 conscio,
1634 1338 1694 1357 non

235 1385 342 1414 fraude
358 1395 414 1413 non
439 1383 662 1412 machinatione
680 1383 761 1412 ulla:
793 1387 824 1411 et
840 1387 928 1411 natus
954 1392 1019 1411 suin
1037 1391 1129 1410 annos
1150 1390 1207 1409 non
1232 1379 1407 1418 pauciores,
1424 1378 1566 1417 triginta:
1591 1383 1622 1408 et
1639 1389 1693 1407 au-

235 1436 316 1464 diam
339 1439 402 1463 tum
426 1438 636 1463 accusatorem
654 1438 716 1462 tum
739 1443 822 1462 reum
849 1442 936 1471 aeqno
954 1431 1054 1461 animo
1074 1432 1191 1465 ambos,
1217 1436 1247 1459 et
1272 1429 1455 1459 sententiam
1480 1429 1519 1458 de
1537 1440 1572 1459 eo
1597 1429 1692 1458 seram

237 1485 318 1524 quod
336 1489 383 1514 est
399 1484 429 1513 in
446 1483 657 1513 controversia
670 1483 817 1522 positum.
840 1483 958 1521 Adjuro
970 1483 1093 1516 Jovem,
1107 1482 1297 1519 Neptunum.
1313 1481 1467 1509 Cererem.
1491 1481 1531 1509 Et
1545 1480 1612 1519 ipse
1622 1479 1696 1509 milii

237 1536 365 1565 exitium
382 1535 534 1574 imprecor
548 1539 579 1563 et
593 1534 714 1563 familiai
731 1544 817 1568 meae,
833 1533 858 1562 si
876 1533 950 1572 quid
967 1533 1074 1562 horum
1090 1532 1257 1572 neglexero
1274 1535 1305 1561 et
1319 1530 1456 1561 violaro:
1481 1530 1528 1560 sin
1545 1531 1622 1561 bona
1634 1531 1693 1560 fide

238 1586 423 1625 praestitero,
438 1585 584 1624 pra’clara
599 1584 672 1614 mihi
689 1590 718 1613 et
732 1586 809 1613 bona
824 1584 919 1613 multa
935 1583 1090 1613 eveniant.

241 1661 315 1698 Hic
335 1673 424 1698 vero
456 1672 533 1697 non
554 1660 667 1705 inest,
694 1659 860 1709 judices,
889 1671 1014 1709 neque
1041 1656 1207 1695 vinciam
1237 1656 1359 1693 ullum
1385 1655 1693 1694 Atheniensium.

241 1723 339 1761 Nam
349 1722 496 1773 judicia
517 1729 618 1766 sunt,
633 1733 720 1771 quae
738 1732 870 1757 omnes
886 1732 1024 1757 causas
1039 1719 1232 1770 judicent,
1254 1725 1294 1755 et
1309 1717 1367 1755 his
1382 1724 1553 1768 potestas
1568 1718 1696 1763 datur,

240 1791 279 1821 et
298 1783 466 1827 vincula,
489 1788 527 1820 et
544 1782 717 1832 quamvis
734 1781 849 1818 aliam
863 1780 1047 1817 mulctam
1063 1779 1274 1829 infligendi.
1307 1778 1438 1816 Licere
1458 1778 1574 1828 igitur
1588 1778 1696 1816 vobis

241 1845 424 1881 damnare
439 1843 616 1886 vinculis,
633 1856 700 1893 per
718 1842 802 1879 haec
818 1841 982 1879 ostendo
997 1853 1006 1878 :
1036 1854 1096 1878 res
1117 1847 1243 1878 autem
1259 1840 1454 1890 judicatas
1469 1839 1698 1886 rescindere,

240 1913 279 1942 ct
293 1906 465 1955 iniquum
480 1911 519 1942 et
538 1904 647 1941 nefas
663 1916 764 1948 esse,
778 1911 815 1940 et
832 1909 954 1940 status
971 1902 1167 1952 popularis
1185 1901 1432 1943 eversionem,
1449 1900 1547 1937 inter
1562 1912 1696 1938 omnes

242 1974 419 2004 constare
440 1966 588 2016 opinor.
619 1965 765 2002 Nostra
784 1965 885 2002 enim
906 1965 1010 2008 urbs,
1024 1963 1188 2013 judices,
1209 1962 1360 2011 legibus
1388 1967 1427 1998 et
1450 1961 1614 1999 decretis
1638 1974 1697 1999 re-

241 2027 356 2076 gitur.
406 2027 444 2063 Si
466 2027 552 2076 quis
572 2033 698 2063 autem
721 2038 766 2061 en
786 2037 873 2074 qnae
898 2023 1081 2074 suffragio
1095 2023 1274 2074 judicata
1291 2029 1383 2060 sunt
1400 2035 1502 2060 nova
1521 2022 1607 2072 lege
1627 2023 1696 2060 ab·

243 2089 398 2138 rogarit,
428 2088 491 2138 qui
518 2087 604 2124 finis
623 2085 858 2136 reperietur?
890 2085 966 2122 Lex
985 2097 1032 2122 ea
1051 2084 1219 2122 dicenda
1238 2083 1366 2134 potius
1389 2083 1473 2128 erit,
1495 2096 1544 2120 an
1565 2083 1698 2134 legum

241 2148 444 2187 interitus?
474 2150 534 2185 An
554 2161 631 2185 non
653 2147 920 2198 gravissimum
935 2146 1164 2195 supplicium
1186 2145 1273 2182 talis
1294 2143 1491 2195 legislator
1503 2145 1700 2183 meretur?

245 2212 465 2248 Extremum
481 2222 566 2246 mea
584 2209 738 2258 quidem
754 2208 949 2257 opinione,
973 2219 1049 2243 non
1070 2206 1187 2243 modo
1208 2206 1313 2256 quod
1333 2205 1434 2242 hanc
1455 2205 1582 2256 legem
1599 2205 1700 2252 tulit,

246 2273 316 2310 sed
337 2271 426 2322 quia
445 2271 543 2308 viam
563 2269 736 2307 ostendit
757 2268 838 2305 aliis
859 2275 899 2305 et
913 2267 1071 2306 tollendi
1085 2267 1246 2318 judicia,
1260 2272 1298 2303 et
1313 2266 1467 2304 exsules
1483 2267 1702 2313 revocandi,

243 2340 282 2370 et
302 2333 541 2370 atrocissima
560 2343 727 2382 quaeque
747 2329 990 2367 conficiendi.
1026 2328 1132 2372 Quid
1152 2328 1252 2366 enirn
1273 2327 1464 2378 prohibet,
1479 2326 1648 2377 judices,
1669 2328 1701 2365 si

246 2407 346 2431 nune
367 2395 437 2432 iste
456 2392 696 2442 triumphans
717 2390 952 2435 discesserit,
972 2389 1039 2427 tali
1060 2390 1145 2439 lege
1168 2388 1328 2439 perlata,
1348 2401 1426 2437 quo
1448 2388 1574 2425 minus
1602 2388 1701 2426 alius

248 2455 452 2499 exoriatur,
480 2454 545 2503 qui
577 2465 770 2490 summum
800 2451 953 2501 aliquod
982 2450 1205 2500 reipublicae
1235 2448 1455 2499 praesidium
1486 2462 1587 2486 nova
1614 2450 1702 2500 lege

247 2513 504 2551 demoliatur?
536 2513 721 2563 Equidem
745 2513 878 2563 opinor
897 2511 1002 2548 nihil.
1035 2510 1232 2560 Siquidem
1255 2509 1370 2546 audio
1387 2509 1492 2560 prius
1512 2510 1626 2547 etiam
1648 2510 1703 2548 sic

247 2576 470 2627 popularem
491 2581 634 2612 statum
652 2575 772 2611 fnisse
786 2585 1028 2624 oppressum,
1044 2584 1131 2609 cnm
1148 2572 1310 2621 primum
1326 2571 1554 2608 violatarum
1571 2570 1702 2622 legum

249 2635 517 2673 accusationes
551 2634 713 2671 sublatoe
744 2640 885 2677 essent,
923 2640 961 2670 et
993 2639 1191 2682 perempta
1215 2631 1447 2682 judiciorum
1484 2632 1704 2670 auctoritas.

251 2697 440 2737 Fortassis
472 2701 600 2733 autem
627 2695 765 2745 aliquis
799 2695 994 2745 objecerit,
1023 2706 1083 2729 me
1113 2692 1287 2730 dissimili
1320 2692 1455 2729 horum
1485 2700 1524 2730 et
1553 2692 1704 2730 illorum

251 2766 462 2809 temporum
493 2763 611 2801 statu,
638 2754 686 2792 de
720 2756 967 2805 oppressione
998 2754 1186 2791 libertatis
1215 2754 1334 2803 loqui.
1383 2753 1514 2803 Atqui,
1538 2753 1705 2803 judices,

252 2820 364 2856 etiam
387 2819 519 2855 talium
539 2828 661 2854 rerum
690 2816 837 2852 semina
855 2829 1037 2865 spargere
1060 2816 1094 2851 in
1115 2815 1314 2865 republica
1333 2827 1447 2851 nemo
1470 2813 1598 2857 debet,
1617 2819 1656 2850 et
1674 2814 1706 2851 si

255 2893 447 2929 nunquam
477 2879 669 2915 exoritura
700 2878 799 2914 sint:
833 2877 901 2913 sed
930 2877 1102 2926 quisquis
1135 2876 1210 2914 tale
1239 2875 1445 2927 quicquain
1478 2873 1536 2912 vel
1565 2873 1707 2921 dicere,

253 2942 312 2980 vel
333 2954 447 2991 agere
466 2939 682 2983 instituerit,
704 2937 921 2988 puniendus
943 2945 1013 2976 est.
