1923 3149
273 117 325 155 92
781 115 1097 156 PHILIPPICA
1129 116 1201 155 111.

273 218 311 255 in
332 230 469 256 aeream
490 218 710 258 columnam
736 219 900 258 incisum
920 220 959 258 in
980 233 1065 259 aree
1086 219 1338 266 collocarunt,
1358 231 1436 257 non
1454 226 1497 258 ut
1524 219 1616 272 ipsis
1643 221 1730 259 usui

274 285 521 318 esset—nam
541 280 601 318 vel
622 281 703 319 sine
723 281 788 319 illo
809 283 952 334 scripto
972 289 1074 320 reeta
1094 281 1437 319 sentiebant—sed
1453 288 1495 319 ut
1509 295 1575 319 vos
1593 295 1731 320 monu-

276 347 407 379 menta
425 348 465 379 et
483 343 658 393 exempla
675 342 882 391 haberetis,
908 351 1055 394 quanta
1084 357 1142 382 res
1171 343 1268 381 tales
1296 343 1535 380 solicitudine
1557 344 1633 381 sint
1662 358 1731 382 eu-

278 402 424 440 randae.
455 403 559 446 Quid
582 405 697 454 igitur
717 405 769 442 ait
787 404 882 442 illud
904 406 1086 456 scriptum
1104 404 1118 442 ἲ
1145 404 1356 448 Arthmius,
1376 404 1509 454 inquit,
1532 404 1729 455 Pythona-

279 464 353 501 ctis
385 463 485 501 filius
517 464 655 503 Zelites
688 465 966 516 ignominiosus
1003 474 1087 503 esto
1118 472 1157 503 et
1187 478 1256 516 pro
1282 465 1393 502 hoste
1420 464 1582 502 habetor
1599 466 1732 517 populi

278 524 521 564 Atheniensis
535 532 574 564 et
588 527 777 564 sociorum
797 528 879 578 ipse
895 534 933 565 et
947 540 1070 578 genus
1082 527 1177 577 ejus.
1202 526 1352 563 Deinde
1368 539 1486 563 eausa
1498 532 1558 563 est
1575 528 1732 578 scripta,

276 594 434 637 propter
447 599 562 637 quam
579 599 625 625 ea
639 588 740 626 facta
759 596 872 626 sunt:
902 588 1006 639 quod
1027 601 1161 626 aurum
1181 601 1204 625 a
1220 588 1345 625 Medis
1366 589 1403 625 in
1420 588 1731 638 Peloponnesum

276 647 392 685 vexit.
424 647 510 686 Hoc
529 648 714 699 scriptum
733 649 827 687 illud
845 656 916 687 est.
961 649 1214 688 Considerate
1235 649 1351 700 igitur
1369 663 1436 700 per
1453 650 1546 688 deos
1566 656 1605 687 et
1624 650 1733 701 cogi-

276 715 356 746 tate
376 709 589 755 vobiscum,
619 723 707 761 quae
735 723 845 749 mens
865 711 979 748 fuerit
999 711 1292 748 Atheniensium
1313 711 1412 748 illins
1445 711 1643 762 temporis,
1667 712 1733 762 qui

277 770 369 809 talia
395 770 578 818 facerent,
605 784 741 821 quaeve
761 772 942 822 dignitas.
991 772 1051 809 Illi
1081 772 1246 810 Zelitam
1278 773 1470 822 quendam
1499 773 1731 819 Arthmium,

276 844 427 870 servum
447 832 724 883 regis—Zelea
751 833 851 871 enim
882 833 986 871 Asiae
1019 840 1079 871 est
1106 833 1358 885 oppidum—,
1384 835 1488 884 quod
1516 835 1566 872 de
1588 835 1734 872 domini

275 893 460 931 mandato
491 905 627 931 aurum
645 895 813 932 vexisset
833 894 870 931 in
900 895 1227 946 Peloponnesum,
1258 908 1335 933 non
1365 897 1552 942 Athenas,
1579 896 1732 934 hostem

276 955 574 1005 pronuntiarunt
592 962 630 991 et
643 968 755 993 suum
768 962 808 993 et
818 956 1007 993 sociorum
1021 957 1148 1007 ipsum
1163 962 1202 994 et
1216 969 1339 1006 genus
1354 957 1450 1008 ejus,
1468 963 1507 994 et
1527 957 1734 1008 ignominia

276 1022 472 1054 notarunt.
504 1016 548 1052 Id
570 1029 660 1054 vero
678 1029 757 1054 non
775 1030 870 1054 mere
888 1024 948 1055 est
965 1017 1017 1063 id,
1037 1017 1140 1068 quod
1168 1018 1372 1070 quisquam
1395 1019 1643 1069 ignominiam
1663 1033 1733 1071 ap-

276 1076 460 1128 pellaret:
490 1077 583 1127 quid
603 1078 703 1115 enim
724 1078 854 1116 Zelitae
883 1079 986 1117 illius
1004 1079 1203 1125 intererat,
1233 1080 1266 1117 si
1289 1081 1486 1130 republica
1509 1081 1734 1120 Atheniensi

278 1152 355 1176 non
369 1139 584 1185 frueretur?
613 1140 796 1190 scriptum
813 1140 928 1191 igitur
942 1141 1016 1179 hoe
1036 1154 1114 1178 non
1134 1141 1230 1187 vult,
1247 1141 1316 1179 sed
1335 1141 1372 1178 in
1393 1142 1544 1192 legibus
1560 1143 1609 1180 de
1626 1143 1734 1181 caede

279 1206 341 1238 est
359 1199 433 1238 hoe
449 1200 589 1238 diserte
604 1201 786 1251 positum,
805 1214 966 1252 quorum
978 1214 1099 1240 causa
1113 1203 1302 1253 legislator
1319 1202 1491 1241 actiones
1510 1204 1628 1241 caedis
1649 1204 1735 1242 nul-

260 1261 334 1299 'las
355 1262 436 1309 dat,
455 1275 552 1313 quos
573 1269 703 1300 tamen
717 1263 892 1301 occidere
912 1264 970 1304 fas
985 1271 1079 1311 erat,
1095 1270 1142 1302 et
1160 1264 1372 1315 ignomin
1385 1265 1428 1302 ia
1447 1272 1658 1312 notatus,
1677 1266 1735 1303 in-

278 1324 375 1375 quit,
396 1337 434 1361 m
447 1324 671 1362 oriatur:
701 1325 863 1375 proinde
882 1325 1000 1363 caedis
1019 1325 1186 1364 absolvit
1204 1338 1306 1372 eum,
1331 1326 1395 1376 qui
1414 1326 1548 1363 horum
1570 1327 1735 1378 aliquem

275 1385 473 1423 occiderit.
505 1386 642 1437 Itaque
660 1389 852 1437 putabant
866 1387 919 1424 illi
940 1387 1057 1425 totius
1080 1387 1241 1425 Graeciae
1257 1387 1422 1425 salutem
1442 1388 1510 1425 sibi
1531 1402 1634 1426 curae
1647 1401 1735 1427 esse

277 1453 477 1498 oportere;
505 1461 630 1498 neque
667 1449 769 1485 enim
794 1456 1010 1495 curassent,
1040 1448 1070 1486 si
1090 1449 1175 1499 quis
1215 1449 1251 1486 in
1283 1448 1555 1499 Peloponneso
1584 1450 1736 1500 aliquos

278 1515 423 1547 emeret
447 1515 486 1547 et
503 1517 783 1561 corrumperet,
814 1510 885 1548 nisi
913 1511 966 1548 ita
986 1510 1220 1549 sensissent:
1262 1511 1476 1562 puniebant
1501 1517 1630 1549 autem
1657 1519 1737 1550 tam

277 1571 444 1622 graviter
473 1577 588 1622 atque
616 1572 689 1610 ulti
719 1578 811 1610 sunt
837 1585 917 1618 eOS‚
947 1585 1046 1623 quos
1073 1578 1318 1624 corruptores
1343 1586 1429 1610 esse
1457 1573 1738 1614 animadverte-

275 1638 373 1678 rant,
393 1638 438 1670 ut
456 1632 571 1670 etiam
589 1632 629 1671 in
649 1633 839 1672 columnis
866 1634 1164 1685 proscriberent.
1207 1633 1304 1677 Quae
1325 1647 1412 1671 cum
1432 1634 1581 1681 fierent,
1603 1635 1737 1673 merito

277 1694 431 1732 Graecia
443 1696 608 1733 barbaro
620 1702 703 1733 erat
713 1696 979 1743 formidabilis,
994 1710 1070 1734 non
1085 1697 1273 1734 barbarus
1288 1696 1452 1735 Graecis.
1491 1697 1606 1735 Nune
1622 1711 1736 1736 secus

276 1757 339 1794 fit:
369 1769 446 1794 non
468 1757 569 1794 enim
590 1757 643 1795 ita
659 1771 727 1795 vos
748 1759 842 1796 estis
863 1758 1000 1795 animis
1016 1757 1143 1796 affecti
1161 1758 1220 1796 vel
1240 1758 1278 1795 in
1298 1758 1356 1795 his
1370 1758 1429 1795 vel
1449 1759 1597 1796 caeteris
1616 1759 1652 1796 in
1678 1773 1736 1798 re-

276 1818 364 1862 bus,
386 1817 454 1855 sed
479 1818 702 1868 quomodo?
730 1819 853 1856 nostis
873 1819 969 1869 ipsi:
1000 1818 1092 1868 quid
1122 1818 1223 1856 enim
1247 1819 1382 1856 attinet
1409 1831 1478 1856 vos
1506 1819 1666 1870 singulis
1686 1820 1736 1858 de

278 1880 391 1917 rebus
412 1879 623 1917 accusare?
653 1879 800 1917 Eadem
820 1880 933 1931 plane
955 1893 1027 1918 nec
1042 1879 1176 1918 melior
1189 1888 1249 1918 est
1269 1886 1493 1917 caeterorum
1512 1880 1736 1919 Graeeorum

278 1941 449 1979 omnium
470 1941 579 1979 ratio,
618 1941 864 1992 Quapropter
876 1954 950 1992 ego
964 1954 1093 1979 assero
1113 1955 1255 1992 magna
1269 1954 1359 1979 eura
1375 1954 1489 1992 egere
1505 1949 1737 1992 praesentem

279 2014 407 2040 rerum
427 2009 569 2040 statum
590 2010 628 2040 et
653 2001 816 2053 sapienti
840 2003 1014 2040 consilio.
1054 2003 1262 2047 Quodnam
1283 2003 1369 2040 dieo
1401 2003 1612 2040 consilium?
1642 2003 1737 2042 Vul-

278 2064 377 2102 tisne
399 2069 438 2100 zzt
451 2065 548 2100 edam
562 2071 601 2101 et
620 2077 694 2101 non
716 2063 958 2101 irascemini?

699 2166 750 2216 (E
781 2167 999 2207 TABULA
1037 2168 1296 2216 RECITAT)

335 2240 398 2274 10.
429 2236 499 2274 Est
512 2242 642 2273 autem
656 2236 809 2287 ineptus
823 2236 978 2288 quidam
991 2250 1115 2275 sermo
1135 2238 1184 2275 ab
1205 2238 1249 2276 iis
1268 2238 1440 2288 prolatus
1462 2238 1526 2288 qui
1547 2239 1737 2277 consolari

277 2297 413 2335 volunt
434 2297 640 2342 civitatem,
671 2297 892 2349 Philippum
912 2299 1084 2337 nondum
1112 2312 1195 2337 esse
1220 2300 1348 2345 talem,
1373 2300 1506 2350 quales
1530 2301 1737 2350 aliquando

275 2358 419 2395 fuerint
438 2357 739 2406 Lacedaemonii,
765 2359 831 2409 qui
861 2367 900 2398 et
924 2360 1020 2398 mari
1046 2360 1338 2398 dominarentur
1365 2367 1404 2399 et
1428 2368 1529 2400 terra
1549 2363 1737 2408 universa,

275 2419 340 2471 qui
373 2432 502 2469 regem
532 2419 723 2456 Persarum
752 2420 899 2458 socium
933 2421 1131 2467 haberent,
1159 2422 1297 2472 quibus
1325 2423 1418 2460 nihil
1445 2423 1668 2462 obsisteret:
1698 2431 1738 2462 et

276 2491 406 2520 tamen
422 2481 507 2519 illos
536 2481 762 2532 repressisse
788 2490 958 2521 nostram
974 2484 1180 2529 civitatem,
1203 2491 1241 2522 et
1261 2497 1338 2522 non
1360 2486 1557 2536 abreptam
1576 2486 1693 2524 fuisse
1713 2499 1736 2524 e

277 2543 418 2580 medio.
476 2542 560 2592 Ego
580 2555 684 2588 vero,
704 2556 792 2580 cuin
816 2545 956 2588 omnia,
984 2551 1025 2582 ut
1048 2545 1087 2582 in
1107 2545 1325 2582 universum
1354 2546 1493 2592 dicam,
1513 2560 1657 2598 magna
1674 2547 1734 2585 in-

279 2610 474 2642 crementa
494 2604 678 2654 ceperint,
701 2611 740 2641 et
762 2605 846 2642 haee
867 2607 1056 2643 veteribus
1078 2607 1183 2643 nulla
1205 2620 1241 2644 re
1264 2607 1399 2645 similia
1421 2610 1510 2654 sint,
1531 2609 1625 2646 nihil
1644 2622 1732 2647 esse

276 2666 399 2715 inagis
426 2665 600 2706 arbitror.
624 2679 739 2716 quain
767 2679 825 2702 res
850 2667 1022 2711 bellicas,
1054 2675 1240 2705 mutatum
1269 2679 1304 2705 (t
1335 2677 1507 2707 auctum.
1565 2669 1734 2707 Primum

276 2729 378 2765 enim
408 2727 521 2764 audio
554 2727 872 2765 Lacedaemonios
906 2737 997 2765 tune
1032 2736 1068 2766 et
1099 2743 1229 2766 ornnes
1261 2732 1438 2774 (harcos,
1471 2739 1636 2781 quatuor
1671 2739 1738 2770 aut

276 2790 445 2839 quinque
463 2802 632 2834 menses,
649 2789 770 2839 ipsam
791 2797 1058 2840 tempestatem
1073 2791 1173 2827 mstii
1186 2804 1258 2836 ain,
1276 2792 1494 2841 [inilitasse;
1517 2805 1560 2829 ae
1581 2805 1648 2843 per
1662 2793 1737 2830 hoc

278 2851 449 2901 tempus]
476 2851 619 2901 impetu
655 2851 756 2889 sacto
784 2859 823 2889 et
850 2851 1016 2889 hostium
1042 2852 1195 2902 regione
1227 2853 1426 2890 devastata
1456 2853 1670 2903 legionibus
1700 2861 1738 2892 et
