1923 3149
281 104 356 141 302
694 96 986 136 ADVERSUS
1018 97 1312 135 LEPTINEM.

275 200 608 255 reprehendenda,
629 212 717 238 cum
737 199 990 239 demonstrari
1009 199 1150 251 poterit
1168 199 1255 236 illos
1276 198 1384 236 vobis
1405 210 1488 236 esse
1518 196 1730 236 feliciores:

277 263 461 315 quamdiu
491 268 619 300 autem
642 274 708 299 vos
737 262 970 313 benignitate
1002 262 1161 299 deorum
1194 259 1315 310 magis
1348 271 1463 309 quam
1488 258 1544 296 illi
1573 257 1732 301 floretis,

278 326 357 364 sive
375 337 596 363 communes
616 324 789 361 actiones
804 330 1039 375 spectentur,
1064 322 1141 360 sive
1162 320 1384 364 concordia,
1406 321 1484 358 sive
1503 327 1630 358 cetera
1649 332 1732 357 om-

277 387 355 431 nia,
373 399 460 436 quae
475 398 594 423 causa
609 391 669 423 est
688 398 755 423 cur
771 385 906 423 vestris
925 384 1110 422 institutis
1130 383 1330 434 neglectis,
1344 381 1410 419 illa
1427 379 1734 432 persequamini?

279 447 383 486 Nam
402 447 555 484 tametsi
575 446 653 492 illa,
674 447 703 483 si
728 447 822 483 ratio
844 453 1051 496 spectetur,
1073 444 1229 482 meliora
1247 443 1483 488 viderentur,
1511 448 1550 480 at
1568 442 1734 479 fortunae

279 515 381 547 certe
401 520 534 552 causa,
555 520 671 557 quam
690 507 798 543 hisce
814 507 872 543 usi
889 506 1088 557 propitiam
1103 504 1302 549 habuistis,
1323 511 1452 541 nostra
1464 503 1625 540 retinere
1641 514 1734 540 con-

276 569 469 608 veniebat.
500 568 617 610 Quod
636 567 667 604 si
687 566 836 604 omissis
867 567 925 603 his
947 567 1123 604 omnibus
1146 565 1184 602 id
1206 564 1409 602 dicendum
1437 570 1509 608 est,
1539 562 1643 614 quod
1671 562 1734 612 ju-

282 640 383 670 stum
405 644 489 668 csse
511 629 684 673 arbitror,
701 627 755 665 sic
777 641 849 677 ego
871 628 1042 665 dixerim.
1087 628 1175 664 Non
1199 627 1349 678 justum
1373 633 1446 671 est,
1466 624 1738 669 Athenienses,

282 690 676 734 Lacedaemoniorum,
706 696 772 726 aut
805 688 1080 726 Thebanorum
1113 687 1220 738 leges
1254 687 1478 738 praedicare‚
1510 686 1559 724 ad
1585 692 1737 723 nostras

278 754 397 792 hasce
430 750 745 789 labefactandas:
775 761 901 799 neque
923 756 1222 787 consentaneum
1251 756 1322 794 est,
1351 761 1437 786 cum
1466 761 1551 785 eum
1573 746 1638 797 qui
1662 745 1737 783 tale

280 813 423 864 aliquid
437 812 541 863 apud
556 824 625 849 nos
640 810 935 856 machinaretur,
952 823 1019 861 per
1033 823 1119 860 quae
1134 810 1187 847 illi
1201 810 1331 860 magni
1347 816 1450 855 sunt,
1466 809 1737 858 interemptum

281 876 452 918 velletis;
482 887 618 912 vocem
636 881 764 911 tamen
795 874 878 922 ejus
906 872 1112 918 sustinere,
1134 872 1199 922 qui
1220 884 1267 909 ea
1284 870 1368 909 tolli
1395 877 1434 908 et
1460 870 1601 907 aboleri
1614 869 1738 917 jubet,

282 937 322 975 in
342 937 479 988 quibus
494 935 634 987 Populi
654 934 817 973 felicitas
838 933 1029 972 consistit.

335 1001 402 1037 24.
433 999 478 1035 In
496 1003 674 1048 promptu
694 995 766 1034 illis
786 1002 847 1033 est
865 994 980 1034 etiam
997 995 1072 1034 alia
1092 994 1203 1040 ratio,
1224 994 1329 1044 apud
1348 1006 1419 1031 nos
1440 994 1627 1041 majorum
1641 1004 1738 1042 quo-

283 1074 359 1112 que
390 1066 608 1098 nostrorum
641 1058 876 1109 temporibus
904 1056 1094 1108 quosdam
1125 1055 1309 1109 praeclare
1338 1068 1379 1092 se
1401 1054 1583 1105 gessisse,
1603 1053 1741 1104 quibus

282 1124 360 1161 tale
381 1121 474 1160 nihil
495 1121 664 1159 delatum
696 1120 757 1167 sit,
779 1118 849 1157 sed
877 1131 943 1158 eos
962 1118 1053 1157 boni
1083 1116 1322 1156 consuluisse
1351 1115 1641 1167 inscriptionem
1673 1113 1743 1152 ali-

285 1199 400 1237 quam
419 1185 459 1223 in
474 1185 612 1222 statuis
633 1182 930 1222 Mercurialibus
947 1194 956 1219 t
986 1187 1025 1219 et
1044 1181 1207 1219 fortasse
1224 1180 1330 1218 vobis
1354 1179 1521 1230 aliquem
1546 1178 1664 1216 talem
1684 1177 1742 1215 in-

286 1247 530 1298 scriptionem
569 1258 616 1283 ex
646 1245 692 1282 iis
728 1243 919 1282 recitabit.
968 1243 1053 1293 Ego
1090 1255 1194 1288 vero,
1227 1241 1497 1286 Athenienses,
1522 1238 1653 1277 multis
1695 1239 1743 1276 de

285 1310 414 1347 causis
440 1308 526 1345 haec
556 1305 774 1357 reipublicae
793 1304 987 1350 inutiliter,
1010 1311 1126 1354 atque
1156 1304 1271 1342 etiam
1304 1303 1460 1354 injuste,
1487 1301 1562 1339 diei
1587 1313 1742 1338 censeo.

287 1371 389 1408 Nam
409 1369 440 1408 si
459 1368 544 1420 quis
563 1368 648 1405 illos
669 1380 820 1418 quoque
837 1366 982 1405 honore
1004 1365 1184 1416 indignos
1203 1365 1323 1402 fuisse
1343 1363 1496 1409 dixerit,
1516 1363 1633 1408 dicat,
1659 1361 1745 1412 quis

286 1433 426 1483 dignus
442 1432 514 1469 sit:
545 1431 594 1481 [si
609 1442 736 1479 neque
755 1435 844 1466 ante
863 1428 961 1474 illos,
979 1441 1104 1477 neque
1122 1433 1213 1477 post
1231 1425 1475 1477 quisquamz]
1504 1424 1608 1474 quod
1629 1424 1661 1460 si
1678 1436 1746 1461 ne-

286 1494 427 1531 minem
446 1491 601 1529 omnino
625 1491 743 1536 dicet,
766 1488 947 1540 equidem
969 1488 1071 1526 urbis
1093 1494 1237 1526 nostrae
1267 1487 1389 1525 vicem
1415 1486 1528 1523 doleo
1554 1485 1747 1523 neminem

287 1554 465 1594 omnibus
496 1551 647 1591 saeculis
680 1551 867 1589 beneficio
905 1551 1065 1601 dignum
1099 1549 1312 1588 exstitisse.
1361 1549 1416 1586 At
1448 1548 1480 1586 si
1517 1553 1748 1598 praestantes

285 1618 385 1656 viros
403 1629 471 1653 eos
490 1614 611 1652 fuisse
639 1612 832 1658 fatebitur,
852 1619 889 1650 et
909 1612 1003 1649 nihil
1031 1618 1161 1649 tamen
1190 1624 1277 1649 esse
1306 1604 1538 1649 consecutos
1556 1609 1750 1654 ostendet,

288 1679 481 1717 civitatem
502 1675 633 1725 utique
654 1680 814 1711 accusat
839 1673 1141 1722 ingratitudinis.
1188 1672 1401 1710 Plurimum
1429 1684 1519 1709 vero
1549 1671 1673 1714 abest,
1707 1676 1752 1707 ut

288 1741 375 1778 haec
389 1740 441 1777 ita
459 1739 560 1776 sint:
592 1736 661 1774 sed
681 1735 713 1773 si
732 1734 818 1785 quis
840 1733 1029 1771 malitiose
1050 1746 1095 1770 ac
1114 1733 1381 1770 fraudulenter
1399 1733 1612 1770 orationem
1631 1732 1670 1769 in
1690 1745 1750 1770 res

290 1816 366 1842 non
394 1800 666 1840 convenientes
686 1795 937 1841 transtulerit,
967 1795 1075 1833 aliter
1102 1794 1275 1844 profecto
1294 1794 1375 1831 fieri
1399 1805 1476 1830 non
1496 1799 1638 1844 potest,
1657 1793 1750 1843 quin

291 1878 337 1902 ea
354 1863 518 1902 molesta
536 1868 576 1899 et
593 1857 761 1897 absurda
786 1856 976 1895 videatur.
1021 1855 1107 1905 Ego
1127 1867 1230 1899 ver0,
1252 1854 1357 1905 quod
1377 1867 1532 1905 aequum
1562 1861 1601 1892 et
1619 1867 1751 1892 verum

291 1932 363 1972 est,
378 1925 417 1963 id
435 1924 485 1962 ad
505 1935 573 1961 vos
592 1920 732 1958 dicam.
762 1918 937 1956 Fuerunt
952 1916 1139 1967 superiori
1158 1923 1273 1954 aetate
1288 1916 1399 1954 multi
1417 1916 1487 1954 viri
1506 1922 1753 1967 praestantes,

292 1995 331 2026 et
350 2000 418 2025 eos
438 1985 552 2024 etiam
571 1990 651 2021 tum
671 1994 772 2032 resp.
801 1986 935 2017 nostra
965 1979 1189 2017 honoravit:
1218 1978 1385 2016 honores
1416 1978 1532 2028 igitur
1561 1984 1600 2015 et
1624 1984 1754 2016 cetera

293 2049 423 2087 omnia
439 2047 596 2091 fiebant,
614 2056 683 2095 pro
703 2042 802 2080 illius
821 2041 947 2079 aetatis
964 2039 1258 2085 consuetudine,
1275 2052 1379 2077 nunc
1396 2052 1486 2077 vero
1499 2046 1632 2077 nostro
1649 2052 1754 2077 more

294 2115 479 2162 geruntur
498 2106 645 2145 eadem.
676 2104 764 2148 Qua
792 2103 907 2153 igitur
936 2103 1011 2140 hoc
1031 2102 1079 2139 de
1099 2114 1218 2140 causa
1237 2100 1352 2139 dico?
1382 2100 1484 2144 Quia
1503 2099 1662 2138 dixerim
1681 2112 1755 2150 ego

294 2173 380 2211 illos
399 2170 506 2215 nihil,
531 2167 636 2220 quod
654 2166 883 2210 voluissent,
905 2178 928 2202 a
949 2164 1104 2202 civitate
1131 2177 1209 2202 non
1231 2164 1470 2214 impetrasse.
1517 2162 1609 2205 Quo
1639 2174 1754 2211 argu-

296 2240 426 2272 mento
445 2232 484 2270 id
502 2228 670 2280 colligo?
701 2227 801 2270 Quia
830 2225 1072 2278 Lysimacho,
1101 2225 1169 2263 uni
1199 2225 1301 2262 illius
1322 2223 1504 2274 temporis
1536 2222 1602 2272 qui
1626 2222 1754 2272 reipu-

294 2295 406 2333 blicae
417 2294 626 2345 profuerat,
642 2296 798 2328 centum
816 2289 855 2326 in
877 2288 1027 2326 Euboea
1040 2287 1182 2338 jugera
1202 2285 1400 2324 arboribus
1421 2284 1557 2322 consiti
1577 2283 1662 2328 soli,
1680 2289 1756 2321 tot-

296 2357 477 2406 idemque
509 2353 603 2391 nudi
636 2351 840 2395 dederunt,
873 2355 1136 2400 praetereaque
1166 2353 1322 2386 centum
1353 2346 1506 2396 argenti
1545 2344 1686 2390 minas,
1719 2351 1760 2383 et

299 2425 503 2470 quaternas
520 2414 722 2452 drachmas
738 2413 776 2450 in
796 2410 879 2449 dics
901 2409 1089 2460 singulos.
1121 2411 1179 2447 Ac
1199 2409 1248 2446 de
1268 2408 1327 2445 his
1343 2407 1556 2445 Alcibiadis
1577 2413 1756 2445 senatus-

300 2479 519 2518 consultum
539 2482 677 2520 exstat,
698 2474 735 2511 in
754 2485 830 2523 quo
849 2472 935 2509 haec
954 2471 1096 2522 scripta
1116 2476 1218 2508 sunt.
1263 2469 1297 2507 T
1303 2482 1373 2506 unc
1395 2469 1496 2507 enim
1517 2475 1649 2507 nostra
1668 2470 1758 2506 urbs

301 2548 339 2580 et
358 2539 529 2592 pecuniis
545 2544 584 2575 ct
602 2548 694 2587 agro
721 2533 970 2572 abundabat:
1000 2544 1104 2570 nuuc
1126 2545 1213 2569 vcro
1241 2530 1476 2574 abundabit;
1508 2530 1563 2568 sic
1582 2530 1682 2568 enim
1702 2529 1759 2568 lo-

302 2602 498 2654 quendum
528 2605 600 2646 est,
618 2606 659 2635 et
683 2609 761 2634 non
788 2593 1096 2633 conviciandum.
1143 2593 1345 2631 Enimvero
1371 2605 1485 2642 quem
1513 2605 1590 2630 non
1615 2591 1760 2643 putatis

303 2678 407 2704 nunc
440 2663 591 2703 tertiam
626 2660 776 2698 illorum
810 2665 958 2708 partem
991 2655 1219 2694 immunitati
1246 2654 1520 2706 proelaturum?
1554 2654 1607 2692 Ut
1633 2659 1759 2691 autem

303 2730 388 2766 haec
410 2740 432 2766 a
453 2739 513 2766 me
532 2737 623 2763 vere
642 2721 717 2761 dici
738 2725 933 2772 appareat,
953 2731 1047 2770 cape
1070 2717 1445 2757 senatusconsultum
1465 2715 1582 2754 istud.
1611 2714 1761 2753 Recita.
