<?xml version="1.0" encoding="UTF-8"?>
<!DOCTYPE html PUBLIC "-//W3C//DTD XHTML 1.0 Transitional//EN"
    "http://www.w3.org/TR/xhtml1/DTD/xhtml1-transitional.dtd">
<html xmlns="http://www.w3.org/1999/xhtml" xml:lang="en" lang="en">
 <head>
  <title>
</title>
<meta http-equiv="Content-Type" content="text/html;charset=utf-8" />
  <meta name='ocr-system' content='tesseract 3.04.00' />
  <meta name='ocr-capabilities' content='ocr_page ocr_carea ocr_par ocr_line ocrx_word'/>
</head>
<body>
  <div class='ocr_page' id='page_1' title='image "./oratoresatticie15dobs_0119.png"; bbox 0 0 1923 3149; ppageno 0'>
   <div class='ocr_carea' id='block_1_1' title="bbox 634 239 1568 282">
    <p class='ocr_par' dir='ltr' id='par_1_1' title="bbox 634 239 1568 282">
     <span class='ocr_line' id='line_1_1' title="bbox 634 239 1568 282; baseline -0.01 1"><span class='ocrx_word' id='word_1_1' title='bbox 634 243 943 282; x_wconf 85' lang='lat' dir='ltr'>PHILIPPICA</span> <span class='ocrx_word' id='word_1_2' title='bbox 975 243 1043 280; x_wconf 87' lang='lat' dir='ltr'>IV.</span> <span class='ocrx_word' id='word_1_3' title='bbox 1495 239 1568 275; x_wconf 84' lang='lat'>105</span> 
     </span>
    </p>
   </div>
   <div class='ocr_carea' id='block_1_2' title="bbox 113 340 1588 3029">
    <p class='ocr_par' dir='ltr' id='par_1_2' title="bbox 113 340 1576 1133">
     <span class='ocr_line' id='line_1_2' title="bbox 114 340 1566 399; baseline -0.006 -13"><span class='ocrx_word' id='word_1_4' title='bbox 114 360 254 386; x_wconf 84' lang='lat' dir='ltr'>censeo</span> <span class='ocrx_word' id='word_1_5' title='bbox 293 348 629 399; x_wconf 83' lang='lat' dir='ltr'>reprehendendos</span> <span class='ocrx_word' id='word_1_6' title='bbox 646 361 655 386; x_wconf 73' lang='grc' dir='ltr'><strong>ι</strong></span> <span class='ocrx_word' id='word_1_7' title='bbox 699 360 822 398; x_wconf 87' lang='lat' dir='ltr'>neque</span> <span class='ocrx_word' id='word_1_8' title='bbox 861 346 961 384; x_wconf 85' lang='lat' dir='ltr'>enim</span> <span class='ocrx_word' id='word_1_9' title='bbox 999 345 1037 382; x_wconf 88' lang='lat' dir='ltr'>in</span> <span class='ocrx_word' id='word_1_10' title='bbox 1070 344 1225 395; x_wconf 85' lang='lat' dir='ltr'>privatis</span> <span class='ocrx_word' id='word_1_11' title='bbox 1258 343 1409 380; x_wconf 85' lang='lat' dir='ltr'>familiis</span> <span class='ocrx_word' id='word_1_12' title='bbox 1437 340 1566 378; x_wconf 88' lang='lat' dir='ltr'>adole-</span> 
     </span>
     <span class='ocr_line' id='line_1_3' title="bbox 115 403 1567 461; baseline -0.005 -15"><span class='ocrx_word' id='word_1_13' title='bbox 115 416 288 448; x_wconf 84' lang='lat' dir='ltr'>scentem</span> <span class='ocrx_word' id='word_1_14' title='bbox 318 423 410 461; x_wconf 86' lang='lat' dir='ltr'>erga</span> <span class='ocrx_word' id='word_1_15' title='bbox 443 410 614 448; x_wconf 82' lang='lat' dir='ltr'>seniores</span> <span class='ocrx_word' id='word_1_16' title='bbox 643 409 696 447; x_wconf 85' lang='lat' dir='ltr'>ita</span> <span class='ocrx_word' id='word_1_17' title='bbox 723 408 903 446; x_wconf 82' lang='lat' dir='ltr'>affectum</span> <span class='ocrx_word' id='word_1_18' title='bbox 943 419 1029 444; x_wconf 84' lang='lat' dir='ltr'>esse</span> <span class='ocrx_word' id='word_1_19' title='bbox 1062 404 1188 451; x_wconf 85' lang='lat' dir='ltr'>video,</span> <span class='ocrx_word' id='word_1_20' title='bbox 1215 417 1339 454; x_wconf 86' lang='lat' dir='ltr'>neque</span> <span class='ocrx_word' id='word_1_21' title='bbox 1373 403 1472 441; x_wconf 85' lang='lat' dir='ltr'>adeo</span> <span class='ocrx_word' id='word_1_22' title='bbox 1502 414 1567 439; x_wconf 90' lang='lat' dir='ltr'>ve-</span> 
     </span>
     <span class='ocr_line' id='line_1_4' title="bbox 113 464 1567 522; baseline -0.006 -14"><span class='ocrx_word' id='word_1_23' title='bbox 113 470 267 508; x_wconf 88' lang='lat' dir='ltr'>cordem</span> <span class='ocrx_word' id='word_1_24' title='bbox 302 479 369 509; x_wconf 89' lang='lat' dir='ltr'>aut</span> <span class='ocrx_word' id='word_1_25' title='bbox 398 472 581 522; x_wconf 88' lang='lat' dir='ltr'>ineptum,</span> <span class='ocrx_word' id='word_1_26' title='bbox 611 477 666 516; x_wconf 91' lang='lat' dir='ltr'>ut,</span> <span class='ocrx_word' id='word_1_27' title='bbox 697 470 768 507; x_wconf 87' lang='lat' dir='ltr'>nisi</span> <span class='ocrx_word' id='word_1_28' title='bbox 799 481 932 507; x_wconf 90' lang='lat' dir='ltr'>omnes</span> <span class='ocrx_word' id='word_1_29' title='bbox 961 481 1006 505; x_wconf 88' lang='lat' dir='ltr'>ea</span> <span class='ocrx_word' id='word_1_30' title='bbox 1037 473 1156 517; x_wconf 85' lang='lat' dir='ltr'>agant</span> <span class='ocrx_word' id='word_1_31' title='bbox 1186 478 1272 516; x_wconf 89' lang='lat' dir='ltr'>quae</span> <span class='ocrx_word' id='word_1_32' title='bbox 1298 465 1379 516; x_wconf 89' lang='lat' dir='ltr'>ipse</span> <span class='ocrx_word' id='word_1_33' title='bbox 1411 464 1504 515; x_wconf 80' lang='lat' dir='ltr'>agit,</span> <span class='ocrx_word' id='word_1_34' title='bbox 1525 476 1567 501; x_wconf 88' lang='lat' dir='ltr'>se</span> 
     </span>
     <span class='ocr_line' id='line_1_5' title="bbox 114 526 1569 584; baseline -0.005 -15"><span class='ocrx_word' id='word_1_35' title='bbox 114 544 267 582; x_wconf 88' lang='lat' dir='ltr'>quoque</span> <span class='ocrx_word' id='word_1_36' title='bbox 299 540 414 584; x_wconf 81' lang='lat' dir='ltr'>neget</span> <span class='ocrx_word' id='word_1_37' title='bbox 438 541 611 571; x_wconf 86' lang='lat' dir='ltr'>acturum</span> <span class='ocrx_word' id='word_1_38' title='bbox 630 546 713 570; x_wconf 88' lang='lat' dir='ltr'>esse</span> <span class='ocrx_word' id='word_1_39' title='bbox 733 531 964 582; x_wconf 82' lang='lat' dir='ltr'>quicquam:</span> <span class='ocrx_word' id='word_1_40' title='bbox 995 530 1026 567; x_wconf 87' lang='lat' dir='ltr'>is</span> <span class='ocrx_word' id='word_1_41' title='bbox 1047 529 1146 566; x_wconf 91' lang='lat' dir='ltr'>enim</span> <span class='ocrx_word' id='word_1_42' title='bbox 1167 535 1249 566; x_wconf 87' lang='lat' dir='ltr'>turn</span> <span class='ocrx_word' id='word_1_43' title='bbox 1279 527 1428 577; x_wconf 85' lang='lat' dir='ltr'>legibus</span> <span class='ocrx_word' id='word_1_44' title='bbox 1457 526 1569 576; x_wconf 86' lang='lat' dir='ltr'>impi-</span> 
     </span>
     <span class='ocr_line' id='line_1_6' title="bbox 115 587 1568 638; baseline -0.004 -8"><span class='ocrx_word' id='word_1_45' title='bbox 115 594 228 631; x_wconf 87' lang='lat' dir='ltr'>etatis</span> <span class='ocrx_word' id='word_1_46' title='bbox 253 600 466 632; x_wconf 87' lang='lat' dir='ltr'>teneretur:</span> <span class='ocrx_word' id='word_1_47' title='bbox 497 594 631 632; x_wconf 81' lang='lat' dir='ltr'>decere</span> <span class='ocrx_word' id='word_1_48' title='bbox 659 594 760 631; x_wconf 84' lang='lat' dir='ltr'>enim</span> <span class='ocrx_word' id='word_1_49' title='bbox 786 605 941 637; x_wconf 84' lang='lat' dir='ltr'>censeo,</span> <span class='ocrx_word' id='word_1_50' title='bbox 966 591 1214 629; x_wconf 76' lang='lat' dir='ltr'>constitutam</span> <span class='ocrx_word' id='word_1_51' title='bbox 1239 591 1286 627; x_wconf 88' lang='lat' dir='ltr'>ab</span> <span class='ocrx_word' id='word_1_52' title='bbox 1316 596 1478 638; x_wconf 87' lang='lat' dir='ltr'>utraque</span> <span class='ocrx_word' id='word_1_53' title='bbox 1500 587 1568 625; x_wconf 88' lang='lat' dir='ltr'>sti—</span> 
     </span>
     <span class='ocr_line' id='line_1_7' title="bbox 114 648 1570 706; baseline -0.005 -14"><span class='ocrx_word' id='word_1_54' title='bbox 114 667 217 704; x_wconf 87' lang='lat' dir='ltr'><strong>pem,</strong></span> <span class='ocrx_word' id='word_1_55' title='bbox 241 662 279 692; x_wconf 88' lang='lat' dir='ltr'>ct</span> <span class='ocrx_word' id='word_1_56' title='bbox 298 669 320 692; x_wconf 91' lang='lat' dir='ltr'>a</span> <span class='ocrx_word' id='word_1_57' title='bbox 339 662 474 693; x_wconf 84' lang='lat' dir='ltr'>natura</span> <span class='ocrx_word' id='word_1_58' title='bbox 498 662 538 692; x_wconf 85' lang='lat' dir='ltr'>ct</span> <span class='ocrx_word' id='word_1_59' title='bbox 564 668 587 692; x_wconf 91' lang='lat' dir='ltr'>a</span> <span class='ocrx_word' id='word_1_60' title='bbox 612 655 711 706; x_wconf 77' lang='lat' dir='ltr'>lege,</span> <span class='ocrx_word' id='word_1_61' title='bbox 733 655 837 705; x_wconf 85' lang='lat' dir='ltr'>juste</span> <span class='ocrx_word' id='word_1_62' title='bbox 858 653 979 698; x_wconf 85' lang='lat' dir='ltr'><strong>reddi,</strong></span> <span class='ocrx_word' id='word_1_63' title='bbox 1000 659 1040 689; x_wconf 93' lang='lat' dir='ltr'>et</span> <span class='ocrx_word' id='word_1_64' title='bbox 1060 652 1161 690; x_wconf 90' lang='lat' dir='ltr'>ultro</span> <span class='ocrx_word' id='word_1_65' title='bbox 1182 651 1313 702; x_wconf 84' lang='lat' dir='ltr'>pendi.</span> <span class='ocrx_word' id='word_1_66' title='bbox 1370 650 1480 686; x_wconf 85' lang='lat' dir='ltr'>Sicut</span> <span class='ocrx_word' id='word_1_67' title='bbox 1500 648 1570 698; x_wconf 76' lang='lat' dir='ltr'>igi-</span> 
     </span>
     <span class='ocr_line' id='line_1_8' title="bbox 114 709 1574 768; baseline -0.005 -15"><span class='ocrx_word' id='word_1_68' title='bbox 114 722 177 754; x_wconf 87' lang='lat' dir='ltr'>tur</span> <span class='ocrx_word' id='word_1_69' title='bbox 196 717 496 768; x_wconf 78' lang='lat' dir='ltr'>uniuscujusque</span> <span class='ocrx_word' id='word_1_70' title='bbox 517 722 689 755; x_wconf 88' lang='lat' dir='ltr'>nostrum</span> <span class='ocrx_word' id='word_1_71' title='bbox 710 729 848 767; x_wconf 82' lang='lat' dir='ltr'>parens</span> <span class='ocrx_word' id='word_1_72' title='bbox 871 720 931 752; x_wconf 89' lang='lat' dir='ltr'>est</span> <span class='ocrx_word' id='word_1_73' title='bbox 945 714 1094 764; x_wconf 85' lang='lat' dir='ltr'>aliquis,</span> <span class='ocrx_word' id='word_1_74' title='bbox 1117 714 1170 751; x_wconf 93' lang='lat' dir='ltr'>sic</span> <span class='ocrx_word' id='word_1_75' title='bbox 1195 712 1383 750; x_wconf 77' lang='lat' dir='ltr'>universae</span> <span class='ocrx_word' id='word_1_76' title='bbox 1409 709 1574 748; x_wconf 88' lang='lat' dir='ltr'>civitatis</span> 
     </span>
     <span class='ocr_line' id='line_1_9' title="bbox 115 771 1576 828; baseline -0.004 -14"><span class='ocrx_word' id='word_1_77' title='bbox 115 789 339 814; x_wconf 88' lang='lat' dir='ltr'>communes</span> <span class='ocrx_word' id='word_1_78' title='bbox 375 784 551 828; x_wconf 84' lang='lat' dir='ltr'>parentes</span> <span class='ocrx_word' id='word_1_79' title='bbox 579 777 680 815; x_wconf 90' lang='lat' dir='ltr'>cives</span> <span class='ocrx_word' id='word_1_80' title='bbox 713 776 878 814; x_wconf 83' lang='lat' dir='ltr'>universi</span> <span class='ocrx_word' id='word_1_81' title='bbox 909 782 999 813; x_wconf 90' lang='lat' dir='ltr'>sunt</span> <span class='ocrx_word' id='word_1_82' title='bbox 1030 774 1296 812; x_wconf 84' lang='lat' dir='ltr'>existimandi:</span> <span class='ocrx_word' id='word_1_83' title='bbox 1327 781 1455 824; x_wconf 91' lang='lat' dir='ltr'>atque,</span> <span class='ocrx_word' id='word_1_84' title='bbox 1477 771 1576 810; x_wconf 89' lang='lat' dir='ltr'>adeo</span> 
     </span>
     <span class='ocr_line' id='line_1_10' title="bbox 116 832 1575 890; baseline -0.003 -15"><span class='ocrx_word' id='word_1_85' title='bbox 116 851 193 875; x_wconf 90' lang='lat' dir='ltr'>non</span> <span class='ocrx_word' id='word_1_86' title='bbox 212 838 447 889; x_wconf 88' lang='lat' dir='ltr'>eripiendum</span> <span class='ocrx_word' id='word_1_87' title='bbox 482 839 537 876; x_wconf 90' lang='lat' dir='ltr'>eis</span> <span class='ocrx_word' id='word_1_88' title='bbox 567 840 772 890; x_wconf 86' lang='lat' dir='ltr'>quicquam</span> <span class='ocrx_word' id='word_1_89' title='bbox 804 845 876 884; x_wconf 82' lang='lat' dir='ltr'>est,</span> <span class='ocrx_word' id='word_1_90' title='bbox 895 837 998 888; x_wconf 89' lang='lat' dir='ltr'>quod</span> <span class='ocrx_word' id='word_1_91' title='bbox 1018 836 1235 887; x_wconf 83' lang='lat' dir='ltr'>respublica</span> <span class='ocrx_word' id='word_1_92' title='bbox 1254 836 1435 886; x_wconf 61' lang='lat' dir='ltr'>largitum</span> <span class='ocrx_word' id='word_1_93' title='bbox 1466 842 1522 879; x_wconf 88' lang='lat' dir='ltr'>ut,</span> <span class='ocrx_word' id='word_1_94' title='bbox 1542 832 1575 871; x_wconf 91' lang='lat' dir='ltr'>si</span> 
     </span>
     <span class='ocr_line' id='line_1_11' title="bbox 114 898 1575 950; baseline -0.003 -13"><span class='ocrx_word' id='word_1_95' title='bbox 114 900 249 938; x_wconf 89' lang='lat' dir='ltr'>horum</span> <span class='ocrx_word' id='word_1_96' title='bbox 266 899 357 937; x_wconf 90' lang='lat' dir='ltr'>nihil</span> <span class='ocrx_word' id='word_1_97' title='bbox 377 900 497 946; x_wconf 88' lang='lat' dir='ltr'>fieret,</span> <span class='ocrx_word' id='word_1_98' title='bbox 514 900 566 937; x_wconf 91' lang='lat' dir='ltr'>eis</span> <span class='ocrx_word' id='word_1_99' title='bbox 588 900 742 938; x_wconf 82' lang='lat' dir='ltr'>aliunde</span> <span class='ocrx_word' id='word_1_100' title='bbox 763 898 1077 950; x_wconf 86' lang='lat' dir='ltr'>prospiciendum</span> <span class='ocrx_word' id='word_1_101' title='bbox 1098 904 1215 942; x_wconf 90' lang='lat' dir='ltr'>esset,</span> <span class='ocrx_word' id='word_1_102' title='bbox 1237 911 1286 935; x_wconf 91' lang='lat' dir='ltr'>ne</span> <span class='ocrx_word' id='word_1_103' title='bbox 1306 910 1384 947; x_wconf 89' lang='lat' dir='ltr'>qua</span> <span class='ocrx_word' id='word_1_104' title='bbox 1401 909 1441 933; x_wconf 92' lang='lat' dir='ltr'>re</span> <span class='ocrx_word' id='word_1_105' title='bbox 1455 907 1575 946; x_wconf 85' lang='lat' dir='ltr'>egen-</span> 
     </span>
     <span class='ocr_line' id='line_1_12' title="bbox 115 958 1576 1012; baseline -0.003 -13"><span class='ocrx_word' id='word_1_106' title='bbox 115 967 174 999; x_wconf 85' lang='lat' dir='ltr'>tes</span> <span class='ocrx_word' id='word_1_107' title='bbox 194 961 452 1011; x_wconf 79' lang='lat' dir='ltr'>negligantur.</span> <span class='ocrx_word' id='word_1_108' title='bbox 509 961 624 1004; x_wconf 83' lang='lat' dir='ltr'>Quod</span> <span class='ocrx_word' id='word_1_109' title='bbox 643 961 675 998; x_wconf 87' lang='lat' dir='ltr'>si</span> <span class='ocrx_word' id='word_1_110' title='bbox 695 961 909 1012; x_wconf 82' lang='lat' dir='ltr'>locupletes</span> <span class='ocrx_word' id='word_1_111' title='bbox 929 960 967 996; x_wconf 89' lang='lat' dir='ltr'>in</span> <span class='ocrx_word' id='word_1_112' title='bbox 987 959 1060 997; x_wconf 89' lang='lat' dir='ltr'>hac</span> <span class='ocrx_word' id='word_1_113' title='bbox 1089 958 1283 996; x_wconf 90' lang='lat' dir='ltr'>sententia</span> <span class='ocrx_word' id='word_1_114' title='bbox 1300 958 1389 1004; x_wconf 89' lang='lat' dir='ltr'>sint,</span> <span class='ocrx_word' id='word_1_115' title='bbox 1409 970 1475 995; x_wconf 92' lang='lat' dir='ltr'>eos</span> <span class='ocrx_word' id='word_1_116' title='bbox 1495 969 1576 994; x_wconf 91' lang='lat' dir='ltr'>non</span> 
     </span>
     <span class='ocr_line' id='line_1_13' title="bbox 117 1020 1576 1073; baseline -0.003 -13"><span class='ocrx_word' id='word_1_117' title='bbox 117 1022 232 1060; x_wconf 87' lang='lat' dir='ltr'>modo</span> <span class='ocrx_word' id='word_1_118' title='bbox 253 1036 367 1073; x_wconf 83' lang='lat' dir='ltr'>aequa</span> <span class='ocrx_word' id='word_1_119' title='bbox 387 1023 557 1061; x_wconf 81' lang='lat' dir='ltr'>facturos</span> <span class='ocrx_word' id='word_1_120' title='bbox 580 1029 687 1072; x_wconf 88' lang='lat' dir='ltr'>puto,</span> <span class='ocrx_word' id='word_1_121' title='bbox 708 1022 776 1059; x_wconf 90' lang='lat' dir='ltr'>sed</span> <span class='ocrx_word' id='word_1_122' title='bbox 810 1021 919 1059; x_wconf 88' lang='lat' dir='ltr'>utilia</span> <span class='ocrx_word' id='word_1_123' title='bbox 938 1033 1116 1070; x_wconf 88' lang='lat' dir='ltr'>quoque:</span> <span class='ocrx_word' id='word_1_124' title='bbox 1146 1032 1236 1057; x_wconf 85' lang='lat' dir='ltr'>nam</span> <span class='ocrx_word' id='word_1_125' title='bbox 1256 1020 1372 1057; x_wconf 89' lang='lat' dir='ltr'>rebus</span> <span class='ocrx_word' id='word_1_126' title='bbox 1392 1030 1576 1056; x_wconf 89' lang='lat' dir='ltr'>necessa-</span> 
     </span>
     <span class='ocr_line' id='line_1_14' title="bbox 118 1079 1575 1133; baseline -0.003 -13"><span class='ocrx_word' id='word_1_127' title='bbox 118 1083 182 1121; x_wconf 87' lang='lat' dir='ltr'>riis</span> <span class='ocrx_word' id='word_1_128' title='bbox 203 1084 380 1121; x_wconf 85' lang='lat' dir='ltr'>fraudare</span> <span class='ocrx_word' id='word_1_129' title='bbox 402 1083 565 1133; x_wconf 84' lang='lat' dir='ltr'>aliquOS,</span> <span class='ocrx_word' id='word_1_130' title='bbox 586 1082 625 1120; x_wconf 86' lang='lat' dir='ltr'>id</span> <span class='ocrx_word' id='word_1_131' title='bbox 646 1082 792 1120; x_wconf 88' lang='lat' dir='ltr'>efficere</span> <span class='ocrx_word' id='word_1_132' title='bbox 806 1090 878 1128; x_wconf 89' lang='lat' dir='ltr'>est,</span> <span class='ocrx_word' id='word_1_133' title='bbox 899 1090 939 1119; x_wconf 92' lang='lat' dir='ltr'>ut</span> <span class='ocrx_word' id='word_1_134' title='bbox 960 1081 1178 1132; x_wconf 86' lang='lat' dir='ltr'>reipublicae</span> <span class='ocrx_word' id='word_1_135' title='bbox 1198 1081 1309 1119; x_wconf 89' lang='lat' dir='ltr'>multi</span> <span class='ocrx_word' id='word_1_136' title='bbox 1329 1080 1431 1118; x_wconf 86' lang='lat' dir='ltr'>male</span> <span class='ocrx_word' id='word_1_137' title='bbox 1446 1079 1575 1118; x_wconf 86' lang='lat' dir='ltr'>velint.</span> 
     </span>
    </p>

    <p class='ocr_par' dir='ltr' id='par_1_3' title="bbox 115 1141 1586 2238">
     <span class='ocr_line' id='line_1_15' title="bbox 176 1141 1576 1195; baseline -0.002 -14"><span class='ocrx_word' id='word_1_138' title='bbox 176 1146 236 1183; x_wconf 91' lang='lat' dir='ltr'>ll.</span> <span class='ocrx_word' id='word_1_139' title='bbox 266 1144 450 1195; x_wconf 91' lang='lat' dir='ltr'>Inopibus</span> <span class='ocrx_word' id='word_1_140' title='bbox 468 1150 594 1182; x_wconf 90' lang='lat' dir='ltr'>autem</span> <span class='ocrx_word' id='word_1_141' title='bbox 615 1143 814 1189; x_wconf 79' lang='lat' dir='ltr'>suaserim,</span> <span class='ocrx_word' id='word_1_142' title='bbox 836 1150 879 1181; x_wconf 90' lang='lat' dir='ltr'>ut</span> <span class='ocrx_word' id='word_1_143' title='bbox 899 1157 985 1194; x_wconf 83' lang='lat' dir='ltr'>quae</span> <span class='ocrx_word' id='word_1_144' title='bbox 1013 1156 1073 1181; x_wconf 87' lang='lat' dir='ltr'>res</span> <span class='ocrx_word' id='word_1_145' title='bbox 1093 1143 1350 1194; x_wconf 83' lang='lat' dir='ltr'>locupletibus</span> <span class='ocrx_word' id='word_1_146' title='bbox 1369 1141 1475 1180; x_wconf 89' lang='lat' dir='ltr'>oneri</span> <span class='ocrx_word' id='word_1_147' title='bbox 1502 1148 1576 1188; x_wconf 89' lang='lat' dir='ltr'>est,</span> 
     </span>
     <span class='ocr_line' id='line_1_16' title="bbox 118 1203 1576 1256; baseline -0.001 -14"><span class='ocrx_word' id='word_1_148' title='bbox 118 1212 158 1243; x_wconf 88' lang='lat' dir='ltr'>et</span> <span class='ocrx_word' id='word_1_149' title='bbox 173 1205 221 1242; x_wconf 89' lang='lat' dir='ltr'>de</span> <span class='ocrx_word' id='word_1_150' title='bbox 239 1218 315 1255; x_wconf 87' lang='lat' dir='ltr'>qua</span> <span class='ocrx_word' id='word_1_151' title='bbox 329 1205 434 1242; x_wconf 90' lang='lat' dir='ltr'>haud</span> <span class='ocrx_word' id='word_1_152' title='bbox 450 1205 585 1253; x_wconf 87' lang='lat' dir='ltr'>injuria</span> <span class='ocrx_word' id='word_1_153' title='bbox 603 1213 826 1255; x_wconf 86' lang='lat' dir='ltr'>queruntur,</span> <span class='ocrx_word' id='word_1_154' title='bbox 844 1218 927 1243; x_wconf 81' lang='lat' dir='ltr'>earn</span> <span class='ocrx_word' id='word_1_155' title='bbox 947 1212 1198 1243; x_wconf 89' lang='lat' dir='ltr'>removerent.</span> <span class='ocrx_word' id='word_1_156' title='bbox 1254 1203 1488 1256; x_wconf 82' lang='lat' dir='ltr'>Progrediar</span> <span class='ocrx_word' id='word_1_157' title='bbox 1508 1215 1576 1240; x_wconf 85' lang='lat' dir='ltr'>au-</span> 
     </span>
     <span class='ocr_line' id='line_1_17' title="bbox 115 1264 1578 1319; baseline -0.001 -16"><span class='ocrx_word' id='word_1_158' title='bbox 115 1273 193 1304; x_wconf 90' lang='lat' dir='ltr'>tem</span> <span class='ocrx_word' id='word_1_159' title='bbox 221 1266 354 1304; x_wconf 88' lang='lat' dir='ltr'>codem</span> <span class='ocrx_word' id='word_1_160' title='bbox 371 1266 486 1304; x_wconf 90' lang='lat' dir='ltr'>modo</span> <span class='ocrx_word' id='word_1_161' title='bbox 507 1279 584 1319; x_wconf 87' lang='lat' dir='ltr'>quo</span> <span class='ocrx_word' id='word_1_162' title='bbox 601 1266 762 1313; x_wconf 91' lang='lat' dir='ltr'>dudum,</span> <span class='ocrx_word' id='word_1_163' title='bbox 778 1275 817 1304; x_wconf 89' lang='lat' dir='ltr'>et</span> <span class='ocrx_word' id='word_1_164' title='bbox 830 1279 900 1318; x_wconf 88' lang='lat' dir='ltr'>pro</span> <span class='ocrx_word' id='word_1_165' title='bbox 920 1267 1080 1304; x_wconf 89' lang='lat' dir='ltr'>divitum</span> <span class='ocrx_word' id='word_1_166' title='bbox 1100 1266 1326 1305; x_wconf 86' lang='lat' dir='ltr'>defensione</span> <span class='ocrx_word' id='word_1_167' title='bbox 1342 1279 1434 1303; x_wconf 90' lang='lat' dir='ltr'>vera</span> <span class='ocrx_word' id='word_1_168' title='bbox 1447 1264 1578 1303; x_wconf 91' lang='lat' dir='ltr'>dicere</span> 
     </span>
     <span class='ocr_line' id='line_1_18' title="bbox 118 1327 1579 1367; baseline -0.002 0"><span class='ocrx_word' id='word_1_169' title='bbox 118 1341 197 1367; x_wconf 91' lang='lat' dir='ltr'>non</span> <span class='ocrx_word' id='word_1_170' title='bbox 212 1328 397 1366; x_wconf 86' lang='lat' dir='ltr'>dubitabo</span> <span class='ocrx_word' id='word_1_171' title='bbox 413 1341 421 1365; x_wconf 90' lang='lat'><strong>:</strong></span> <span class='ocrx_word' id='word_1_172' title='bbox 442 1328 531 1365; x_wconf 90' lang='lat' dir='ltr'>mihi</span> <span class='ocrx_word' id='word_1_173' title='bbox 546 1328 647 1365; x_wconf 90' lang='lat' dir='ltr'>enim</span> <span class='ocrx_word' id='word_1_174' title='bbox 661 1341 772 1366; x_wconf 91' lang='lat' dir='ltr'>nemo</span> <span class='ocrx_word' id='word_1_175' title='bbox 785 1329 838 1366; x_wconf 87' lang='lat' dir='ltr'>ita</span> <span class='ocrx_word' id='word_1_176' title='bbox 855 1328 1088 1366; x_wconf 87' lang='lat' dir='ltr'>inhumanus</span> <span class='ocrx_word' id='word_1_177' title='bbox 1104 1335 1172 1366; x_wconf 88' lang='lat' dir='ltr'>aut</span> <span class='ocrx_word' id='word_1_178' title='bbox 1186 1328 1334 1366; x_wconf 89' lang='lat' dir='ltr'>crudeli</span> <span class='ocrx_word' id='word_1_179' title='bbox 1348 1327 1476 1366; x_wconf 88' lang='lat' dir='ltr'>animo</span> <span class='ocrx_word' id='word_1_180' title='bbox 1491 1340 1579 1365; x_wconf 89' lang='lat' dir='ltr'>esse</span> 
     </span>
     <span class='ocr_line' id='line_1_19' title="bbox 119 1389 1582 1440; baseline -0.002 -12"><span class='ocrx_word' id='word_1_181' title='bbox 119 1390 285 1436; x_wconf 86' lang='lat' dir='ltr'>videtur,</span> <span class='ocrx_word' id='word_1_182' title='bbox 312 1389 452 1427; x_wconf 86' lang='lat' dir='ltr'>nedum</span> <span class='ocrx_word' id='word_1_183' title='bbox 477 1389 786 1436; x_wconf 86' lang='lat' dir='ltr'>Atheniensium,</span> <span class='ocrx_word' id='word_1_184' title='bbox 815 1390 884 1428; x_wconf 89' lang='lat' dir='ltr'>sed</span> <span class='ocrx_word' id='word_1_185' title='bbox 904 1403 974 1428; x_wconf 87' lang='lat' dir='ltr'>nec</span> <span class='ocrx_word' id='word_1_186' title='bbox 994 1397 1234 1437; x_wconf 88' lang='lat' dir='ltr'>caeterorum,</span> <span class='ocrx_word' id='word_1_187' title='bbox 1252 1396 1296 1427; x_wconf 88' lang='lat' dir='ltr'>ut</span> <span class='ocrx_word' id='word_1_188' title='bbox 1313 1401 1519 1440; x_wconf 84' lang='lat' dir='ltr'>pauperes,</span> <span class='ocrx_word' id='word_1_189' title='bbox 1541 1394 1582 1425; x_wconf 89' lang='lat' dir='ltr'>et</span> 
     </span>
     <span class='ocr_line' id='line_1_20' title="bbox 117 1449 1582 1504; baseline -0.002 -14"><span class='ocrx_word' id='word_1_190' title='bbox 117 1465 240 1490; x_wconf 88' lang='lat' dir='ltr'>rerum</span> <span class='ocrx_word' id='word_1_191' title='bbox 257 1451 559 1490; x_wconf 88' lang='lat' dir='ltr'>necessariarum</span> <span class='ocrx_word' id='word_1_192' title='bbox 577 1465 735 1503; x_wconf 82' lang='lat' dir='ltr'>egenos,</span> <span class='ocrx_word' id='word_1_193' title='bbox 750 1465 887 1504; x_wconf 83' lang='lat' dir='ltr'>capere</span> <span class='ocrx_word' id='word_1_194' title='bbox 903 1453 978 1490; x_wconf 88' lang='lat' dir='ltr'>ista</span> <span class='ocrx_word' id='word_1_195' title='bbox 997 1465 1087 1490; x_wconf 88' lang='lat' dir='ltr'>cum</span> <span class='ocrx_word' id='word_1_196' title='bbox 1102 1452 1223 1499; x_wconf 88' lang='lat' dir='ltr'>videt,</span> <span class='ocrx_word' id='word_1_197' title='bbox 1237 1464 1341 1503; x_wconf 80' lang='lat' dir='ltr'>aegre</span> <span class='ocrx_word' id='word_1_198' title='bbox 1353 1451 1464 1488; x_wconf 86' lang='lat' dir='ltr'>ferat.</span> <span class='ocrx_word' id='word_1_199' title='bbox 1500 1449 1582 1487; x_wconf 90' lang='lat' dir='ltr'>Sed</span> 
     </span>
     <span class='ocr_line' id='line_1_21' title="bbox 118 1511 1582 1565; baseline -0.001 -15"><span class='ocrx_word' id='word_1_200' title='bbox 118 1513 221 1564; x_wconf 90' lang='lat' dir='ltr'>quod</span> <span class='ocrx_word' id='word_1_201' title='bbox 242 1513 360 1551; x_wconf 89' lang='lat' dir='ltr'>habet</span> <span class='ocrx_word' id='word_1_202' title='bbox 378 1513 516 1551; x_wconf 86' lang='lat' dir='ltr'>vulnus</span> <span class='ocrx_word' id='word_1_203' title='bbox 548 1514 622 1552; x_wconf 88' lang='lat' dir='ltr'>ista</span> <span class='ocrx_word' id='word_1_204' title='bbox 649 1527 723 1560; x_wconf 89' lang='lat' dir='ltr'>res,</span> <span class='ocrx_word' id='word_1_205' title='bbox 744 1521 810 1552; x_wconf 88' lang='lat' dir='ltr'>aut</span> <span class='ocrx_word' id='word_1_206' title='bbox 834 1528 949 1565; x_wconf 89' lang='lat' dir='ltr'>quam</span> <span class='ocrx_word' id='word_1_207' title='bbox 971 1513 1268 1553; x_wconf 73' lang='lat' dir='ltr'>difficultatem?</span> <span class='ocrx_word' id='word_1_208' title='bbox 1301 1513 1403 1551; x_wconf 89' lang='lat' dir='ltr'>Cum</span> <span class='ocrx_word' id='word_1_209' title='bbox 1422 1511 1582 1551; x_wconf 88' lang='lat' dir='ltr'>videant</span> 
     </span>
     <span class='ocr_line' id='line_1_22' title="bbox 117 1575 1577 1628; baseline -0.002 -15"><span class='ocrx_word' id='word_1_210' title='bbox 117 1575 307 1626; x_wconf 87' lang='lat' dir='ltr'>quosdam</span> <span class='ocrx_word' id='word_1_211' title='bbox 337 1575 502 1624; x_wconf 80' lang='lat' dir='ltr'>publicae</span> <span class='ocrx_word' id='word_1_212' title='bbox 535 1577 738 1626; x_wconf 74' lang='lat' dir='ltr'>largitioni-5</span> <span class='ocrx_word' id='word_1_213' title='bbox 770 1576 1092 1615; x_wconf 87' lang='lat' dir='ltr'>consuetudinem</span> <span class='ocrx_word' id='word_1_214' title='bbox 1124 1576 1174 1614; x_wconf 89' lang='lat' dir='ltr'>ad</span> <span class='ocrx_word' id='word_1_215' title='bbox 1204 1575 1374 1628; x_wconf 87' lang='lat' dir='ltr'>privatas</span> <span class='ocrx_word' id='word_1_216' title='bbox 1399 1575 1577 1612; x_wconf 78' lang='lat' dir='ltr'>hominum</span> 
     </span>
     <span class='ocr_line' id='line_1_23' title="bbox 119 1635 1583 1689; baseline -0.001 -15"><span class='ocrx_word' id='word_1_217' title='bbox 119 1636 382 1688; x_wconf 85' lang='lat' dir='ltr'>possessiones</span> <span class='ocrx_word' id='word_1_218' title='bbox 411 1635 629 1680; x_wconf 81' lang='lat' dir='ltr'>transferre,</span> <span class='ocrx_word' id='word_1_219' title='bbox 648 1644 687 1675; x_wconf 87' lang='lat' dir='ltr'>et</span> <span class='ocrx_word' id='word_1_220' title='bbox 705 1651 888 1688; x_wconf 84' lang='lat' dir='ltr'>magnum</span> <span class='ocrx_word' id='word_1_221' title='bbox 909 1652 993 1676; x_wconf 89' lang='lat' dir='ltr'>esse</span> <span class='ocrx_word' id='word_1_222' title='bbox 1026 1638 1155 1676; x_wconf 84' lang='lat' dir='ltr'>statim</span> <span class='ocrx_word' id='word_1_223' title='bbox 1181 1638 1285 1689; x_wconf 85' lang='lat' dir='ltr'>apud</span> <span class='ocrx_word' id='word_1_224' title='bbox 1305 1650 1375 1675; x_wconf 87' lang='lat' dir='ltr'>vos</span> <span class='ocrx_word' id='word_1_225' title='bbox 1394 1636 1477 1687; x_wconf 88' lang='lat' dir='ltr'>ejus</span> <span class='ocrx_word' id='word_1_226' title='bbox 1496 1648 1583 1673; x_wconf 88' lang='lat' dir='ltr'>sen-</span> 
     </span>
     <span class='ocr_line' id='line_1_24' title="bbox 118 1695 1585 1750; baseline -0.003 -15"><span class='ocrx_word' id='word_1_227' title='bbox 118 1697 249 1736; x_wconf 82' lang='lat' dir='ltr'>tentiae</span> <span class='ocrx_word' id='word_1_228' title='bbox 274 1703 482 1742; x_wconf 82' lang='lat' dir='ltr'>auctorem,</span> <span class='ocrx_word' id='word_1_229' title='bbox 506 1703 544 1733; x_wconf 91' lang='lat' dir='ltr'>et</span> <span class='ocrx_word' id='word_1_230' title='bbox 567 1695 669 1746; x_wconf 91' lang='lat' dir='ltr'>quod</span> <span class='ocrx_word' id='word_1_231' title='bbox 694 1698 744 1735; x_wconf 85' lang='lat' dir='ltr'>ad</span> <span class='ocrx_word' id='word_1_232' title='bbox 769 1700 1015 1737; x_wconf 81' lang='lat' dir='ltr'>securitatem</span> <span class='ocrx_word' id='word_1_233' title='bbox 1041 1699 1196 1750; x_wconf 89' lang='lat' dir='ltr'>quidem</span> <span class='ocrx_word' id='word_1_234' title='bbox 1221 1699 1360 1737; x_wconf 87' lang='lat' dir='ltr'>attinet</span> <span class='ocrx_word' id='word_1_235' title='bbox 1387 1699 1585 1735; x_wconf 87' lang='lat' dir='ltr'>immorta-</span> 
     </span>
     <span class='ocr_line' id='line_1_25' title="bbox 120 1757 1584 1811; baseline -0.001 -14"><span class='ocrx_word' id='word_1_236' title='bbox 120 1760 210 1804; x_wconf 86' lang='lat' dir='ltr'>lem,</span> <span class='ocrx_word' id='word_1_237' title='bbox 232 1765 344 1808; x_wconf 87' lang='lat' dir='ltr'>atque</span> <span class='ocrx_word' id='word_1_238' title='bbox 372 1757 476 1796; x_wconf 87' lang='lat' dir='ltr'>aliud</span> <span class='ocrx_word' id='word_1_239' title='bbox 493 1770 578 1795; x_wconf 87' lang='lat' dir='ltr'>esse</span> <span class='ocrx_word' id='word_1_240' title='bbox 595 1757 788 1803; x_wconf 87' lang='lat' dir='ltr'>occultum</span> <span class='ocrx_word' id='word_1_241' title='bbox 807 1761 1033 1808; x_wconf 79' lang='lat' dir='ltr'>suffragium</span> <span class='ocrx_word' id='word_1_242' title='bbox 1049 1774 1073 1798; x_wconf 86' lang='lat' dir='ltr'>a</span> <span class='ocrx_word' id='word_1_243' title='bbox 1085 1760 1239 1811; x_wconf 88' lang='lat' dir='ltr'>publico</span> <span class='ocrx_word' id='word_1_244' title='bbox 1253 1760 1435 1798; x_wconf 88' lang='lat' dir='ltr'>clamore.</span> <span class='ocrx_word' id='word_1_245' title='bbox 1483 1758 1584 1796; x_wconf 83' lang='lat' dir='ltr'>Haec</span> 
     </span>
     <span class='ocr_line' id='line_1_26' title="bbox 121 1819 1584 1870; baseline -0.001 -12"><span class='ocrx_word' id='word_1_246' title='bbox 121 1819 382 1865; x_wconf 84' lang='lat' dir='ltr'>diffidentiam,</span> <span class='ocrx_word' id='word_1_247' title='bbox 404 1819 490 1857; x_wconf 79' lang='lat' dir='ltr'>haec</span> <span class='ocrx_word' id='word_1_248' title='bbox 515 1819 750 1856; x_wconf 86' lang='lat' dir='ltr'>iracundiam</span> <span class='ocrx_word' id='word_1_249' title='bbox 779 1825 957 1857; x_wconf 84' lang='lat' dir='ltr'>movent:</span> <span class='ocrx_word' id='word_1_250' title='bbox 987 1828 1140 1870; x_wconf 83' lang='lat' dir='ltr'>oportet</span> <span class='ocrx_word' id='word_1_251' title='bbox 1169 1821 1287 1864; x_wconf 63' lang='lat' dir='ltr'>enim,</span> <span class='ocrx_word' id='word_1_252' title='bbox 1313 1819 1584 1865; x_wconf 86' lang='lat' dir='ltr'>Athenienses,</span> 
     </span>
     <span class='ocr_line' id='line_1_27' title="bbox 120 1880 1586 1932; baseline -0.001 -12"><span class='ocrx_word' id='word_1_253' title='bbox 120 1882 222 1921; x_wconf 87' lang='lat' dir='ltr'>cives</span> <span class='ocrx_word' id='word_1_254' title='bbox 243 1880 324 1932; x_wconf 87' lang='lat' dir='ltr'>pari</span> <span class='ocrx_word' id='word_1_255' title='bbox 343 1881 429 1932; x_wconf 82' lang='lat' dir='ltr'>jure</span> <span class='ocrx_word' id='word_1_256' title='bbox 444 1880 698 1919; x_wconf 86' lang='lat' dir='ltr'>cumcivibus</span> <span class='ocrx_word' id='word_1_257' title='bbox 715 1880 838 1918; x_wconf 87' lang='lat' dir='ltr'>vivere</span> <span class='ocrx_word' id='word_1_258' title='bbox 855 1894 864 1917; x_wconf 72' lang='grc' dir='ltr'>ε</span> <span class='ocrx_word' id='word_1_259' title='bbox 895 1880 1045 1927; x_wconf 90' lang='lat' dir='ltr'>divites,</span> <span class='ocrx_word' id='word_1_260' title='bbox 1065 1887 1109 1918; x_wconf 89' lang='lat' dir='ltr'>ut</span> <span class='ocrx_word' id='word_1_261' title='bbox 1126 1880 1336 1918; x_wconf 85' lang='lat' dir='ltr'>facultates</span> <span class='ocrx_word' id='word_1_262' title='bbox 1357 1894 1447 1919; x_wconf 88' lang='lat' dir='ltr'>suas</span> <span class='ocrx_word' id='word_1_263' title='bbox 1466 1881 1506 1919; x_wconf 93' lang='lat' dir='ltr'>in</span> <span class='ocrx_word' id='word_1_264' title='bbox 1525 1887 1586 1919; x_wconf 92' lang='lat' dir='ltr'>tu-</span> 
     </span>
     <span class='ocr_line' id='line_1_28' title="bbox 120 1941 1586 1993; baseline -0.001 -12"><span class='ocrx_word' id='word_1_265' title='bbox 120 1949 161 1981; x_wconf 90' lang='lat' dir='ltr'>to</span> <span class='ocrx_word' id='word_1_266' title='bbox 176 1942 386 1982; x_wconf 86' lang='lat' dir='ltr'>collocatas</span> <span class='ocrx_word' id='word_1_267' title='bbox 406 1955 491 1980; x_wconf 87' lang='lat' dir='ltr'>esse</span> <span class='ocrx_word' id='word_1_268' title='bbox 506 1949 655 1993; x_wconf 88' lang='lat' dir='ltr'>putent,</span> <span class='ocrx_word' id='word_1_269' title='bbox 673 1942 797 1992; x_wconf 90' lang='lat' dir='ltr'>deque</span> <span class='ocrx_word' id='word_1_270' title='bbox 812 1941 856 1979; x_wconf 90' lang='lat' dir='ltr'>iis</span> <span class='ocrx_word' id='word_1_271' title='bbox 877 1955 955 1979; x_wconf 90' lang='lat' dir='ltr'>non</span> <span class='ocrx_word' id='word_1_272' title='bbox 971 1941 1233 1987; x_wconf 89' lang='lat' dir='ltr'>solicitentur;</span> <span class='ocrx_word' id='word_1_273' title='bbox 1263 1942 1302 1980; x_wconf 91' lang='lat' dir='ltr'>in</span> <span class='ocrx_word' id='word_1_274' title='bbox 1318 1943 1497 1993; x_wconf 89' lang='lat' dir='ltr'>periculis</span> <span class='ocrx_word' id='word_1_275' title='bbox 1518 1956 1586 1982; x_wconf 91' lang='lat' dir='ltr'>au-</span> 
     </span>
     <span class='ocr_line' id='line_1_29' title="bbox 121 2004 1583 2056; baseline 0 -13"><span class='ocrx_word' id='word_1_276' title='bbox 121 2012 214 2051; x_wconf 88' lang='lat' dir='ltr'>tem,</span> <span class='ocrx_word' id='word_1_277' title='bbox 235 2011 278 2042; x_wconf 89' lang='lat' dir='ltr'>ut</span> <span class='ocrx_word' id='word_1_278' title='bbox 296 2018 366 2056; x_wconf 90' lang='lat' dir='ltr'>pro</span> <span class='ocrx_word' id='word_1_279' title='bbox 385 2005 521 2056; x_wconf 87' lang='lat' dir='ltr'>patriae</span> <span class='ocrx_word' id='word_1_280' title='bbox 541 2004 666 2043; x_wconf 85' lang='lat' dir='ltr'>salute</span> <span class='ocrx_word' id='word_1_281' title='bbox 682 2017 775 2055; x_wconf 89' lang='lat' dir='ltr'>opes</span> <span class='ocrx_word' id='word_1_282' title='bbox 795 2017 884 2042; x_wconf 86' lang='lat' dir='ltr'>suas</span> <span class='ocrx_word' id='word_1_283' title='bbox 904 2004 943 2041; x_wconf 92' lang='lat' dir='ltr'>in</span> <span class='ocrx_word' id='word_1_284' title='bbox 964 2017 1169 2042; x_wconf 89' lang='lat' dir='ltr'>commune</span> <span class='ocrx_word' id='word_1_285' title='bbox 1184 2004 1412 2043; x_wconf 81' lang='lat' dir='ltr'>conferant:</span> <span class='ocrx_word' id='word_1_286' title='bbox 1432 2005 1583 2056; x_wconf 87' lang='lat' dir='ltr'>reliqui,</span> 
     </span>
     <span class='ocr_line' id='line_1_30' title="bbox 123 2065 1584 2118; baseline 0.001 -14"><span class='ocrx_word' id='word_1_287' title='bbox 123 2073 167 2104; x_wconf 92' lang='lat' dir='ltr'>ut</span> <span class='ocrx_word' id='word_1_288' title='bbox 181 2066 395 2104; x_wconf 80' lang='lat' dir='ltr'>communia</span> <span class='ocrx_word' id='word_1_289' title='bbox 413 2079 482 2117; x_wconf 90' lang='lat' dir='ltr'>pro</span> <span class='ocrx_word' id='word_1_290' title='bbox 497 2066 762 2103; x_wconf 89' lang='lat' dir='ltr'>communibus</span> <span class='ocrx_word' id='word_1_291' title='bbox 775 2065 956 2113; x_wconf 87' lang='lat' dir='ltr'>habeant,</span> <span class='ocrx_word' id='word_1_292' title='bbox 969 2066 1093 2117; x_wconf 92' lang='lat' dir='ltr'>iisque</span> <span class='ocrx_word' id='word_1_293' title='bbox 1109 2079 1180 2117; x_wconf 81' lang='lat' dir='ltr'>&#39;pro</span> <span class='ocrx_word' id='word_1_294' title='bbox 1195 2066 1369 2118; x_wconf 88' lang='lat' dir='ltr'>portione</span> <span class='ocrx_word' id='word_1_295' title='bbox 1384 2067 1559 2105; x_wconf 84' lang='lat' dir='ltr'>fruantur</span> <span class='ocrx_word' id='word_1_296' title='bbox 1572 2080 1584 2111; x_wconf 91' lang='lat'>;</span> 
     </span>
     <span class='ocr_line' id='line_1_31' title="bbox 123 2127 1584 2181; baseline 0.001 -16"><span class='ocrx_word' id='word_1_297' title='bbox 123 2127 270 2178; x_wconf 86' lang='lat' dir='ltr'>privata</span> <span class='ocrx_word' id='word_1_298' title='bbox 296 2140 400 2174; x_wconf 89' lang='lat' dir='ltr'>vero,</span> <span class='ocrx_word' id='word_1_299' title='bbox 420 2141 490 2179; x_wconf 86' lang='lat' dir='ltr'>pro</span> <span class='ocrx_word' id='word_1_300' title='bbox 515 2128 673 2179; x_wconf 87' lang='lat' dir='ltr'>propriis</span> <span class='ocrx_word' id='word_1_301' title='bbox 702 2128 948 2179; x_wconf 86' lang='lat' dir='ltr'>possessoris.</span> <span class='ocrx_word' id='word_1_302' title='bbox 1007 2128 1071 2167; x_wconf 91' lang='lat' dir='ltr'>Sic</span> <span class='ocrx_word' id='word_1_303' title='bbox 1091 2135 1130 2167; x_wconf 91' lang='lat' dir='ltr'>et</span> <span class='ocrx_word' id='word_1_304' title='bbox 1147 2142 1267 2180; x_wconf 90' lang='lat' dir='ltr'>parva</span> <span class='ocrx_word' id='word_1_305' title='bbox 1285 2128 1422 2168; x_wconf 85' lang='lat' dir='ltr'>civitas</span> <span class='ocrx_word' id='word_1_306' title='bbox 1441 2141 1584 2181; x_wconf 83' lang='lat' dir='ltr'>magna</span> 
     </span>
     <span class='ocr_line' id='line_1_32' title="bbox 123 2189 678 2238; baseline 0.002 -12"><span class='ocrx_word' id='word_1_307' title='bbox 123 2189 180 2236; x_wconf 84' lang='lat' dir='ltr'>fit,</span> <span class='ocrx_word' id='word_1_308' title='bbox 202 2195 241 2226; x_wconf 90' lang='lat' dir='ltr'>et</span> <span class='ocrx_word' id='word_1_309' title='bbox 258 2201 400 2238; x_wconf 78' lang='lat' dir='ltr'>magna</span> <span class='ocrx_word' id='word_1_310' title='bbox 418 2196 678 2228; x_wconf 84' lang='lat' dir='ltr'>conservatur.</span> 
     </span>
    </p>

    <p class='ocr_par' dir='ltr' id='par_1_4' title="bbox 123 2250 1588 2982">
     <span class='ocr_line' id='line_1_33' title="bbox 181 2250 1581 2304; baseline 0.003 -17"><span class='ocrx_word' id='word_1_311' title='bbox 181 2252 241 2288; x_wconf 75' lang='lat'>12.</span> <span class='ocrx_word' id='word_1_312' title='bbox 271 2250 369 2294; x_wconf 86' lang='lat' dir='ltr'>Quae</span> <span class='ocrx_word' id='word_1_313' title='bbox 386 2251 502 2301; x_wconf 83' lang='lat' dir='ltr'>igitur</span> <span class='ocrx_word' id='word_1_314' title='bbox 520 2251 569 2288; x_wconf 90' lang='lat' dir='ltr'>ab</span> <span class='ocrx_word' id='word_1_315' title='bbox 589 2252 758 2302; x_wconf 89' lang='lat' dir='ltr'>utrisque</span> <span class='ocrx_word' id='word_1_316' title='bbox 778 2253 998 2304; x_wconf 79' lang='lat' dir='ltr'>praestanda</span> <span class='ocrx_word' id='word_1_317' title='bbox 1028 2266 1115 2291; x_wconf 86' lang='lat' dir='ltr'>esse</span> <span class='ocrx_word' id='word_1_318' title='bbox 1142 2252 1357 2300; x_wconf 86' lang='lat' dir='ltr'>videantur,</span> <span class='ocrx_word' id='word_1_319' title='bbox 1384 2253 1470 2292; x_wconf 88' lang='lat' dir='ltr'>haec</span> <span class='ocrx_word' id='word_1_320' title='bbox 1500 2253 1581 2291; x_wconf 88' lang='lat' dir='ltr'>fere</span> 
     </span>
     <span class='ocr_line' id='line_1_34' title="bbox 124 2315 1583 2364; baseline 0.003 -15"><span class='ocrx_word' id='word_1_321' title='bbox 124 2318 237 2350; x_wconf 86' lang='lat' dir='ltr'>sunt:</span> <span class='ocrx_word' id='word_1_322' title='bbox 266 2324 397 2349; x_wconf 89' lang='lat' dir='ltr'>verum</span> <span class='ocrx_word' id='word_1_323' title='bbox 424 2319 468 2349; x_wconf 89' lang='lat' dir='ltr'>ut</span> <span class='ocrx_word' id='word_1_324' title='bbox 485 2318 590 2350; x_wconf 85' lang='lat' dir='ltr'>recte</span> <span class='ocrx_word' id='word_1_325' title='bbox 610 2326 761 2364; x_wconf 88' lang='lat' dir='ltr'>quoque</span> <span class='ocrx_word' id='word_1_326' title='bbox 780 2315 887 2359; x_wconf 86' lang='lat' dir='ltr'>fiant,</span> <span class='ocrx_word' id='word_1_327' title='bbox 908 2315 1096 2353; x_wconf 89' lang='lat' dir='ltr'>correctio</span> <span class='ocrx_word' id='word_1_328' title='bbox 1124 2315 1345 2354; x_wconf 87' lang='lat' dir='ltr'>adhibenda</span> <span class='ocrx_word' id='word_1_329' title='bbox 1364 2321 1435 2354; x_wconf 88' lang='lat' dir='ltr'>est.</span> <span class='ocrx_word' id='word_1_330' title='bbox 1481 2315 1583 2353; x_wconf 89' lang='lat' dir='ltr'>Sunt</span> 
     </span>
     <span class='ocr_line' id='line_1_35' title="bbox 123 2374 1584 2428; baseline 0.003 -18"><span class='ocrx_word' id='word_1_331' title='bbox 123 2380 252 2411; x_wconf 86' lang='lat' dir='ltr'>autem</span> <span class='ocrx_word' id='word_1_332' title='bbox 268 2374 403 2411; x_wconf 87' lang='lat' dir='ltr'>horum</span> <span class='ocrx_word' id='word_1_333' title='bbox 424 2374 666 2425; x_wconf 87' lang='lat' dir='ltr'>negotiorum</span> <span class='ocrx_word' id='word_1_334' title='bbox 686 2382 724 2413; x_wconf 90' lang='lat' dir='ltr'>et</span> <span class='ocrx_word' id='word_1_335' title='bbox 740 2377 1037 2427; x_wconf 85' lang='lat' dir='ltr'>perturbationis</span> <span class='ocrx_word' id='word_1_336' title='bbox 1056 2376 1188 2414; x_wconf 89' lang='lat' dir='ltr'>multae</span> <span class='ocrx_word' id='word_1_337' title='bbox 1201 2377 1284 2428; x_wconf 89' lang='lat' dir='ltr'>jam</span> <span class='ocrx_word' id='word_1_338' title='bbox 1300 2377 1390 2415; x_wconf 92' lang='lat' dir='ltr'>olim</span> <span class='ocrx_word' id='word_1_339' title='bbox 1410 2377 1584 2415; x_wconf 84' lang='lat' dir='ltr'>collectae</span> 
     </span>
     <span class='ocr_line' id='line_1_36' title="bbox 125 2436 1583 2486; baseline 0.003 -14"><span class='ocrx_word' id='word_1_340' title='bbox 125 2448 274 2479; x_wconf 78' lang='lat' dir='ltr'>causae3</span> <span class='ocrx_word' id='word_1_341' title='bbox 304 2448 414 2486; x_wconf 86' lang='lat' dir='ltr'>quas,</span> <span class='ocrx_word' id='word_1_342' title='bbox 428 2437 459 2474; x_wconf 88' lang='lat' dir='ltr'>si</span> <span class='ocrx_word' id='word_1_343' title='bbox 474 2436 580 2474; x_wconf 83' lang='lat' dir='ltr'>vobis</span> <span class='ocrx_word' id='word_1_344' title='bbox 601 2437 732 2475; x_wconf 83' lang='lat' dir='ltr'>audire</span> <span class='ocrx_word' id='word_1_345' title='bbox 752 2438 857 2476; x_wconf 90' lang='lat' dir='ltr'>cordi</span> <span class='ocrx_word' id='word_1_346' title='bbox 879 2445 950 2484; x_wconf 87' lang='lat' dir='ltr'>est,</span> <span class='ocrx_word' id='word_1_347' title='bbox 972 2439 1149 2476; x_wconf 85' lang='lat' dir='ltr'>narrabo.</span> <span class='ocrx_word' id='word_1_348' title='bbox 1181 2438 1310 2477; x_wconf 89' lang='lat' dir='ltr'>Emoti</span> <span class='ocrx_word' id='word_1_349' title='bbox 1331 2439 1439 2485; x_wconf 89' lang='lat' dir='ltr'>estis,</span> <span class='ocrx_word' id='word_1_350' title='bbox 1460 2439 1583 2477; x_wconf 91' lang='lat' dir='ltr'>Athe-</span> 
     </span>
     <span class='ocr_line' id='line_1_37' title="bbox 125 2497 1586 2551; baseline 0.003 -18"><span class='ocrx_word' id='word_1_351' title='bbox 125 2497 290 2542; x_wconf 88' lang='lat' dir='ltr'>nienses,</span> <span class='ocrx_word' id='word_1_352' title='bbox 319 2510 365 2534; x_wconf 87' lang='lat' dir='ltr'>ex</span> <span class='ocrx_word' id='word_1_353' title='bbox 390 2510 434 2535; x_wconf 94' lang='lat' dir='ltr'>eo</span> <span class='ocrx_word' id='word_1_354' title='bbox 453 2498 722 2546; x_wconf 88' lang='lat' dir='ltr'>fundamento,</span> <span class='ocrx_word' id='word_1_355' title='bbox 749 2500 787 2537; x_wconf 90' lang='lat' dir='ltr'>in</span> <span class='ocrx_word' id='word_1_356' title='bbox 809 2513 884 2551; x_wconf 91' lang='lat' dir='ltr'>quo</span> <span class='ocrx_word' id='word_1_357' title='bbox 907 2513 972 2537; x_wconf 89' lang='lat' dir='ltr'>vos</span> <span class='ocrx_word' id='word_1_358' title='bbox 1002 2500 1166 2551; x_wconf 82' lang='lat' dir='ltr'>majores</span> <span class='ocrx_word' id='word_1_359' title='bbox 1185 2500 1302 2539; x_wconf 87' lang='lat' dir='ltr'>vestri</span> <span class='ocrx_word' id='word_1_360' title='bbox 1320 2500 1586 2539; x_wconf 86' lang='lat' dir='ltr'>collocarunt:</span> 
     </span>
     <span class='ocr_line' id='line_1_38' title="bbox 127 2559 1585 2613; baseline 0.003 -19"><span class='ocrx_word' id='word_1_361' title='bbox 127 2570 173 2595; x_wconf 86' lang='lat' dir='ltr'>ac</span> <span class='ocrx_word' id='word_1_362' title='bbox 193 2571 360 2608; x_wconf 85' lang='lat' dir='ltr'>praeesse</span> <span class='ocrx_word' id='word_1_363' title='bbox 389 2559 556 2610; x_wconf 80' lang='lat' dir='ltr'>Graecis,</span> <span class='ocrx_word' id='word_1_364' title='bbox 586 2565 626 2598; x_wconf 93' lang='lat' dir='ltr'>et</span> <span class='ocrx_word' id='word_1_365' title='bbox 644 2560 860 2611; x_wconf 87' lang='lat' dir='ltr'>legionibus</span> <span class='ocrx_word' id='word_1_366' title='bbox 882 2561 1076 2600; x_wconf 87' lang='lat' dir='ltr'>instructis</span> <span class='ocrx_word' id='word_1_367' title='bbox 1103 2575 1238 2599; x_wconf 91' lang='lat' dir='ltr'>omnes</span> <span class='ocrx_word' id='word_1_368' title='bbox 1258 2561 1418 2601; x_wconf 83' lang='lat' dir='ltr'>affectos</span> <span class='ocrx_word' id='word_1_369' title='bbox 1442 2562 1585 2613; x_wconf 88' lang='lat' dir='ltr'>injuriis</span> 
     </span>
     <span class='ocr_line' id='line_1_39' title="bbox 126 2618 1587 2674; baseline 0.001 -17"><span class='ocrx_word' id='word_1_370' title='bbox 126 2618 323 2669; x_wconf 85' lang='lat' dir='ltr'>adjuvare,</span> <span class='ocrx_word' id='word_1_371' title='bbox 347 2632 673 2669; x_wconf 86' lang='lat' dir='ltr'>supervacaneum</span> <span class='ocrx_word' id='word_1_372' title='bbox 708 2634 793 2659; x_wconf 89' lang='lat' dir='ltr'>esse</span> <span class='ocrx_word' id='word_1_373' title='bbox 824 2629 863 2660; x_wconf 92' lang='lat' dir='ltr'>et</span> <span class='ocrx_word' id='word_1_374' title='bbox 894 2623 1046 2660; x_wconf 87' lang='lat' dir='ltr'>inanem</span> <span class='ocrx_word' id='word_1_375' title='bbox 1077 2629 1274 2674; x_wconf 90' lang='lat' dir='ltr'>sumptum</span> <span class='ocrx_word' id='word_1_376' title='bbox 1310 2627 1587 2673; x_wconf 88' lang='lat' dir='ltr'>persuaserunt</span> 
     </span>
     <span class='ocr_line' id='line_1_40' title="bbox 125 2680 1584 2735; baseline 0.002 -17"><span class='ocrx_word' id='word_1_377' title='bbox 125 2680 235 2718; x_wconf 90' lang='lat' dir='ltr'>vobis</span> <span class='ocrx_word' id='word_1_378' title='bbox 265 2680 426 2717; x_wconf 90' lang='lat' dir='ltr'>istorum</span> <span class='ocrx_word' id='word_1_379' title='bbox 445 2681 483 2718; x_wconf 93' lang='lat' dir='ltr'>in</span> <span class='ocrx_word' id='word_1_380' title='bbox 501 2695 581 2733; x_wconf 87' lang='lat' dir='ltr'>rep.</span> <span class='ocrx_word' id='word_1_381' title='bbox 611 2683 869 2721; x_wconf 88' lang='lat' dir='ltr'>institutorum</span> <span class='ocrx_word' id='word_1_382' title='bbox 891 2691 1067 2722; x_wconf 90' lang='lat' dir='ltr'>auctores</span> <span class='ocrx_word' id='word_1_383' title='bbox 1083 2697 1094 2727; x_wconf 88' lang='grc'>;</span> <span class='ocrx_word' id='word_1_384' title='bbox 1125 2691 1165 2722; x_wconf 90' lang='lat' dir='ltr'>at</span> <span class='ocrx_word' id='word_1_385' title='bbox 1192 2684 1231 2722; x_wconf 90' lang='lat' dir='ltr'>in</span> <span class='ocrx_word' id='word_1_386' title='bbox 1261 2685 1340 2722; x_wconf 87' lang='lat' dir='ltr'>otio</span> <span class='ocrx_word' id='word_1_387' title='bbox 1371 2685 1523 2735; x_wconf 79' lang='lat' dir='ltr'>degere,</span> <span class='ocrx_word' id='word_1_388' title='bbox 1544 2691 1584 2722; x_wconf 85' lang='lat' dir='ltr'>et</span> 
     </span>
     <span class='ocr_line' id='line_1_41' title="bbox 127 2741 1588 2797; baseline 0.001 -18"><span class='ocrx_word' id='word_1_389' title='bbox 127 2754 317 2791; x_wconf 86' lang='lat' dir='ltr'>nusquam</span> <span class='ocrx_word' id='word_1_390' title='bbox 338 2741 465 2779; x_wconf 89' lang='lat' dir='ltr'>officio</span> <span class='ocrx_word' id='word_1_391' title='bbox 485 2742 609 2794; x_wconf 83' lang='lat' dir='ltr'>fungi,</span> <span class='ocrx_word' id='word_1_392' title='bbox 639 2744 707 2782; x_wconf 90' lang='lat' dir='ltr'>sed</span> <span class='ocrx_word' id='word_1_393' title='bbox 732 2745 951 2796; x_wconf 81' lang='lat' dir='ltr'>singulatim</span> <span class='ocrx_word' id='word_1_394' title='bbox 972 2745 1102 2783; x_wconf 89' lang='lat' dir='ltr'>omnia</span> <span class='ocrx_word' id='word_1_395' title='bbox 1120 2746 1307 2797; x_wconf 87' lang='lat' dir='ltr'>projicere</span> <span class='ocrx_word' id='word_1_396' title='bbox 1328 2752 1366 2783; x_wconf 93' lang='lat' dir='ltr'>et</span> <span class='ocrx_word' id='word_1_397' title='bbox 1395 2746 1517 2782; x_wconf 90' lang='lat' dir='ltr'>sinere</span> <span class='ocrx_word' id='word_1_398' title='bbox 1542 2750 1588 2782; x_wconf 89' lang='lat' dir='ltr'>ut</span> 
     </span>
     <span class='ocr_line' id='line_1_42' title="bbox 127 2802 1585 2856; baseline 0.002 -16"><span class='ocrx_word' id='word_1_399' title='bbox 127 2803 191 2841; x_wconf 82' lang='lat' dir='ltr'>alii</span> <span class='ocrx_word' id='word_1_400' title='bbox 211 2816 257 2840; x_wconf 84' lang='lat' dir='ltr'>ea</span> <span class='ocrx_word' id='word_1_401' title='bbox 275 2802 530 2853; x_wconf 87' lang='lat' dir='ltr'>intercipiant,</span> <span class='ocrx_word' id='word_1_402' title='bbox 551 2805 811 2844; x_wconf 88' lang='lat' dir='ltr'>admirabilem</span> <span class='ocrx_word' id='word_1_403' title='bbox 832 2807 1056 2845; x_wconf 88' lang='lat' dir='ltr'>felicitatem</span> <span class='ocrx_word' id='word_1_404' title='bbox 1083 2814 1122 2845; x_wconf 88' lang='lat' dir='ltr'>et</span> <span class='ocrx_word' id='word_1_405' title='bbox 1140 2820 1217 2845; x_wconf 91' lang='lat' dir='ltr'>rem</span> <span class='ocrx_word' id='word_1_406' title='bbox 1247 2807 1354 2844; x_wconf 89' lang='lat' dir='ltr'>nullo</span> <span class='ocrx_word' id='word_1_407' title='bbox 1381 2819 1466 2844; x_wconf 90' lang='lat' dir='ltr'>cum</span> <span class='ocrx_word' id='word_1_408' title='bbox 1486 2806 1585 2856; x_wconf 87' lang='lat' dir='ltr'>peri-</span> 
     </span>
     <span class='ocr_line' id='line_1_43' title="bbox 129 2865 1583 2916; baseline 0.001 -14"><span class='ocrx_word' id='word_1_409' title='bbox 129 2865 217 2903; x_wconf 92' lang='lat' dir='ltr'>culo</span> <span class='ocrx_word' id='word_1_410' title='bbox 237 2878 322 2902; x_wconf 90' lang='lat' dir='ltr'>esse</span> <span class='ocrx_word' id='word_1_411' title='bbox 348 2865 594 2916; x_wconf 81' lang='lat' dir='ltr'>conjunctam</span> <span class='ocrx_word' id='word_1_412' title='bbox 613 2867 768 2916; x_wconf 82' lang='lat' dir='ltr'>putatiS.</span> <span class='ocrx_word' id='word_1_413' title='bbox 808 2868 907 2912; x_wconf 85' lang='lat' dir='ltr'>Quae</span> <span class='ocrx_word' id='word_1_414' title='bbox 926 2868 1018 2906; x_wconf 90' lang='lat' dir='ltr'>dum</span> <span class='ocrx_word' id='word_1_415' title='bbox 1036 2868 1149 2914; x_wconf 88' lang='lat' dir='ltr'>fiunt,</span> <span class='ocrx_word' id='word_1_416' title='bbox 1171 2868 1268 2906; x_wconf 87' lang='lat' dir='ltr'>alius</span> <span class='ocrx_word' id='word_1_417' title='bbox 1288 2869 1326 2905; x_wconf 88' lang='lat' dir='ltr'>in</span> <span class='ocrx_word' id='word_1_418' title='bbox 1347 2880 1436 2905; x_wconf 90' lang='lat' dir='ltr'>eum</span> <span class='ocrx_word' id='word_1_419' title='bbox 1455 2866 1583 2904; x_wconf 91' lang='lat' dir='ltr'>locum</span> 
     </span>
     <span class='ocr_line' id='line_1_44' title="bbox 130 2927 1587 2982; baseline 0.001 -17"><span class='ocrx_word' id='word_1_420' title='bbox 130 2927 330 2977; x_wconf 89' lang='lat' dir='ltr'>invadens,</span> <span class='ocrx_word' id='word_1_421' title='bbox 350 2927 388 2965; x_wconf 89' lang='lat' dir='ltr'>in</span> <span class='ocrx_word' id='word_1_422' title='bbox 407 2940 483 2978; x_wconf 90' lang='lat' dir='ltr'>quo</span> <span class='ocrx_word' id='word_1_423' title='bbox 502 2940 570 2966; x_wconf 89' lang='lat' dir='ltr'>vos</span> <span class='ocrx_word' id='word_1_424' title='bbox 592 2934 691 2967; x_wconf 84' lang='lat' dir='ltr'>stare</span> <span class='ocrx_word' id='word_1_425' title='bbox 722 2931 937 2982; x_wconf 89' lang='lat' dir='ltr'>oportebat,</span> <span class='ocrx_word' id='word_1_426' title='bbox 965 2931 1028 2970; x_wconf 89' lang='lat' dir='ltr'>hic</span> <span class='ocrx_word' id='word_1_427' title='bbox 1055 2943 1145 2970; x_wconf 89' lang='lat' dir='ltr'>vero</span> <span class='ocrx_word' id='word_1_428' title='bbox 1173 2930 1262 2968; x_wconf 84' lang='lat' dir='ltr'>felix</span> <span class='ocrx_word' id='word_1_429' title='bbox 1284 2935 1323 2968; x_wconf 87' lang='lat' dir='ltr'>et</span> <span class='ocrx_word' id='word_1_430' title='bbox 1351 2941 1515 2979; x_wconf 80' lang='lat' dir='ltr'>magnus</span> <span class='ocrx_word' id='word_1_431' title='bbox 1547 2935 1587 2967; x_wconf 88' lang='lat' dir='ltr'>et</span> 
     </span>
    </p>

    <p class='ocr_par' dir='ltr' id='par_1_5' title="bbox 855 3004 876 3029">
     <span class='ocr_line' id='line_1_45' title="bbox 855 3004 876 3029; baseline 0 0"><span class='ocrx_word' id='word_1_432' title='bbox 855 3004 876 3029; x_wconf 74' lang='grc' dir='ltr'>Ρ</span> 
     </span>
    </p>
   </div>
  </div>
 </body>
</html>
