1923 3149
828 242 877 294 A
910 241 963 296 U
995 241 1050 296 G
1079 240 1128 295 E
1160 241 1213 295 R
1244 234 1268 293 1

886 380 1210 430 ANALYSIS

485 511 928 556 OLYNTHIACAE
959 514 1275 558 SECUNDAE
1301 509 1615 570 (TERTIAE).

684 620 915 671 Propositum
933 621 1024 659 idem
1043 628 1095 659 est
1113 635 1154 660 ac
1171 621 1414 672 proecedentis.

948 714 1152 749 Exordium.

367 793 534 826 STA'rul‘r
550 794 668 826 orator
683 794 815 827 multos
829 803 964 827 errasse
975 795 1011 828 in
1029 794 1271 837 deliberando,
1283 804 1350 827 nec
1364 803 1485 826 verum
1498 789 1776 836 deprehendisse

324 845 590 880 deliberationis
607 850 876 889 argumentum;
902 852 1061 892 tempora
1075 847 1252 890 ejusmodi
1269 858 1346 880 esse
1364 857 1448 891 quae
1463 856 1629 889 magnam
1645 843 1776 877 sollici-

323 901 485 935 tudinem
504 905 540 935 et
553 902 780 946 prudentiam
794 903 998 945 requirant;
1022 913 1100 935 esse
1116 905 1235 936 tamen
1252 902 1429 936 difficilius
1444 912 1516 944 quo
1531 903 1638 944 pacto
1651 897 1775 931 dieen-

324 956 410 989 dum
427 966 536 1000 quam
553 956 640 1000 quid
662 956 858 990 dicendum
882 956 943 998 sit;
968 967 1007 990 se
1023 955 1170 990 liberius
1192 957 1301 990 verba
1328 955 1521 996 facturum,
1537 957 1575 988 et
1598 962 1709 999 quam
1728 951 1775 984 ob

325 1020 484 1043 causam.

936 1103 1173 1150 Confirmatio.

373 1187 422 1218 1⁰.
445 1184 489 1218 In
509 1184 718 1219 memoriam
735 1183 1020 1218 Atheniensibus
1039 1186 1183 1218 revocat
1198 1184 1355 1218 oblatam
1373 1184 1600 1218 occasionem
1618 1183 1775 1227 aliquam

323 1249 434 1283 quam
451 1239 695 1282 imprudenter
708 1239 958 1282 neglexerunt,
972 1241 1009 1272 et
1024 1239 1105 1272 ideo
1119 1242 1266 1273 revocat
1279 1243 1320 1273 ut
1333 1250 1412 1273 eam
1426 1249 1508 1284 quae
1524 1249 1620 1272 nunc
1633 1238 1777 1272 offertur

323 1303 395 1326 non
413 1293 608 1337 negligant.
1700 1287 1703 1289 Δ

368 1349 420 1380 20.
447 1346 620 1380 Declarat
645 1348 771 1390 quanti
796 1347 967 1380 momenti
993 1347 1038 1379 sit
1056 1346 1306 1390 Olynthiorutn
1335 1348 1500 1387 societas,
1527 1349 1564 1380 et
1589 1357 1696 1390 quam
1725 1357 1778 1380 ar-

322 1401 449 1434 denter
465 1400 561 1433 illam
579 1402 784 1444 optaverint
796 1401 1055 1435 Athenienses:
1084 1402 1148 1435 sed
1166 1401 1262 1445 ipsos
1279 1402 1408 1436 debere
1426 1406 1570 1435 strenue
1584 1404 1622 1434 et
1638 1401 1776 1435 fortiter

320 1456 390 1489 illis
407 1456 586 1500 opitulari,
609 1457 694 1500 quia
716 1457 846 1500 ignava
869 1466 987 1490 rerum
1008 1456 1173 1497 cessatio,
1199 1459 1236 1489 et
1252 1457 1424 1500 probrosa
1446 1458 1482 1489 in
1500 1467 1668 1500 praesenS,
1685 1458 1776 1491 etin

322 1509 485 1543 futurum
501 1509 756 1543 detrimentosa
772 1510 872 1543 foret.

368 1567 420 1598 3⁰.
447 1564 645 1597 Contendit
667 1565 861 1598 abolendas
885 1575 962 1598 esse
986 1567 1070 1598 ante
1095 1565 1217 1598 onmia
1233 1565 1331 1608 leges
1355 1576 1435 1609 quae
1460 1567 1605 1607 nocent,
1631 1567 1708 1599 tum
1732 1566 1778 1601 de

322 1617 488 1651 theatrali
505 1619 669 1661 pecunia,
686 1622 762 1651 tum
793 1619 838 1651 de
864 1618 995 1652 bellica
1017 1629 1065 1658 re,
1091 1622 1128 1651 et
1156 1622 1243 1652 tunc
1267 1619 1506 1663 quaerendum
1534 1620 1691 1663 aliquem
1717 1622 1779 1665 qui

323 1673 460 1716 optima
476 1672 640 1705 suadeat:
667 1673 855 1706 contendit
869 1671 979 1706 etiam
1005 1672 1150 1706 decreta
1162 1683 1238 1706 esse
1254 1683 1344 1706 vana
1359 1677 1395 1706 et
1412 1684 1691 1717 supervacanea,
1708 1676 1777 1709 nisi

324 1726 488 1759 alacriter
505 1726 635 1769 agendi
649 1727 809 1760 studium
824 1727 1022 1759 accesserit.

371 1783 424 1814 4⁰.
449 1781 539 1813 Suos
565 1780 725 1814 hortatur
754 1781 871 1814 vivide
896 1784 938 1813 ut
966 1781 1190 1814 occasionem
1218 1780 1310 1814 hanc
1339 1782 1485 1815 tandem
1514 1782 1777 1826 amplectantur

326 1844 371 1867 ae
386 1834 591 1878 Philippum
619 1835 755 1868 naviter
778 1835 1002 1879 impugnent,
1027 1836 1158 1868 omissa
1180 1846 1288 1878 prava
1313 1837 1574 1870 consuetudine
1592 1848 1652 1870 eos
1669 1849 1777 1871 accu-

324 1888 428 1921 sandi
445 1889 508 1932 qui
520 1894 725 1923 suaserunt:
753 1889 909 1923 ostendit
925 1900 1033 1933 quam
1051 1890 1096 1922 sit
1115 1890 1278 1933 iniquum
1303 1901 1386 1923 eum
1409 1892 1576 1935 persequi
1593 1893 1655 1936 qui
1672 1892 1777 1926 utilia

327 1944 450 1985 suasit,
469 1943 725 1987 nonjucunda.
774 1944 886 1978 Redit
911 1944 955 1977 ad
979 1944 1188 1977 theatralem
1207 1946 1409 1988 pecuniam,
1425 1957 1578 1991 eamque
1592 1958 1667 1980 rem
1692 1959 1776 1982 con-

328 1999 443 2032 cludit
460 1999 614 2032 dicendo
630 2010 700 2033 non
719 1999 1021 2033 committendum
1038 2010 1115 2034 esse
1133 2005 1173 2034 ut
1194 2001 1363 2045 stipendii
1383 2002 1506 2046 iuopia
1527 2004 1652 2037 civitas
1665 2004 1779 2038 Athe—

327 2054 460 2087 niensis
477 2054 704 2098 opprobrium
720 2055 755 2088 in
773 2065 810 2088 se
828 2054 1007 2088 admittat.

373 2112 423 2142 5⁰.
450 2108 590 2142 Priscos
603 2108 682 2142 illos
704 2112 873 2150 oratores,
890 2109 950 2152 qui
974 2109 1161 2142 caritatem
1187 2109 1393 2153 reipublicae
1418 2112 1585 2146 suavitati
1608 2113 1778 2147 orationis

329 2163 606 2206 anteponebant,
624 2164 760 2197 confert
785 2174 868 2197 cum
894 2163 937 2196 iis
964 2164 1027 2207 qui
1050 2174 1146 2197 nunc
1173 2165 1346 2207 existunt,
1376 2176 1458 2199 cum
1481 2166 1558 2200 istis
1582 2167 1695 2211 plebis
1719 2179 1776 2202 as-

327 2216 576 2250 sentatoribus.

373 2274 424 2304 60.
449 2269 509 2304 Ab
522 2269 718 2303 oratoribus
740 2268 947 2312 reipublicae
966 2271 1011 2304 ad
1028 2271 1122 2314 ipsos
1136 2272 1376 2307 Athenienses
1392 2274 1528 2316 transit,
1546 2277 1777 2325 ostenditque

329 2325 437 2370 paulo
460 2324 571 2357 fusius
600 2326 775 2368 quantum
800 2323 951 2366 majores
980 2325 1259 2360 Atheniensium
1286 2330 1323 2360 et
1351 2331 1468 2372 patres
1496 2330 1582 2373 ipsis
1621 2336 1778 2370 antecel-

328 2380 455 2418 lerent,
473 2380 549 2411 tum
567 2378 603 2410 in
621 2376 727 2410 rebus
741 2377 975 2418 Graecanicis,
993 2382 1068 2412 tum
1088 2381 1124 2413 in
1142 2381 1228 2414 urbe
1260 2381 1337 2425 ipsa
1366 2382 1532 2425 privatim
1557 2387 1594 2418 et
1621 2389 1779 2430 publice,

326 2432 505 2470 Maximae
525 2431 628 2474 hujus
643 2431 819 2474 majorum
836 2435 872 2465 et
897 2436 1038 2477 patrum
1061 2444 1102 2468 ac
1129 2437 1352 2479 posterorum
1370 2437 1622 2482 discrepantiae
1649 2453 1777 2479 causas

325 2488 428 2522 effert
444 2498 486 2520 cu
494 2498 527 2520 m
544 2486 745 2520 vehementi
761 2486 897 2530 spiritu.

375 2544 424 2576 7⁰.
451 2540 646 2575 Concludit
662 2543 776 2573 totam
800 2541 1009 2582 orationem,
1036 2543 1265 2578 audientibus
1288 2546 1475 2580 suadendo
1492 2551 1528 2582 et
1544 2550 1702 2592 optando
1724 2554 1778 2595 ut,

328 2596 467 2629 omissis
488 2594 607 2638 pravis
632 2593 790 2626 moribus
806 2595 1051 2639 neglectisque
1078 2597 1213 2631 miseris
1240 2599 1386 2639 lucellis,
1414 2601 1558 2634 tandem
1583 2607 1693 2646 agant
1714 2616 1778 2649 pro

329 2651 503 2694 dignitate
521 2649 751 2694 reipublic-1133
775 2652 815 2682 ut
832 2650 984 2694 quisque
1009 2652 1134 2685 saltem
1158 2655 1346 2696 pecuniam
1365 2655 1445 2688 ideo
1464 2660 1604 2691 tantum
1621 2661 1778 2704 accipiat

330 2709 373 2739 ut
390 2716 452 2749 pro
464 2715 531 2738 sua
546 2708 646 2748 parte
664 2704 787 2737 utilem
803 2714 840 2736 se
863 2708 1013 2747 praestet
1029 2705 1166 2740 civitati
1182 2721 1189 2747 ;
1212 2709 1368 2753 denique
1387 2714 1426 2744 ut.
1442 2721 1489 2746 ex
1508 2712 1558 2746 eis
1573 2722 1656 2757 quae
1677 2713 1776 2750 dicta

332 2763 438 2794 crunt
450 2771 493 2795 ea
509 2761 705 2804 sequantur
720 2768 805 2803 quae
823 2759 988 2794 omuibus
1002 2763 1087 2794 suut
1103 2762 1298 2806 profutura.
