1923 3149
257 176 333 214 ‘20¹6
574 178 648 215 DE
678 178 827 216 MALE
857 178 1026 218 GESTA
1056 179 1411 220 LEGATIONE.‘

515 281 702 311 'rransiliunt
717 292 820 312 rnnros
836 283 925 318 altos,
943 283 1012 322 fuga
1030 283 1113 312 nulla
1128 288 1240 318 tuetur,

560 330 632 360 Sive
646 336 731 371 petas
747 333 923 368 thalamum,
940 333 1004 363 sivc
1022 335 1078 362 suh
1095 339 1179 363 antra
1194 344 1273 363 ruas.

518 381 578 409 nis
596 392 653 420 ego
669 382 824 411 Palladios
842 384 964 412 monitis
981 384 1049 421 pius
1062 384 1181 413 instruo
1195 385 1293 419 cives,

563 432 603 460 Ut
617 433 748 471 sapiant,
762 432 902 471 vigilent,
920 434 959 462 nil
978 435 1149 473 petulanter
1164 439 1264 471 agant.

519 481 643 511 lnvehit
659 483 714 512 heu
729 487 856 522 quantas
872 484 971 522 legum
989 484 1112 513 violatio
1130 484 1255 513 clades?

561 533 602 561 At
614 533 707 571 justae
724 534 806 573 leges
822 535 979 564 commoda
995 539 1104 573 quanta
1119 535 1217 564 serunt
1233 534 1243 562 ?

520 583 726 621 Compedibus
742 585 896 623 stringunt
913 585 1090 621 sceleratos,
1107 585 1223 615 ordinis
1240 584 1318 623 aequi

565 635 830 671 conservatrices,
846 636 886 665 nil
900 637 956 666 nisi
972 643 1055 666 recta
1072 637 1182 666 sinunt.

520 685 640 723 Aspera
656 686 860 724 complanant,
876 688 983 717 sedant
1000 688 1133 722 fastidia,
1148 688 1274 717 sraenant

567 737 748 771 Indomitos,
765 738 890 776 abigunt
907 738 1023 767 semina
1038 749 1165 777 qua-que
1179 739 1262 773 mali,

520 787 594 815 Jura
607 792 727 825 regunt,
744 788 985 817 mansuefaciunt
1001 788 1153 827 turgentia
1168 790 1269 823 corda,

565 837 768 875 Coinpcscunt
785 838 902 867 miserm
920 838 1079 867 seditionis
1095 849 1183 877 opus,

520 887 630 924 ‚lun-gia
646 887 708 915 litis
722 889 830 916 acerba
843 893 995 926 premunt,
1006 898 1041 917 ac
1056 889 1189 927 denique
1205 889 1298 918 vitam

566 938 738 966 Humanam
757 938 911 972 erudiunt,
928 942 961 967 ut
980 938 1132 977 sapienter
1149 944 1208 968 eat.

318 1014 382 1051 73.
412 1012 577 1057 Auditis,
597 1013 876 1058 Athenienses,
898 1013 946 1051 de
965 1013 1039 1052 isto
1061 1025 1199 1064 genere
1219 1015 1418 1053 hominum
1440 1015 1532 1052 Solo
1548 1014 1640 1066 quid
1660 1016 1718 1053 di-

264 1079 340 1118 cat,
360 1081 399 1111 et
428 1073 476 1110 de
500 1073 585 1120 diis,
602 1087 624 1111 a
642 1075 781 1124 quibus
800 1076 933 1113 urbem
953 1076 1168 1113 conservari
1195 1077 1344 1114 asserit.
1403 1076 1489 1126 Ego
1509 1089 1598 1113 vero
1619 1090 1719 1114 sem-

264 1146 334 1184 per
360 1134 461 1173 hanc
497 1135 706 1173 orationem
728 1149 857 1173 veram
886 1149 972 1174 esse
1000 1143 1109 1188 puto,
1136 1144 1175 1175 et
1204 1145 1309 1189 opto,
1339 1138 1556 1175 conservari
1588 1139 1721 1175 urbem

265 1202 434 1233 nostram
455 1195 661 1234 divinitus:
692 1204 730 1235 et
747 1198 1033 1248 quodammodo
1055 1199 1243 1244 existimo,
1264 1205 1303 1236 et
1321 1198 1376 1236 sic
1396 1198 1541 1249 accipio
1569 1211 1616 1236 ea
1633 1211 1720 1248 quae

265 1269 368 1293 nunc
389 1257 616 1295 acciderunt
634 1259 761 1296 omnia
779 1259 818 1296 in
845 1259 1092 1297 accusatione
1117 1260 1204 1305 hac,
1239 1260 1377 1297 divinae
1407 1259 1606 1309 cujusdam
1630 1271 1722 1309 erga

264 1318 540 1368 rempublicam
572 1320 849 1358 benevolentiae
881 1321 1035 1371 signum
1061 1321 1269 1359 exstitisse.
1326 1321 1448 1370 quue
1471 1320 1525 1358 sic
1542 1320 1721 1358 conside—

265 1384 359 1415 rate.
417 1379 544 1417 Homo
564 1380 627 1430 qui
654 1381 777 1418 multa
804 1381 842 1418 in
865 1381 1057 1431 legatione
1077 1388 1116 1419 et
1143 1382 1284 1419 atrocia
1315 1381 1462 1418 scelera
1489 1380 1720 1431 designavit,

265 1438 330 1488 qui
349 1439 564 1488 provincias
580 1441 747 1486 tradidit,
766 1441 806 1478 in
825 1442 964 1492 quibus
985 1442 1078 1480 deos
1099 1455 1121 1479 a
1134 1443 1242 1479 vobis
1262 1448 1300 1479 et
1316 1442 1426 1479 sociis
1447 1441 1520 1479 coli
1544 1441 1720 1486 decebat,

265 1499 477 1548 ignominia
502 1502 650 1538 notavit
669 1502 876 1552 quendam,
897 1503 961 1553 qui
992 1503 1073 1554 ejus
1107 1510 1370 1540 accusatorem
1392 1516 1431 1541 se
1450 1503 1620 1553 profiteri
1644 1515 1722 1540 non

269 1561 469 1600 dubitavit.
530 1563 633 1601 Cur?
661 1577 709 1601 ne
741 1564 820 1615 ipse
850 1564 1082 1603 delictorum
1116 1579 1272 1603 suorum
1301 1565 1467 1610 veniam,
1508 1571 1574 1602 aut
1607 1564 1724 1602 ullam

267 1622 566 1661 misericordiam
587 1631 904 1675 consequeretur.
962 1625 1040 1663 Sed
1068 1633 1107 1663 et
1136 1626 1202 1664 illo
1231 1625 1453 1664 accusando
1473 1625 1511 1662 in
1531 1638 1592 1662 me
1620 1624 1725 1664 inve-

267 1684 358 1722 here
376 1685 553 1732 instituit,
575 1692 613 1724 et
632 1699 761 1724 rursus
781 1700 850 1738 pro
870 1686 1056 1724 concione
1083 1686 1372 1725 accusationem
1403 1686 1495 1723 mihi
1526 1686 1726 1724 minitatus

268 1751 341 1791 est,
359 1751 397 1783 et
414 1746 496 1797 ejus
518 1747 668 1798 generis
689 1747 776 1786 alia.
841 1747 1134 1789 Quamobrem?
1163 1754 1206 1785 ut
1226 1747 1368 1798 optima
1387 1760 1471 1785 cum
1492 1747 1604 1784 venia
1622 1746 1727 1798 apud

267 1820 336 1845 vos
355 1820 442 1858 ego,
462 1808 527 1858 qui
545 1808 692 1847 scelera
709 1809 817 1846 istius
839 1810 981 1860 optime
1012 1809 1114 1855 novi,
1135 1815 1175 1847 et
1205 1809 1334 1846 omnia
1363 1815 1561 1859 comperta
1588 1808 1727 1854 habeo,

270 1883 508 1908 accusarem.
565 1872 668 1913 Quin
683 1872 797 1910 etiam
817 1885 906 1910 cum
927 1874 1030 1910 omni
1049 1872 1234 1923 superiori
1249 1879 1420 1923 tempore
1433 1871 1582 1922 judicia
1600 1871 1725 1909 eluse-

271 1932 330 1977 rit,
352 1932 391 1968 in
411 1932 448 1969 id
469 1932 639 1982 conjecit
657 1946 740 1970 sese
760 1939 926 1984 tempus,
947 1934 987 1971 in
1005 1946 1080 1984 quo
1103 1933 1134 1970 si
1163 1946 1239 1971 non
1270 1935 1318 1971 ob
1357 1932 1474 1978 aliud,
1493 1932 1554 1970 vel
1574 1938 1728 1983 propter

269 1993 507 2031 imminentia
521 1994 703 2044 pericula,
722 2007 795 2032 nec
819 1995 980 2041 licitum,
1009 2007 1081 2032 nec
1110 2000 1235 2031 tutum
1269 1994 1377 2031 vobis
1413 2000 1484 2039 est,
1510 1993 1623 2031 istum
1643 2006 1727 2031 cor-

270 2062 424 2106 ruptum
447 2055 710 2106 largitionibus
745 2057 957 2094 absolvere.
1016 2057 1174 2106 Semper
1202 2056 1317 2098 enim,
1340 2054 1614 2100 Athenienses,
1639 2054 1729 2092 odio

269 2116 530 2168 prosequendi
549 2122 651 2163 sunt,
667 2123 705 2154 et
724 2117 908 2167 puniendi
923 2116 1154 2168 proditores,
1170 2123 1209 2154 et
1227 2115 1400 2154 homines
1421 2115 1590 2166 corrupti
1606 2128 1616 2153 ε
1645 2121 1728 2153 tum

269 2190 360 2215 vero
383 2191 485 2215 nunc
505 2176 542 2214 id
566 2191 653 2215 cum
677 2178 806 2228 primis
826 2179 1051 2229 tempestive
1066 2185 1105 2216 et
1123 2178 1319 2216 communi
1344 2191 1433 2215 cum
1448 2177 1612 2215 utilitate
1631 2189 1730 2214 mor-

270 2238 402 2276 talium
419 2238 497 2276 fiet.
553 2238 716 2277 Morbus
737 2239 852 2285 enim,
873 2239 1142 2286 Athenienses,
1157 2239 1293 2290 ingens
1308 2238 1447 2278 invasit
1464 2238 1502 2276 in
1523 2237 1728 2284 Graeciam,

272 2304 309 2335 et
329 2298 508 2343 difficilis,
529 2299 669 2349 quique
691 2313 870 2350 magnam
895 2308 934 2338 et
957 2300 1177 2339 felicitatem
1201 2307 1240 2338 et
1258 2313 1390 2338 curam
1409 2306 1575 2337 vestram
1595 2306 1727 2350 postu-

272 2360 334 2396 let.
369 2359 443 2400 Qui
462 2360 561 2397 enim
583 2368 674 2399 sunt
688 2361 725 2398 in
746 2362 904 2399 urbibus
925 2362 1168 2411 nobilissimi,
1188 2362 1281 2400 etin
1302 2374 1398 2412 quos
1420 2361 1561 2399 collata
1579 2367 1640 2398 est
1658 2361 1729 2398 rei-

271 2420 437 2470 publicae
466 2423 685 2467 auctoritas,
704 2423 743 2459 hi
773 2437 851 2460 suae
885 2423 1100 2475 proditores
1126 2423 1325 2469 libertatis,
1359 2422 1544 2468 infelices,
1569 2422 1668 2459 ultro
1688 2421 1727 2459 in

274 2481 493 2519 servitutem
514 2495 553 2519 se
576 2483 797 2534 conjiciunt,
818 2484 909 2521 dum
937 2484 1101 2535 Philippi
1120 2483 1341 2534 hospitium,
1362 2490 1402 2520 et
1419 2483 1729 2529 familiaritatem,

272 2548 312 2579 et
331 2541 550 2587 amicitiam,
577 2551 691 2593 atque
725 2545 812 2591 alia,
845 2545 1041 2583 minuendi
1074 2558 1192 2583 causa
1212 2545 1394 2590 criminis,
1417 2546 1453 2583 in
1474 2558 1538 2583 ore
1557 2544 1728 2583 habent:

274 2602 389 2640 ceteri
428 2609 569 2649 autem,
603 2611 639 2640 et
673 2604 919 2654 magistratus
954 2605 1192 2656 singularum
1227 2607 1392 2652 urbium,
1424 2607 1644 2658 quicunque
1676 2606 1728 2644 illi

276 2670 379 2708 sunt,
401 2676 423 2701 a
442 2663 578 2714 quibus
600 2665 684 2702 illos
711 2668 878 2704 coerceri
906 2667 1120 2718 oportebat,
1141 2673 1179 2705 et
1211 2668 1339 2705 statim
1359 2668 1497 2714 occidi,
1519 2667 1555 2714 ii,
1578 2674 1728 2705 tantum

275 2727 400 2771 abest,
420 2732 463 2763 ut
483 2725 558 2763 tale
579 2726 722 2776 aliquid
741 2734 870 2778 agant,
901 2734 943 2765 ut
974 2741 1040 2766 cos
1073 2727 1318 2774 admirentur,
1338 2735 1377 2766 et
1394 2728 1610 2766 fortunatos
1623 2727 1728 2778 judi-

275 2794 378 2832 cent,
401 2794 438 2824 ct
458 2787 600 2837 singuli
622 2800 662 2825 se
682 2788 778 2825 tales
797 2802 881 2827 esse
903 2795 1049 2839 optent.

329 2849 393 2885 74.
425 2848 543 2899 Atqui
571 2861 616 2886 ea
647 2861 722 2896 res,
741 2856 780 2888 et
799 2849 986 2901 ejusmodi
1006 2850 1284 2901 aemulationes,
1304 2849 1587 2895 Thessalorum,
1608 2848 1729 2886 Athe-

276 2908 442 2953 nienses,
472 2922 557 2947 cum
592 2923 710 2960 nuper
743 2911 840 2949 adeo
866 2911 1120 2962 principatum
1140 2919 1178 2949 et
1197 2924 1438 2950 communem
1461 2910 1728 2948 auctoritatem
