1923 3149
249 149 325 185 222
757 148 1176 187 ARGUMENTUM.

254 252 384 287 schines,
402 252 638 281 Demosthenes.
658 252 719 282 Eos
731 251 823 291 igitur
837 252 959 282 mittunt
969 253 999 281 iu
1015 252 1236 287 Macedoniam,
1249 252 1400 292 cognituri
1416 264 1525 284 verene
1538 255 1575 284 ad
1589 265 1694 294 pacem

253 311 361 331 versus
377 307 458 331 esset
474 302 592 331 animus
609 302 764 342 Philippi;
791 304 871 342 quod
885 303 910 332 si
928 313 1031 332 verum
1049 307 1142 338 esset,
1155 304 1322 341 jusserunt,
1338 308 1372 332 ut
1387 314 1487 333 secum
1511 305 1695 334 adducerent

252 350 440 391 legatos,qui
451 353 665 393 jusjurandum
683 353 867 392 acciperent.
885 353 1032 392 Regressi
1046 354 1151 382 decem
1165 352 1270 391 legati,
1286 363 1412 391 quorum
1425 364 1502 383 unus
1517 355 1573 384 suit
1590 361 1619 385 et
1636 357 1697 385 De-

253 403 439 437 mosthenes,
454 403 648 433 adduxerunt
665 414 679 432 a
697 404 843 443 Philippo
859 409 921 434 tres
934 405 1062 442 legatos,
1078 403 1284 444 Antipatrum,
1301 405 1542 440 Parmenionem,
1553 412 1583 436 et
1600 408 1696 446 Eury-

254 453 387 489 lochum,
409 458 572 484 exacturos
584 455 808 493 jusjurandum.
832 455 907 484 Cum
925 460 1023 484 autem
1047 459 1288 485 convocarentur
1303 455 1379 485 socii
1404 456 1633 486 Atheniensium
1658 457 1694 486 ad

253 504 385 533 dandum
398 505 621 543 jusjurandum,
639 509 669 534 et
685 514 767 534 mora
791 504 1007 541 intercederet,
1021 505 1195 547 intelligens
1218 506 1442 536 Demosthenes
1461 506 1598 546 Philippi
1615 507 1696 545 inge-

252 554 346 590 nium,
361 565 482 594 semper
497 555 610 595 aliquid
627 555 796 595 subigentis
811 561 842 586 ct
858 558 1032 595 grassantis,
1048 562 1154 587 auctor
1169 562 1216 587 est
1241 557 1491 593 Atheniensibus,
1514 558 1602 587 dandi
1619 559 1699 588 cele-

254 604 328 635 riter
339 606 550 644 jurisjurandi,
566 607 655 636 etiam
673 616 731 636 nou
746 613 895 645 praesente
911 607 1130 647 Cersoblepte;
1154 608 1242 638 nobis
1256 608 1362 646 inquit,
1379 608 1407 637 in
1419 608 1576 638 Thraciam
1590 610 1702 638 abeun-

254 655 337 685 tibus
349 656 558 695 jusjurandum
570 656 656 686 dabit
668 656 894 696 Cersobteptes.
911 657 1075 688 Sciendum
1092 663 1191 688 autem
1206 663 1251 687 est
1269 658 1505 688 Demosthenem
1520 657 1550 687 in
1567 658 1701 688 secunda

255 706 408 745 legatione
422 705 536 736 abiisse
553 707 604 736 tali
620 707 659 736 de
676 717 780 737 causa.
820 708 854 737 ln
872 709 967 748 prima
984 709 1148 748 legatione,
1166 709 1343 748 quibusdam
1363 708 1603 738 Atheniensibus
1626 719 1703 748 quos

253 756 285 786 in
314 757 496 786 Macedonia
511 758 649 796 captivos
673 758 842 795 invenerat,
857 759 1031 797 pollicetur,
1053 770 1086 790 se
1107 760 1177 790 illos
1197 770 1250 789 sua
1274 760 1405 799 pecunia
1422 759 1643 788 redemturum:
1670 758 1701 787 id

256 808 351 845 quod,
364 807 421 837 nisi
432 817 561 846 persona
576 808 681 848 legati,
697 809 798 839 facere
815 819 872 839 non
889 814 1019 849 poterat.
1041 810 1180 841 Jusserat
1195 814 1292 840 autem
1311 810 1381 840 navi
1397 810 1480 840 abire
1498 810 1621 848 legatos²
1642 818 1702 847 quo

256 857 387 887 celerius
403 858 462 888 iter
479 858 673 894 conticerent,
689 864 720 889 et
736 860 909 899 ubicunque
925 860 1102 901 Philippum
1120 871 1188 891 esse
1206 861 1355 895 audirent,
1371 871 1408 890 eo
1420 860 1583 899 proficisci,
1597 865 1627 889 et
1641 860 1704 889 illic

251 909 465 947 jusjurandum
488 910 624 949 exigere.
650 910 703 940 Illi
722 921 795 941 vero
812 922 870 940 non
886 916 1062 950 paruerunt,
1077 912 1130 941 sed
1148 911 1282 950 pedestri
1303 910 1407 940 itinere
1423 911 1573 945 abierunt,
1589 915 1619 939 et
1634 920 1703 939 cum

256 958 286 988 in
305 959 516 990 Macedoniam
540 961 761 999 pervenissent,
780 965 842 991 tres
860 966 940 992 totos
954 971 1074 991 menses
1091 961 1289 995 desederunt,
1306 961 1401 989 donec
1418 960 1521 989 multis
1538 960 1704 989 Athenien-

257 1009 335 1039 sium
351 1011 474 1050 oppidis
485 1011 630 1046 subactis,
643 1011 806 1050 Philippus
819 1017 1033 1047 reverteretur,
1046 1022 1081 1041 ac
1094 1016 1205 1051 praeter
1215 1014 1317 1040 cetera
1327 1010 1395 1049 ipso
1406 1011 1495 1040 etiam
1506 1011 1705 1049 Cersoblepte

256 1065 357 1099 capto.
383 1062 430 1091 Ac
443 1072 480 1091 ne
490 1072 632 1093 reversus
642 1062 764 1101 quidem
779 1063 882 1092 statim
899 1063 985 1093 dedit
994 1062 1217 1101 jusjurandum,
1233 1062 1287 1090 sed
1303 1061 1434 1097 distulit,
1447 1062 1519 1091 dum
1529 1062 1705 1101 expeditio—

256 1121 323 1141 nem
333 1116 438 1141 contra
451 1113 627 1143 Phocenses
640 1113 848 1149 instruxisset,
860 1114 919 1144 etsi
932 1114 951 1143 ii
961 1114 1080 1153 legatos
1091 1114 1128 1143 ad
1142 1123 1210 1142 eum
1220 1113 1258 1141 de
1270 1112 1351 1142 bello
1364 1113 1545 1152 deponendo
1555 1113 1706 1144 miserant.

256 1162 334 1191 Cum
350 1168 449 1192 autem
471 1168 573 1193 contra
590 1164 764 1194 Phocenses
782 1164 1038 1204 proficisceretur,
1057 1174 1114 1193 non
1131 1164 1160 1193 in
1177 1164 1255 1198 sano,
1279 1163 1323 1192 uti
1344 1163 1409 1193 fieri
1425 1174 1481 1203 par
1502 1168 1578 1200 erat,
1595 1165 1650 1194 sed
1675 1165 1705 1194 in

258 1223 394 1252 caupona
409 1215 621 1253 jusjurandum
636 1215 733 1250 dedit,
755 1215 786 1245 in
807 1217 871 1245 haeo
895 1217 1002 1246 verba:
1027 1225 1122 1256 pace
1135 1226 1162 1244 m
1195 1215 1232 1244 fa
1243 1215 1311 1244 cio
1337 1226 1353 1245 c
1366 1226 1384 1245 u
1397 1226 1424 1244 m
1451 1217 1476 1245 A
1487 1216 1524 1245 th
1537 1227 1553 1246 e
1566 1227 1583 1245 n
1594 1216 1671 1246 iens
1682 1217 1706 1246 i-

258 1266 326 1294 bus
352 1270 391 1294 et
425 1265 744 1294 Atheniensium
773 1266 921 1301 sociis,
952 1266 1174 1296 Alensibus
1200 1271 1239 1295 et
1272 1267 1558 1297 phocensibus
1589 1278 1704 1298 exce-

257 1315 357 1354 ptis:
383 1315 464 1353 quod
480 1315 610 1344 Alenses
622 1315 727 1345 hostes
744 1321 845 1346 essent
857 1316 1033 1350 Pharsaliis,
1050 1315 1113 1346 suis
1129 1316 1243 1352 amicis,
1254 1327 1320 1346 cum
1340 1317 1547 1346 phocensibus
1560 1322 1659 1348 autem
1671 1328 1702 1346 se

258 1375 365 1404 pacem
381 1366 481 1395 facere
497 1366 639 1404 negabat,
653 1366 733 1405 quod
747 1366 847 1395 sanum
865 1366 1048 1404 Delphicum
1064 1366 1158 1405 impie
1175 1367 1352 1397 violassent.
1366 1367 1506 1397 Secunda
1521 1368 1615 1407 igitur
1627 1368 1709 1407 lega-

259 1415 338 1445 tione
356 1416 386 1445 iu
411 1416 541 1445 Atticam
559 1421 693 1450 reversa,
711 1415 934 1446 Demosthenes
956 1417 1193 1447 controversiam
1209 1422 1324 1453 movet,
1348 1418 1471 1448 decreta
1487 1418 1626 1458 Philippi
1648 1427 1708 1448 uon

258 1467 378 1506 placere
396 1466 454 1495 sibi
471 1466 625 1496 dictitans.
664 1466 828 1496 AEschines
843 1467 1019 1506 respondet,
1036 1478 1072 1497 ea
1087 1467 1199 1497 dixisse
1222 1468 1399 1508 Philippum
1425 1473 1540 1507 aperte,
1562 1469 1621 1498 sibi
1639 1479 1709 1499 vero

258 1516 288 1545 in
305 1526 407 1546 aurem
426 1517 646 1552 insusurrasse,
665 1517 793 1546 Alenses
809 1522 840 1546 ct
855 1518 1033 1548 Phocenses
1046 1528 1078 1547 se
1095 1518 1270 1557 excepisse,
1284 1528 1334 1554 ne,
1347 1528 1380 1548 re
1399 1519 1620 1554 animadversa,
1632 1519 1710 1549 The—

259 1566 330 1596 bani
347 1567 404 1596 sibi
421 1572 585 1604 caverent3
611 1577 686 1605 quos
702 1567 849 1597 invadere
869 1578 903 1597 ac
920 1568 1051 1607 perdere
1069 1568 1173 1604 vellet,
1192 1569 1249 1598 hos
1265 1573 1510 1599 conservaturus.
1545 1569 1711 1599 Athenien-

261 1628 310 1648 ses
327 1622 426 1647 autem
443 1617 481 1646 de
491 1617 641 1647 sententia
657 1617 823 1652 AEschinis,
841 1618 961 1648 tertiam
978 1618 1162 1658 legationem
1177 1620 1390 1654 decreverunt,
1407 1619 1570 1659 cognituri,
1588 1630 1624 1649 an
1640 1620 1710 1650 Phi-

259 1670 363 1709 lippus
377 1672 473 1698 staret
486 1668 758 1708 pollicitationibus
771 1669 938 1699 AEschinis.
965 1670 1024 1700 Sed
1044 1670 1267 1700 Demosthenes
1280 1674 1311 1700 et
1322 1670 1505 1710 legationem
1523 1671 1664 1709 ejuravit,
1681 1676 1713 1702 et

262 1730 294 1749 se
311 1719 435 1758 negavit
450 1718 611 1758 quicquam
634 1729 704 1748 cum
718 1719 872 1759 legatione
887 1720 932 1749 rei
949 1720 1136 1755 habiturum,
1151 1720 1217 1751 sive
1235 1731 1270 1751 ea
1285 1721 1375 1757 bene,
1391 1721 1456 1751 sive
1473 1721 1552 1751 male
1567 1722 1713 1752 obiretur.

261 1771 337 1799 Tum
349 1770 466 1800 veritus
476 1769 650 1805 AEschines,
663 1781 700 1800 ne
712 1780 835 1800 manens
851 1771 932 1800 domi
946 1771 1165 1800 Demosthenes
1179 1771 1380 1810 persuaderet
1395 1772 1520 1811 populo,
1531 1777 1563 1801 ut
1578 1772 1714 1802 Phocen-

263 1821 348 1850 sibus
363 1820 510 1850 auxilium
531 1821 675 1855 mitteret,
691 1820 824 1855 simulat,
841 1825 874 1849 ut
893 1821 936 1850 ait
949 1821 1184 1855 Demosthenes,
1201 1832 1234 1851 se
1247 1826 1407 1862 aegrotare.
1436 1822 1529 1851 Venit
1541 1822 1633 1852 frater
1648 1824 1714 1861 ejus

263 1871 432 1904 Eunomus,
447 1870 641 1909 adductoque
656 1870 879 1909 medico,jurat
895 1875 1043 1909 aegrotare
1062 1870 1237 1900 AEschinem
1251 1882 1259 1908 ;
1282 1871 1326 1901 sic
1341 1871 1444 1911 ipsum
1461 1872 1642 1908 Eunomum,
1658 1873 1713 1902 AE-

265 1921 380 1951 schinis
391 1921 459 1952 loco
473 1921 604 1960 populus
621 1922 750 1960 legatum
765 1925 858 1950 creat.
874 1920 933 1958 Qui
945 1920 1038 1959 legati
1055 1931 1121 1950 cum
1137 1920 1294 1957 abiissent,
1309 1927 1342 1950 ut
1356 1921 1386 1950 iu
1404 1922 1551 1952 Euboeam
1565 1932 1713 1961 pervene-

266 1977 346 2007 runt,
357 1971 502 2001 audivere
516 1971 690 2000 Phocenses
700 1980 825 2000 eversos
839 1980 905 2000 esse
915 1980 932 1999 a
945 1970 1103 2010 Philippo,
1114 1975 1222 2000 etcum
1235 1971 1386 2001 dedecore
1397 1971 1564 2001 redierunt.
1578 1971 1718 2002 Reversa

265 2021 513 2061 tertialegatione
530 2021 558 2051 in
575 2021 720 2056 Atticam,
737 2020 900 2051 AEschines
915 2026 1023 2060 suapte
1040 2021 1220 2051 auctoritate
1236 2021 1355 2060 legatus
1376 2021 1452 2052 abiit
1467 2022 1505 2051 ad
1525 2022 1717 2061 Philippum,

267 2077 299 2103 ut
315 2073 357 2103 ait
375 2072 609 2102 Demosthenes.
639 2071 802 2101 Sciendum
815 2075 913 2101 autem
929 2076 987 2107 est,
1001 2076 1070 2111 post
1087 2071 1268 2111 legationem
1280 2071 1418 2112 singulos
1434 2072 1554 2112 legatos
1569 2072 1715 2103 rationem

266 2124 451 2155 reddidisse.
468 2125 512 2153 Ac
527 2122 616 2162 primi
628 2122 720 2161 legati
736 2127 794 2152 tam
811 2122 957 2160 praeclare
973 2123 1061 2152 fidem
1079 2132 1163 2152 suam
1177 2123 1354 2162 probarunt,
1371 2127 1403 2152 ut
1421 2123 1647 2153 Demosthenes
1663 2133 1716 2153 eos

267 2176 392 2205 decreto
410 2175 446 2204 ad
465 2174 622 2213 prandium
640 2173 761 2202 invitari
780 2172 917 2211 jusserit.
950 2173 1047 2203 Moris
1064 2173 1141 2203 enim
1159 2177 1234 2209 erat,
1248 2173 1376 2213 legatos,
1392 2183 1424 2202 re
1444 2174 1521 2202 bene
1537 2178 1634 2212 gestu,
1646 2183 1717 2203 con-

268 2226 352 2255 vivio
366 2225 491 2266 publico
502 2224 658 2264 excipere.
687 2224 818 2262 Quidam
835 2224 976 2253 dubitant
987 2235 1041 2254 cur
1052 2235 1104 2254 eos
1123 2225 1359 2259 Demosthenes,
1376 2223 1402 2253 si
1415 2223 1522 2253 scierit
1537 2224 1630 2253 fuisse
1647 2233 1717 2263 pro—

269 2277 398 2313 ditores,
421 2277 458 2306 ad
483 2275 641 2315 publicum
666 2275 842 2305 invitandos
857 2275 1017 2314 prandium
1035 2275 1160 2305 curarit.
1186 2275 1236 2305 Ad
1257 2275 1337 2314 quod
1360 2274 1594 2313 respondemus,
1612 2285 1679 2305 eum
1702 2285 1719 2304 a

268 2328 397 2366 prandio
413 2327 602 2367 propositum
621 2337 724 2356 eorum
741 2325 1003 2356 animadvertisse.
1022 2327 1069 2356 Ex
1089 2326 1258 2365 posteriore
1275 2329 1373 2355 autem
1389 2325 1539 2364 legatione
1556 2325 1638 2355 solus
1655 2327 1720 2355 De-

270 2378 444 2408 mosthenes
470 2378 617 2407 rationem
642 2377 792 2407 reddidit:
819 2387 907 2416 quam
933 2382 964 2406 et
980 2376 1158 2406 AEschiuem
1182 2376 1384 2411 redditurum,
1400 2385 1467 2404 cum
1491 2375 1671 2405 Timarchus
1688 2381 1719 2406 et

271 2428 494 2459 Demosthenes
510 2438 653 2458 accusare
669 2427 884 2458 instituissent.
911 2427 1049 2458 Postulat
1073 2426 1248 2461 AEschines,
1265 2431 1297 2455 ut
1314 2426 1470 2464 inquisitio
1494 2425 1558 2462 fiat,
1579 2426 1658 2456 facta
1673 2424 1718 2456 in-

270 2478 649 2519 quisitione,'l‘imarchum
663 2479 835 2517 prostitutae
846 2478 1001 2517 pudicitiae
1013 2477 1186 2507 convictum
1195 2477 1286 2515 ejicit.
1306 2477 1388 2516 Lege
1402 2477 1479 2506 enim
1493 2477 1668 2513 cavebatur,
1681 2487 1719 2506 ue

269 2530 338 2571 quis
354 2529 528 2570 impudicus
545 2529 763 2568 rempublicam
778 2529 1013 2559 administraret.
1033 2528 1152 2557 Deinde
1169 2527 1347 2567 aggreditur
1360 2527 1721 2577 DemosthenesgAEschi·

271 2592 352 2618 nem,
367 2585 499 2611 accusat.
529 2579 660 2618 Quidam
674 2579 764 2609 etiam
782 2585 929 2621 quierunt,
949 2589 1002 2609 cur
1018 2579 1068 2608 hic
1087 2579 1183 2608 tertiae
1200 2577 1362 2617 legationis
1380 2577 1570 2608 meminerit‘!
1593 2586 1717 2617 respon-

272 2634 392 2668 demus,
414 2642 482 2662 eum
507 2631 636 2661 triennio
653 2636 723 2669 post
739 2631 850 2660 dictam
867 2631 960 2666 diem,
977 2639 1096 2660 causam
1117 2629 1218 2669 egisse
1243 2628 1414 2667 injudicio.
1446 2629 1546 2658 Missa
1567 2628 1648 2658 enim
1665 2637 1719 2666 po-

273 2684 401 2714 steriore
416 2683 579 2724 legatione,
596 2681 808 2716 Athenienses,
824 2682 947 2721 cognito
963 2679 1168 2711 Phocensium
1184 2679 1319 2716 excidio,
1338 2690 1376 2709 ex
1393 2679 1474 2719 agris
1490 2680 1521 2709 in
1545 2679 1649 2708 urbem
1666 2689 1721 2708 sua

274 2738 475 2774 comportant,
486 2739 516 2763 et
527 2733 556 2763 in
566 2743 674 2772 magno
691 2738 759 2762 suut
777 2732 916 2762 tumultu.
940 2731 1084 2761 Triennio
1100 2735 1170 2770 post
1186 2730 1342 2770 ingressus
1360 2730 1584 2760 Demosthenes
1598 2729 1720 2760 AEschi-

274 2797 341 2816 nem
369 2795 525 2820 accusare,
547 2784 607 2813 duo
631 2783 659 2813 ei
683 2782 807 2813 crimina
832 2783 948 2821 objicit,
975 2782 1126 2812 interitum
1154 2781 1355 2811 l’hocensium
1386 2786 1417 2811 et
1439 2784 1564 2820 accepta
1586 2790 1721 2810 munera.

274 2837 436 2867 Sciendum
454 2840 554 2866 autem
572 2840 629 2872 est,
645 2834 831 2874 praecipuum
849 2844 916 2864 csse
940 2834 1052 2863 crimen
1069 2833 1225 2863 interitum
1249 2832 1465 2862 Phocensium.
1484 2831 1529 2860 Ad
1548 2832 1634 2870 cujus
1649 2840 1722 2869 pro-

274 2890 423 2919 bationem
441 2888 534 2918 altera
551 2887 680 2926 quaestio
695 2887 813 2922 incidit,
827 2892 951 2926 propter
967 2886 1126 2924 pecuniam
1142 2884 1319 2916 AEschinem
1340 2884 1370 2914 id
1388 2893 1452 2914 esse
1467 2892 1585 2917 ausum,
1601 2886 1634 2912 ut
1650 2891 1720 2922 pro-
