1923 3149
610 150 900 189 ADVERSUS
934 151 1234 189 LEP‘l'ffiEM.
1578 157 1653 192 305

191 256 289 292 enim
313 255 392 292 istis
423 268 617 292 sacrorum
645 254 863 292 immunitas
884 255 973 291 duta
995 262 1065 291 cst.
1118 255 1166 291 Ut
1187 264 1313 294 autom
1338 258 1470 295 sciatis
1498 259 1579 297 hcec
1602 260 1658 297 ita'

189 331 228 354 sc
249 317 401 358 habero.
423 329 516 367 cape
539 316 701 367 primum
722 316 940 366 exemplum
962 323 1114 358 statum,
1134 317 1273 354 deinde
1301 319 1525 369 principium
1556 321 1651 371 ivgis

189 378 399 428 Leptines.
433 378 580 415 Recita.

626 506 775 542 ΕΧΕΜ
783 505 847 542 PL
857 506 885 540 U
894 505 935 540 M
966 503 1207 543 STATUAE.

186 614 354 657 Auditis,
376 612 644 653 Athenienses,
678 609 898 659 exempium
928 617 1078 653 statum,
1115 609 1218 661 quod
1247 624 1312 648 eos
1344 611 1530 648 immunes
1566 626 1648 650 esse

181 678 303 724 jubet,
320 675 439 713 sacris
452 673 636 723 exceptis.
671 672 808 708 Recita
828 671 943 721 igitur
964 673 1186 723 principium
1210 673 1303 723 legis
1325 674 1540 725 Leptineae.

851 816 976 853 LEX.

181 926 309 964 Bene!
341 923 509 963 Desine!
540 923 640 960 Cum
657 921 889 973 scripsisset,
919 927 975 958 ut
1009 921 1144 959 ditis
1160 922 1277 960 simi
1311 924 1459 962 obire
1476 932 1530 963 nt
1555 938 1646 964 mu·

179 1000 316 1031 nera,
346 984 568 1036 adscripsit,
595 984 849 1035 exceptis
883 983 1155 1021 Harmodii
1181 992 1231 1022 et
1258 986 1658 1037 Aristogitonis

178 1064 202 1101 p
217 1063 270 1088 os
284 1049 377 1087 teri
392 1061 424 1085 S.
456 1048 547 1090 Qua
567 1047 614 1084 de
635 1059 766 1092 causa,
789 1045 976 1096 siquidem
998 1045 1104 1083 obire
1131 1059 1293 1085 munera
1317 1048 1366 1085 ad
1387 1062 1498 1087 sacra
1528 1050 1647 1100 perti-

178 1110 267 1150 net?
289 1111 390 1148 Nam
406 1110 437 1147 si
449 1109 535 1147 haec
550 1107 701 1153 dixerit,
713 1114 851 1145 statuae
867 1106 1059 1145 contraria
1073 1108 1274 1159 scripsisse
1290 1109 1554 1149 convincetur.
1586 1112 1647 1150 Li-

175 1175 311 1212 benter
326 1180 454 1210 autem
468 1184 543 1221 ego
561 1170 761 1220 Leptinen]
781 1170 1065 1220 interrogarim,
1082 1170 1193 1222 cujus
1208 1171 1262 1209 rei
1278 1171 1562 1211 immunitatem
1582 1182 1650 1212 aut

175 1242 218 1274 tu
227 1247 332 1272 nunc
347 1233 423 1270 illis
437 1241 474 1270 te
484 1231 684 1282 reliquisse
700 1230 818 1276 dicaS,
834 1237 900 1268 aut
914 1231 1080 1282 majores
1096 1239 1246 1271 nostros
1262 1233 1352 1271 olim
1368 1234 1539 1283 dedisse,
1553 1236 1647 1274 aedi-

172 1296 255 1335 litia
268 1308 428 1334 munera
447 1294 479 1332 si
500 1293 549 1332 ad
565 1305 677 1331 sacra
694 1292 883 1343 pertinere
907 1292 1048 1330 dixeris
1063 1293 1079 1330 ἲ
1114 1293 1216 1332 Nam
1234 1301 1409 1333 veterum
1427 1296 1558 1347 legum
1576 1310 1645 1335 au-

172 1359 364 1404 ctoritate,
383 1356 612 1394 tributorum
632 1368 720 1406 quae
742 1354 793 1392 ad
811 1354 956 1392 bellum
978 1354 1173 1406 pertinent
1191 1355 1376 1404 omniurn,
1397 1363 1435 1395 et
1453 1358 1646 1397 instruen-

173 1421 309 1460 darum
324 1418 532 1459 triremium
545 1431 624 1456 non
638 1425 731 1455 sunt
746 1415 954 1455 immunes:
976 1417 1259 1456 immunitatem
1272 1432 1387 1470 porro
1401 1419 1645 1459 aedilitiorum

172 1495 388 1527 munerum,
409 1480 597 1532 siquidem
616 1479 684 1517 illa
707 1479 758 1517 ad
778 1492 888 1517 sacra
907 1479 1113 1530 pertinent,
1134 1493 1212 1518 non
1244 1479 1403 1519 habent.
1444 1481 1495 1519 Et
1514 1490 1645 1522 tamen

173 1543 360 1596 scriptum
380 1549 451 1587 est,
473 1542 662 1579 immunes
679 1554 746 1579 eos
762 1553 857 1578 esse.
889 1540 1010 1592 Cujus
1040 1542 1156 1592 igitur
1173 1542 1255 1580 rei?
1283 1556 1374 1581 num
1390 1544 1522 1582 tributi
1538 1546 1645 1596 quod

170 1605 346 1657 inquilini
368 1603 551 1643 solvunt?
580 1604 657 1642 hoc
679 1604 781 1641 enirn
801 1603 987 1654 reliquum
1011 1611 1081 1641 est.
1133 1604 1222 1654 Non
1242 1612 1373 1644 certe:
1411 1607 1479 1644 sed
1512 1620 1643 1647 eorum

171 1682 375 1708 munerum
394 1681 482 1719 quae
501 1667 540 1705 in
562 1667 695 1704 orbem
715 1666 892 1710 redeunt,
914 1666 1243 1716 quemadmodum
1265 1674 1305 1704 et
1335 1675 1463 1706 statua
1482 1669 1643 1716 indicat,

170 1739 210 1771 et
229 1739 271 1771 tu
298 1730 407 1769 initio
427 1730 525 1780 legis
557 1728 738 1774 definisti,
767 1735 805 1765 et
838 1728 968 1765 omnia
996 1730 1193 1779 superiora
1219 1736 1398 1780 tempora
1429 1737 1642 1778 testantur;

170 1808 259 1847 quae
274 1807 363 1833 cum
382 1791 609 1843 longissima
624 1791 920 1836 intercesserint,
942 1804 1066 1842 neque
1082 1791 1204 1829 tribus
1219 1806 1394 1843 unquam
1415 1794 1493 1832 ulla
1508 1808 1641 1846 quem-

169 1869 285 1908 quam
314 1868 364 1893 ex
392 1854 544 1892 illorum
563 1852 708 1890 familia
728 1852 882 1890 aedilem
902 1852 1109 1891 decernere
1134 1866 1233 1892 ausa
1251 1854 1336 1902 fuit,
1357 1869 1481 1907 neque
1501 1857 1535 1895 si
1554 1859 1640 1909 quis

169 1918 265 1958 alius
297 1918 479 1957 decretus
507 1916 581 1954 fuit
610 1915 660 1953 ad
692 1915 1012 1966 permutationem
1046 1915 1278 1954 facultatum
1308 1931 1375 1956 eos
1407 1932 1638 1970 provocare:

167 1994 286 2032 quare
317 1978 618 2019 auscultandum
645 1977 698 2015 illi
731 1990 808 2014 non
836 1983 909 2022 est,
937 1976 969 2014 si
1001 1976 1062 2015 his
1094 1978 1290 2017 contraria
1316 1980 1487 2031 proferre
1519 1995 1639 2024 ausus

168 2042 291 2080 fuerit.

221 2106 286 2143 28.
317 2103 512 2141 Praeterea
536 2101 712 2145 fortassis
731 2102 847 2140 etiam
881 2101 956 2139 hoc
984 2103 1254 2152 exagitabunt‚
1283 2104 1471 2154 quosdam
1496 2107 1562 2157 qui
1595 2121 1638 2146 se

168 2168 426 2219 Megarenses
439 2172 480 2205 et
494 2164 714 2204 Messenios
731 2178 816 2202 esse
830 2165 976 2212 dicant,
990 2177 1153 2215 quorum
1169 2165 1337 2204 maxima
1351 2167 1400 2206 sit
1414 2168 1634 2216 multitudo,

164 2230 356 2268 immunes
376 2240 490 2266 esse:
520 2234 560 2265 et
579 2226 675 2264 alios
696 2226 887 2277 quosdam
908 2239 1039 2264 servos
1055 2233 1096 2264 et
1110 2228 1355 2274 verberones,
1373 2236 1416 2266 ut
1430 2229 1634 2282 Lycidarn,

165 2298 206 2331 et
225 2291 467 2344 Dionysium,
487 2296 526 2330 et
554 2289 621 2342 qui
647 2288 776 2340 palam
797 2294 882 2326 sunt
901 2288 1069 2327 convicti
1089 2302 1174 2328 esse
1194 2290 1307 2328 tales.
1352 2291 1391 2329 Si
1418 2292 1533 2344 igitur
1560 2295 1635 2334 hoc

162 2353 320 2393 dicent:
344 2352 479 2404 jubete
497 2365 581 2398 eos,
599 2351 631 2390 si
649 2350 767 2390 fidem
787 2351 858 2389 sibi
880 2364 903 2389 a
930 2351 1037 2389 vobis
1065 2351 1196 2390 haberi
1223 2352 1356 2400 velint,
1379 2362 1634 2396 senatuscon-

162 2415 264 2455 sulta
281 2414 502 2460 ostendere,
517 2413 657 2465 quibus
677 2414 739 2453 isti
754 2414 947 2452 immunes
963 2413 1052 2452 sint.
1085 2413 1169 2453 Nec
1190 2415 1291 2454 enim
1307 2416 1513 2470 quisquam
1529 2420 1633 2471 apud

163 2490 232 2517 vos
252 2475 431 2516 immunis
445 2483 520 2523 est,
539 2475 613 2514 nisi
632 2475 688 2514 eis
709 2476 759 2514 sit
777 2475 1000 2514 immunitas
1020 2475 1082 2516 vel
1102 2478 1445 2518 senatusconsulto
1463 2478 1525 2518 vel
1545 2480 1633 2533 lege

162 2540 269 2578 data.
296 2537 484 2589 Hospites
503 2537 658 2589 quidem
679 2537 826 2589 publici
851 2543 890 2577 et
919 2543 1190 2590 procuratores
1210 2538 1310 2578 tales
1339 2540 1447 2592 apud
1472 2555 1542 2581 vos
1561 2556 1632 2595 per

160 2599 411 2653 magistratus
431 2598 524 2642 facti
539 2607 643 2645 sunt,
662 2612 827 2651 quorum
842 2612 944 2638 unus
960 2605 1022 2638 est
1032 2597 1230 2651 Lycidas:
1261 2600 1331 2645 sed
1347 2602 1453 2641 aliud
1467 2610 1532 2642 est
1544 2617 1630 2644 esse

159 2662 366 2715 hospitem,
385 2652 494 2700 essiud
512 2659 663 2704 habere,
674 2661 971 2701 immunitatem.
1002 2661 1064 2700 Ne
1090 2661 1205 2713 igitur
1223 2675 1293 2702 vos
1314 2663 1526 2708 seducant3
1557 2679 1628 2707 nec

158 2726 404 2780 quia‘servus
425 2722 590 2776 Lycidas
607 2729 650 2763 et
669 2723 897 2777 Dion-ysius,
914 2732 955 2763 et
973 2724 1072 2766 alius
1098 2725 1249 2778 aliquis,
1269 2739 1337 2777 per
1355 2739 1423 2765 eos
1443 2726 1510 2778 qui
1529 2740 1630 2768 mer·

159 2788 258 2828 cede
291 2785 476 2831 conducti
502 2786 598 2824 talia
622 2785 736 2824 facile
756 2786 943 2833 scribunt,
970 2787 1144 2839 hospites
1173 2785 1269 2825 facti*
1288 2794 1394 2832 sunt,
1425 2796 1628 2839 propterea

160 2851 256 2890 alios
276 2850 431 2902 dignos,
459 2855 499 2887 et
523 2847 679 2894 liberos,
709 2856 747 2886 et
776 2849 923 2899 optime
950 2850 1193 2901 promeritos,
1222 2849 1497 2888 donationibus
1528 2865 1624 2903 quas

152 2914 239 2965 jure
251 2926 281 2951 -a
297 2911 406 2951 tobis
419 2917 654 2962 acceperunt
668 2909 833 2961 spoliare
845 2911 1042 2950 studeant.
1075 2911 1178 2949 Nam
1195 2911 1257 2950 vel
1279 2911 1352 2950 hac
1371 2912 1520 2951 ratione
1534 2927 1625 2954 cum

845 2975 869 3010 2
898 2986 924 3011 Β,
