1923 3149
674 223 900 263 CONTRA
930 222 1159 261 MIDIAM.
1564 226 1641 261 325

192 325 342 363 homine
362 327 520 376 privato,
540 328 604 378 qui
624 327 717 364 nihil
742 326 1027 377 insumpsisset,
1049 332 1253 376 propterea
1274 326 1379 376 quod
1405 326 1556 365 cuidam
1584 327 1641 364 in-

193 386 324 424 fensus
363 396 445 426 erat
478 396 593 439 atque
636 388 822 434 inimicus,
857 387 964 425 illum
999 394 1177 437 sumptus
1214 387 1434 432 facientem,
1473 388 1639 434 aedilem,

192 447 298 484 nulla
330 449 538 499 ignominia
565 456 752 495 notatum,
783 448 1023 499 impudenter
1055 447 1182 485 invadi
1212 455 1250 484 et
1280 450 1483 495 verberari,
1516 462 1640 499 neque

190 509 290 552 festi,
313 523 437 560 neque
459 512 602 561 legum,
622 522 748 560 neque
782 522 1000 547 sermonum
1032 515 1257 553 vestrorum,
1286 522 1409 559 neque
1431 509 1492 546 dei
1512 510 1642 547 habita

190 571 348 608 ratione.
408 572 488 609 Etsi
508 579 648 618 autem,
668 571 938 616 Athenienses,
955 570 1162 608 inimicitiae
1182 571 1278 608 inter
1297 570 1437 607 multos
1458 571 1642 609 interces-

190 639 334 678 serunt,
358 646 432 670 non
456 632 572 670 modo
594 633 760 683 privatis,
780 632 848 670 sed
876 631 1040 682 publicis
1061 631 1173 669 etiam
1194 632 1242 669 de
1262 632 1399 677 causis,
1420 631 1549 669 nullus
1571 646 1638 668 un-

189 706 304 743 quam
321 700 448 731 tamen
468 707 514 732 eo
535 694 638 731 venit
653 693 916 743 impudentiae,
931 701 974 730 ut
993 694 1068 731 tale
1090 693 1294 744 quicquam
1311 692 1483 731 auderet.
1540 693 1640 731 Nam

189 754 419 803 Iphicratcm
436 754 524 791 olim
544 753 650 790 illum
671 754 798 791 ferunt
817 766 839 791 a
858 753 995 791 Diocle
1013 754 1203 792 Pitthensi
1223 754 1378 805 capitali
1391 754 1479 792 odio
1492 753 1641 791 dissen-

188 815 296 852 sisse.
354 814 624 866 Praetereaque
654 815 708 852 sic
740 815 926 860 evenisse,
960 821 1003 852 ut
1035 809 1172 860 Tisias,
1207 814 1408 865 iphicratis
1442 814 1569 860 frater,
1602 814 1641 852 in

186 875 368 915 aedilitate
387 889 476 914 cum
498 877 638 915 Diocle
659 884 966 927 componeretur.
1026 876 1104 913 Sed
1125 883 1267 921 tamen,
1289 876 1461 926 quamvis
1483 882 1521 913 et
1542 875 1638 912 mul-

186 944 247 975 tos
263 938 420 983 amicos,
441 945 479 975 et
500 951 660 988 magnas
680 950 772 988 opes
800 937 959 975 haberet
989 936 1214 987 Iphicrates,
1233 943 1418 986 tantaque
1438 942 1541 974 esset
1560 936 1641 974 ani-

187 998 239 1035 mi
257 991 534 1049 magnitudine,
554 1005 698 1049 quanta
717 1011 801 1036 esse
821 1004 1124 1036 consentaneum
1144 1004 1204 1036 est
1222 998 1341 1035 virum
1362 1004 1401 1035 et
1419 998 1579 1048 gloriam
1604 1004 1643 1035 et

187 1073 254 1098 eos
292 1059 456 1098 honores
495 1066 730 1107 assecutum,
761 1060 901 1110 quibus
926 1060 987 1097 ille
1018 1073 1040 1098 a
1066 1060 1174 1098 vobis
1207 1067 1369 1111 ornatus
1392 1059 1528 1104 fuerat,
1560 1073 1639 1097 non

185 1128 303 1159 noctu
315 1121 513 1159 aurificum
533 1121 702 1160 officinas
721 1122 873 1167 invasit,
889 1134 1015 1171 neque
1036 1121 1085 1158 ad
1105 1122 1244 1159 festum
1258 1127 1394 1172 parata
1412 1121 1642 1159 vestimenta

188 1182 425 1228 dilaceravit,
446 1196 572 1233 neque
590 1183 696 1221 chori
722 1184 946 1234 magistrum
966 1183 1149 1233 corrupit,
1168 1195 1294 1232 neque
1319 1183 1476 1220 chorum
1491 1182 1640 1220 discere

184 1243 392 1295 prohibuit,
415 1251 482 1282 aut
511 1245 718 1295 quicquam
752 1244 841 1291 tale,
873 1244 1003 1294 qualia
1036 1245 1269 1295 perpetravit
1288 1244 1373 1289 iste,
1395 1244 1639 1294 designavit:

187 1305 257 1343 sed
278 1312 315 1342 et
337 1305 466 1356 legum
498 1312 536 1343 et
568 1314 782 1344 vestrarum
816 1306 1057 1344 voluntatum
1090 1305 1223 1342 habita
1252 1305 1414 1352 ratione,
1445 1305 1640 1343 inimicum

185 1379 299 1404 suum
319 1367 502 1404 victorem
527 1373 564 1404 et
581 1374 809 1405 coronatum
829 1373 1001 1417 spectare
1018 1366 1212 1404 sustinuit.
1268 1366 1424 1404 Merito.
1482 1367 1583 1404 Nam
1603 1367 1639 1403 in

181 1441 259 1478 qua
273 1427 354 1478 ipse
369 1428 563 1479 republica
583 1442 622 1466 se
636 1429 793 1466 beatum
807 1441 892 1466 esse
907 1428 1052 1465 factum
1073 1427 1230 1473 sciebat,
1250 1427 1283 1464 ei
1304 1427 1446 1465 talibus
1465 1428 1504 1465 in
1522 1429 1637 1465 rebus

185 1489 480 1527 concedendum
498 1491 671 1541 putabat.
731 1490 925 1527 Praeterea
957 1489 1215 1526 Philostratus
1252 1488 1475 1534 Colonaeus,
1500 1495 1543 1526 ut
1563 1490 1637 1526 sci-

184 1563 268 1588 mus
289 1564 436 1597 omneS,
457 1551 678 1598 Chabriam,
698 1564 786 1588 cum
807 1551 890 1588 dies
910 1551 965 1587 illi
984 1550 1120 1600 capitis
1151 1550 1200 1587 de
1232 1549 1364 1600 Oropo
1389 1550 1496 1588 dicta
1520 1557 1637 1596 esset,

183 1612 393 1657 accusavit,
415 1619 453 1650 et
471 1612 626 1663 quidem
655 1613 826 1650 omnium
855 1618 1124 1650 accusatorum
1143 1612 1217 1648 suit
1248 1612 1465 1656 acerrimus,
1486 1620 1640 1663 postea-

183 1686 258 1723 que
279 1686 365 1710 cum
399 1674 524 1724 pueris
554 1680 730 1724 sumptus
763 1674 813 1711 ad
840 1672 1104 1711 Bacchanalia
1135 1671 1399 1723 suppeditaret
1429 1673 1532 1719 vicit,
1567 1686 1640 1711 nec

182 1734 237 1771 illi
251 1741 379 1772 tamen
399 1734 532 1785 alapas
555 1734 661 1772 dedit
681 1735 883 1780 Chabrias,
902 1747 1027 1784 neque
1055 1746 1234 1771 coronam
1255 1733 1406 1784 eripuit,
1425 1747 1496 1771 nec
1516 1735 1638 1772 omni—

183 1809 233 1834 no
254 1796 304 1834 ad
323 1796 429 1833 illum
451 1796 631 1841 accessit,
651 1797 716 1833 ubi
737 1809 816 1833 non
837 1796 1052 1846 oportebat.
1109 1796 1343 1845 Quanquam
1373 1802 1504 1834 autem
1531 1809 1637 1834 com-

181 1856 310 1907 plures
334 1856 472 1902 habeo,
488 1856 553 1907 qui
572 1856 700 1894 multis
720 1857 769 1894 de
788 1857 914 1895 causis
934 1856 1033 1893 inter
1058 1868 1098 1893 se
1128 1855 1272 1893 inimici
1302 1856 1468 1901 fuerunt,
1487 1857 1636 1895 nullum

181 1924 310 1955 tamen
332 1917 461 1955 audivi
490 1930 675 1967 unquam,
692 1924 759 1955 aut
776 1918 867 1965 vidi,
886 1917 951 1968 qui
971 1929 1016 1955 eo
1036 1916 1280 1955 contumeliae
1302 1918 1461 1963 venerit,
1487 1924 1531 1955 ut
1561 1918 1637 1956 tale

180 1979 326 2030 aliquid
346 1978 581 2029 designaret.

240 2042 302 2077 19.
331 2040 388 2078 Ac
413 2053 461 2077 ne
481 2040 576 2076 illud
596 2040 753 2089 quidem
772 2052 990 2090 quenquam
1010 2046 1179 2077 vestrum
1199 2039 1278 2076 scio
1297 2039 1516 2078 meminisse
1530 2042 1638 2091 prius

180 2102 340 2148 factum,
361 2108 403 2139 ut
420 2101 624 2151 quisquam
641 2101 721 2139 sive
741 2101 930 2152 privatim,
946 2101 1025 2138 sive
1043 2101 1197 2152 publice
1213 2101 1400 2152 susceptis
1414 2101 1635 2149 inimicitiis,

180 2169 248 2201 aut
266 2176 383 2212 quum
395 2162 548 2213 judices
567 2169 810 2209 vocarentur,
831 2161 1051 2208 adstitisset,
1071 2168 1139 2199 aut
1156 2162 1248 2199 dum
1263 2162 1452 2213 jurarent,
1476 2164 1634 2201 eosdem

172 2223 422 2275 Ju1·isjurandi
442 2223 624 2274 religione
635 2224 826 2269 solvisset,
840 2229 906 2260 aut
924 2222 1090 2272 denique
1106 2222 1185 2260 ulla
1203 2222 1270 2260 tali
1289 2235 1327 2259 re
1347 2223 1485 2260 hostile
1502 2224 1633 2261 odium

179 2299 258 2337 prae
278 2298 319 2323 se
335 2285 499 2330 tulisset,
519 2290 633 2334 atque
653 2283 878 2322 effudisset:
909 2297 999 2322 nam
1031 2283 1115 2321 haec
1145 2284 1286 2331 omnia,
1307 2290 1346 2322 et
1370 2287 1452 2331 ejus
1482 2286 1633 2335 generis

179 2347 266 2393 alia,
297 2345 570 2390 Athenienses,
605 2345 848 2382 aemulatione
879 2344 1091 2383 adductum
1123 2345 1303 2395 aliquem,
1322 2345 1388 2395 qui
1417 2345 1466 2383 sit
1499 2347 1633 2393 aedilis,

178 2409 318 2453 facere,
338 2407 511 2445 nonnihil
532 2406 791 2445 excusationis
807 2406 937 2444 habet.
969 2406 1048 2443 Sed
1069 2419 1117 2444 ex
1137 2405 1421 2452 malevolentia,
1441 2408 1635 2456 consulto,

177 2468 344 2518 aliquem
362 2468 401 2504 in
421 2469 534 2506 rebus
553 2467 729 2506 omnibus
759 2467 970 2518 exagitare,
991 2480 1176 2517 suamque
1201 2468 1411 2518 potentiam
1431 2476 1470 2506 et
1488 2469 1634 2508 violen-

177 2529 271 2567 tiam
290 2535 486 2567 ostentare
505 2535 688 2579 tanquam
707 2528 858 2579 legibus
892 2528 1142 2579 superiorem,
1160 2541 1274 2579 grave
1309 2535 1372 2567 est
1403 2530 1634 2578 mehercule,

178 2596 217 2628 et
232 2589 417 2640 iniquum,
437 2602 562 2640 neque
580 2590 673 2627 utile
691 2590 817 2627 vobis.
876 2589 976 2627 Nam
1010 2589 1041 2627 si
1073 2590 1235 2641 quisque
1262 2590 1428 2628 aedilium
1462 2590 1536 2629 hoc
1562 2593 1634 2630 sibi

178 2657 284 2689 certo
303 2663 388 2688 esse
407 2651 647 2701 propositum
667 2652 795 2697 sciret,
824 2651 857 2688 si
886 2650 976 2687 mihi
1005 2650 1070 2689 ille
1098 2651 1232 2689 nescio
1259 2651 1357 2702 quis,
1379 2651 1457 2689 sive
1477 2652 1632 2698 Midias,

177 2712 258 2750 sive
277 2711 469 2762 quispiam
488 2711 599 2756 alius,
620 2713 820 2750 confidens
841 2712 895 2750 ita
913 2712 1108 2763 divesque,
1128 2713 1304 2750 inimicus
1325 2713 1450 2759 fuerit,
1469 2712 1630 2763 primum

176 2782 215 2814 et
231 2775 390 2813 victoria
408 2774 597 2826 privabor,
617 2775 766 2813 etiamsi
795 2775 1020 2826 praeclarius
1053 2775 1180 2826 aliquo
1200 2789 1260 2813 me
1280 2788 1458 2826 gesser03
1489 2776 1630 2816 deinde

176 2836 292 2874 rebus
313 2836 491 2873 omnibus
512 2847 577 2873 ero
597 2835 753 2873 inferior
767 2843 806 2874 et
823 2843 1009 2888 perpetuo
1039 2836 1282 2875 contumeliis
1304 2837 1517 2874 onerabor:
1547 2839 1631 2887 quis

175 2896 229 2934 ita
242 2897 560 2943 inconsideratus,
577 2903 644 2934 aut
661 2896 715 2934 ita
734 2897 922 2948 deplorati
941 2898 1057 2936 animi
1077 2905 1149 2943 est,
1169 2897 1233 2947 qui
1255 2897 1353 2934 ultro
1371 2897 1526 2947 quidem
1546 2900 1630 2938 uni-

175 2970 261 2996 cam
281 2971 303 2996 a
323 2971 364 2996 se
384 2957 606 2996 drachmam
625 2958 860 3008 insumptam
880 2958 998 2997 velit?
1045 2959 1170 2996 Nemo
1189 2958 1375 3009 profecto.
1419 2958 1496 2996 Sed
1518 2959 1628 3009 illud,
