1923 3149
255 189 332 224 274
577 185 653 221 DE
680 183 828 221 MALE
857 183 1032 221 GESTA
1064 182 1395 222 LEGATIONE.

257 289 321 338 qui
342 287 433 324 talia
452 286 702 336 designarint,
721 293 761 324 et
778 286 1014 337 prodiderint
1028 285 1166 330 socios,
1182 291 1222 322 et
1240 285 1398 330 amiCOS,
1413 292 1452 322 et
1468 285 1708 330 occasiones,

256 348 392 397 quibus
411 348 524 385 rebus
543 347 599 392 fit,
621 354 662 384 ut
682 348 917 398 singulorum
934 347 1097 384 fortunae
1110 358 1244 383 omnes
1263 346 1323 383 vel
1338 346 1513 391 floreant,
1527 347 1588 384 vel
1608 359 1710 383 mar-

257 416 438 447 cescant:
470 416 549 446 tum
576 421 664 446 vero
697 408 757 446 isti
787 409 951 446 maxime
972 416 1012 445 et
1035 407 1247 458 justissime
1273 407 1455 444 omniurn.
1493 406 1567 449 Qui
1593 407 1709 453 enim,

259 482 347 506 curn
377 482 426 506 ex
446 481 577 506 eorum
607 482 648 506 se
680 481 766 506 esse
789 482 946 506 numero
975 467 1148 512 voluerit,
1177 467 1242 517 qui
1272 466 1450 517 Philippo
1476 467 1710 513 diffiderent,

260 543 347 568 cum
387 530 491 568 solus
521 537 558 568 ct
586 530 728 580 primus
758 529 1008 580 perspexerit,
1041 541 1283 567 communem
1312 528 1419 565 illum
1447 541 1533 566 esse
1561 528 1711 577 hostem

261 591 484 630 Graecorum
515 592 696 635 omnium,
717 591 923 641 transfugit
943 591 991 628 ad
1018 590 1162 636 hostes,
1185 596 1223 627 et
1243 589 1448 627 stationem
1468 590 1647 634 deseruit,
1673 595 1713 626 et

261 654 386 690 subito
406 653 530 690 factus
553 659 592 690 et
608 652 775 702 Philippi
796 652 991 696 defensor,
1008 664 1133 692 nonne
1155 651 1185 688 is
1201 650 1402 700 multiplici
1419 650 1559 701 dignus
1579 657 1640 688 est
1655 650 1714 687 in-

261 714 402 752 teritu?
433 713 529 750 Haec
554 719 683 750 autem
715 725 798 750 esse
820 722 927 758 vera,
952 725 1024 750 nec
1054 713 1134 762 ipse
1168 711 1309 762 poterit
1339 712 1390 749 ire
1414 711 1573 750 inficias.
1617 710 1714 754 Quis

262 775 363 812 enim
386 781 458 820 est,
479 774 544 824 qui
567 772 819 810 Ischandrum
837 773 999 823 primum
1019 773 1068 810 ad
1088 785 1155 810 vos
1183 772 1396 818 adduxerit,
1417 786 1529 822 quem
1550 773 1714 810 amicum

263 834 486 886 reipublicae
507 847 556 871 ex
575 833 741 871 Arcadia
753 834 830 871 huc
850 834 977 872 venire
997 833 1173 872 dicebat?
1202 834 1287 884 quis
1306 834 1503 884 compilari
1525 834 1716 871 Graeciam

263 904 304 936 et
319 888 629 946 Peloponnesum
645 908 668 932 a
682 894 859 946 Philippo
875 896 1109 940 clamitabat,
1124 908 1192 932 vos
1209 902 1340 932 autem
1359 894 1588 933 dormitare?
1618 894 1716 945 quis,

264 958 330 1008 qui
355 958 560 1008 praeclaras
581 964 619 994 et
642 956 808 1006 prolixas
830 964 868 994 et
892 957 1034 994 multas
1053 956 1137 993 illas
1164 956 1353 993 orationes
1382 956 1660 1001 declamitaret,
1679 961 1719 992 et

265 1018 456 1056 Miltiadis
476 1025 515 1056 et
532 1017 802 1054 Themistoclis
819 1017 1017 1054 decretum
1034 1017 1227 1062 recitaret,
1247 1023 1286 1053 et
1303 1015 1399 1053 illud
1418 1016 1456 1053 in
1477 1016 1636 1066 Agrauli
1657 1027 1721 1053 sa-

265 1081 365 1118 cello
378 1080 669 1117 adolescentum
682 1077 982 1129 Jusjurandum'?
1003 1077 1141 1116 Nonne
1153 1077 1252 1114 iste?
1274 1077 1368 1119 Quis
1381 1084 1513 1115 auctor
1528 1078 1614 1121 fuit,
1634 1084 1723 1115 tam.

267 1150 348 1180 tum
379 1154 457 1179 non
491 1140 541 1178 ad
569 1153 673 1177 mare
706 1141 863 1177 rubrum
896 1139 1074 1189 mittendi
1104 1139 1266 1189 legatos,
1290 1145 1475 1189 tanquam
1502 1146 1540 1176 et
1571 1137 1724 1179 insidiae

265 1204 403 1240 fierent
422 1201 588 1239 Graeciae
610 1215 632 1238 a
653 1194 906 1250 Philippo,'et
924 1213 991 1237 vos
1011 1199 1163 1237 deceret
1182 1199 1220 1236 id
1238 1199 1468 1250 prospicere,
1495 1205 1533 1236 et
1557 1212 1634 1237 non
1654 1199 1722 1237 de·

268 1276 393 1301 serere
420 1262 582 1299 Graeciae
612 1260 857 1298 libertatem?
888 1261 1027 1298 Nonne
1048 1260 1192 1298 decreti
1212 1267 1346 1298 auctor
1369 1260 1544 1298 Eubulus
1562 1261 1648 1306 fuit,
1667 1260 1722 1297 le-

269 1331 382 1374 gatus
413 1314 539 1360 autern
559 1322 598 1358 in
626 1321 940 1371 Peloponnesum
966 1321 1038 1358 iste
1059 1320 1381 1362 ivitAEschines?
1411 1322 1498 1362 Quo
1524 1334 1612 1359 cum
1636 1334 1722 1373 per-

271 1386 455 1430 venisset,
477 1383 570 1433 quid
591 1382 825 1427 disseruerit,
847 1389 885 1419 et
904 1395 971 1432 pro
991 1383 1178 1420 concione
1204 1382 1356 1427 dixerit,
1376 1382 1456 1432 ipse
1476 1383 1603 1419 novit:
1633 1381 1724 1432 quid

270 1460 359 1485 vero
375 1444 619 1490 renunciarit,
634 1444 700 1481 v'os
709 1444 790 1480 scio
805 1443 1022 1480 meminisse
1041 1455 1188 1480 omnes.
1220 1443 1281 1479 Ita
1294 1442 1395 1479 enim
1411 1440 1725 1488 concionabatur,

270 1515 314 1546 ut
341 1508 544 1545 barbarum
564 1511 602 1542 et
630 1511 779 1555 pestem
809 1517 907 1554 saepe
929 1503 1154 1554 Philippum
1180 1503 1407 1547 nominaret,
1436 1510 1477 1540 et
1502 1503 1726 1550 nunciabat,

270 1575 413 1621 quanta
426 1567 563 1604 laetitia
581 1565 753 1603 Arcades
773 1564 1026 1610 afficerentur,
1043 1564 1074 1601 si
1088 1564 1171 1615 jam
1191 1576 1321 1601 curam
1337 1564 1572 1614 suscepisset
1587 1577 1726 1610 rerum,

272 1638 311 1669 et
324 1634 546 1680 experrecta
565 1632 667 1664 esset
686 1626 775 1663 urbs
791 1624 1097 1662 Atheniensium.
1128 1624 1244 1666 Quod
1263 1637 1352 1663 vero
1367 1625 1438 1662 sibi
1456 1625 1625 1662 omnium
1640 1639 1729 1676 gra!

271 1691 470 1730 vissimum
491 1687 714 1731 accidisset,
743 1686 783 1723 id
803 1699 891 1723 esse
911 1685 1079 1730 dicebat,
1100 1685 1207 1735 quod
1226 1685 1265 1722 in
1285 1685 1411 1723 reditu
1429 1686 1468 1723 in
1489 1686 1728 1730 Atrestidam

274 1766 297 1790 a
316 1751 493 1801 Philippo
521 1750 726 1786 abeuntem
747 1747 957 1793 incidisset,
977 1746 1043 1797 qui
1061 1758 1193 1784 secum
1220 1746 1464 1784 mulierculas
1484 1753 1524 1784 et
1546 1747 1728 1798 puerulos

273 1813 564 1865 proficiscentes
584 1810 743 1847 haberet
765 1808 918 1846 circiter
938 1808 1107 1858 triginta,
1130 1819 1172 1844 se
1192 1819 1283 1845 vero
1308 1807 1500 1852 miratum,
1521 1821 1567 1845 ex
1585 1808 1731 1846 viatore

275 1874 444 1926 quodam
463 1871 664 1922 quaesisse,
683 1869 861 1920 quisnam
887 1869 1004 1906 homo
1025 1868 1087 1906 ille
1104 1874 1219 1917 esset,
1244 1874 1283 1904 et
1300 1880 1387 1917 quae
1414 1869 1526 1905 turba
1551 1881 1637 1905 curn
1655 1868 1730 1906 eo?

276 1936 488 1984 Postquam
502 1939 631 1969 autem
643 1930 814 1968 audisset
826 1929 1059 1966 Atrestidam
1075 1928 1178 1965 dono
1191 1929 1359 1979 acceptis
1373 1929 1446 1966 illis
1457 1929 1732 1979 Olynthiorum

277 1996 438 2047 captivis
460 2008 482 2032 a
503 1993 679 2043 Philippo
700 1991 816 2037 abire,
837 1991 1039 2040 indignum
1058 1989 1206 2027 facinus
1227 1989 1299 2026 sibi
1323 2002 1410 2028 esse
1429 1990 1565 2036 visum,
1589 1998 1628 2028 et
1648 1991 1732 2029 illa-

279 2070 486 2109 crymasse,
506 2062 544 2093 et
559 2055 729 2092 doluisse
745 2053 868 2089 vicem
888 2051 1066 2098 Graeciae,
1086 2058 1124 2088 et
1145 2051 1360 2101 segnitiem,
1381 2064 1467 2101 quae
1486 2052 1537 2089 ad
1554 2051 1654 2090 tales
1673 2053 1738 2090 ina

273 2121 396 2171 jurias
412 2117 644 2158 conniveret,
659 2113 844 2162 vobisque
864 2113 996 2156 suasit,
1013 2118 1057 2148 ut
1072 2111 1272 2149 mitteretis
1289 2111 1437 2161 aliquos
1455 2113 1494 2149 in
1514 2112 1734 2160 Arcadiam,

282 2180 347 2231 qui
366 2176 532 2227 Philippi
554 2173 750 2212 studiosos
769 2177 1010 2209 accusarent.
1041 2169 1090 2206 Se
1109 2171 1210 2207 enim
1230 2184 1277 2206 ex
1297 2172 1428 2208 amicis
1456 2173 1610 2210 audisse
1629 2174 1734 2212 dice-

281 2244 362 2287 bat,
388 2240 417 2277 si
436 2235 655 2288 reipublicae
675 2239 816 2271 nostrae
836 2244 938 2270 curae
956 2236 1073 2276 esset,
1094 2230 1202 2280 sique
1227 2229 1376 2280 legatos
1398 2231 1579 2283 mitteret,
1598 2246 1734 2284 poenas

284 2304 368 2341 illos
390 2301 548 2338 daturos
567 2310 666 2336 esse.
1593 2322 1596 2326 ,
1628 2328 1631 2330 ¹

333 2366 396 2401 85.
414 2362 510 2398 Haec
524 2359 638 2410 igitur
650 2365 746 2403 tum,
757 2357 1030 2402 Athenienses,
1040 2360 1080 2392 et
1092 2354 1245 2405 quidem
1256 2355 1502 2405 praeclara,et
1513 2369 1533 2394 e
1547 2357 1745 2408 dignitate⁴

287 2433 429 2464 nostrae
450 2420 554 2459 urbis
575 2433 644 2471 pro
662 2419 847 2457 concione
865 2418 1038 2455 dicebat:
1060 2422 1251 2467 utautem
1270 2416 1308 2452 in
1328 2416 1599 2455 Macedoniam
1619 2420 1742 2468 venit,

288 2495 328 2526 et
356 2486 507 2522 hostem
535 2482 643 2524 vidit,
673 2487 753 2516 tum
783 2492 906 2524 suum,
936 2487 1017 2516 tum
1046 2477 1269 2514 Graecorum
1298 2477 1480 2523 omnium,
1505 2478 1737 2532 Philippum,

289 2545 461 2597 nunquid
481 2543 540 2580 his
557 2541 692 2578 similia
711 2546 778 2582 aut
797 2538 948 2576 affinia?
980 2538 1139 2575 Minime
1162 2537 1356 2587 gentium:
1387 2538 1456 2575 sed
1475 2552 1600 2590 neque
1619 2545 1741 2591 majo-

290 2623 372 2647 rum
399 2618 487 2645 esse
514 2601 809 2647 recordandum,
826 2613 950 2650 neque
975 2598 1187 2649 triumphos
1217 2599 1498 2649 praedicandos,
1517 2614 1642 2652 neque
1659 2605 1741 2642 cui-

291 2682 407 2722 quam
435 2678 550 2717 opem
578 2661 788 2707 ferendam,
818 2673 936 2710 seque
965 2673 1029 2698 eos
1056 2659 1189 2709 quide
1208 2661 1401 2698 sententia
1420 2660 1661 2709 Graecormn,
1691 2664 1741 2703 de

292 2729 470 2771 facienda
486 2739 575 2777 cum
596 2723 773 2773 Philippo
793 2735 888 2772 pace
909 2721 1111 2759 deliberari
1134 2721 1328 2771 juberent,
1353 2722 1528 2773 demirari
1551 2723 1690 2771 aiebat,
1709 2726 1742 2764 si

293 2795 331 2830 in
352 2790 488 2830 vestris
516 2785 670 2838 privatis
696 2783 874 2833 negotiiS,
895 2781 1049 2819 alterius
1068 2781 1173 2819 vobis
1197 2794 1356 2820 assensu
1380 2789 1484 2822 esset
1501 2796 1612 2834 opus,
1637 2797 1742 2824 esse-

293 2868 367 2905 que
395 2849 613 2900 Philippum
642 2846 767 2897 ipsum
795 2856 818 2881 0
847 2843 912 2889 dii,
945 2842 1115 2880 omnium
1147 2843 1468 2882 studiosissimum
1500 2843 1749 2895 Graecorum,

297 2913 665 2966 eloquentissimum,
684 2907 981 2947 Atheniensium
1000 2905 1317 2953 amantissimum,
1343 2913 1513 2954 ceterum
1538 2906 1635 2946 adeo
1653 2920 1752 2959 per,-
