1923 3149
308 101 355 138 38
843 89 1258 128 ARGUMENTUM.

312 199 453 244 quoties
479 195 617 230 dandos
633 194 793 239 itemque
811 193 856 227 ad
883 193 1048 226 ludorum
1069 195 1234 236 sumptus
1257 191 1544 234 impenderetur;
1569 201 1684 235 eaque
1710 202 1765 225 res

311 253 473 298 pervenit
488 253 529 284 ut
546 252 580 284 in
608 259 690 283 eum
708 248 910 282 sanciretur
926 258 1036 292 poena
1053 246 1190 287 mortis,
1217 246 1281 289 qui
1299 245 1441 278 decreto
1458 244 1550 278 hanc
1572 246 1765 288 pecuniam

313 308 357 341 ad
385 307 538 350 priorem
566 306 671 338 finem
698 313 864 336 revocare
882 304 1048 335 tentaret.
1083 300 1330 334 Periculosum
1359 298 1464 340 igitur
1486 299 1603 332 locum
1622 300 1767 332 solerter

312 364 442 395 tractat
460 359 739 399 Demosthenes,
755 358 922 400 civesque
940 367 1023 389 suos
1037 356 1122 390 velit
1137 353 1325 398 pecuniam
1341 363 1423 385 vere
1439 352 1626 387 militarem
1640 354 1684 386 ad
1700 354 1766 387 mi-

314 415 396 449 lites
412 414 558 448 aleudos
575 413 769 446 insumere.

359 472 410 504 9⁰.
439 469 552 502 Paulo
568 467 681 500 fusius
697 466 803 498 docet
819 464 906 508 quid
918 463 1084 497 vitiorum
1100 471 1196 494 nunc
1214 459 1299 494 insit
1312 459 1350 493 in
1369 459 1525 503 Philippi
1539 460 1655 494 rebus.
1674 461 1764 494 Inde

314 522 595 558 Atheniensibus
612 520 739 553 suadet
758 522 797 552 ut
821 519 925 551 ullius
952 515 1280 550 incommoditatem
1305 515 1350 547 ad
1367 524 1469 548 suam
1490 515 1646 558 ipsorum
1668 515 1766 548 utili-

314 580 426 612 tatem
443 578 667 615 convertant,
685 576 721 607 et
739 574 823 606 data
840 583 957 606 rerum
975 570 1246 614 opportunitate
1261 571 1410 602 utantur
1424 580 1528 613 aequc
1546 569 1708 603 alacriter
1724 580 1767 603 ac

316 635 476 667 uteretur
491 630 567 673 ipse
584 628 768 671 Philippus
786 627 813 659 si
833 627 913 659 talis
930 626 995 669 ipsi
1014 626 1156 658 daretur
1172 624 1433 668 opportunitas.

364 688 436 719 10⁰.
467 685 523 718 Eo
539 683 694 716 validius
712 681 852 714 defendi
873 679 1008 712 debent
1025 678 1188 721 Olynthii
1205 677 1314 722 quod,
1333 678 1363 710 si
1389 677 1568 721 Olynthus
1585 678 1767 720 restiterit,

315 738 555 774 Athenienses
572 747 629 770 res
644 746 726 769 suas
745 733 927 767 habebunt
953 742 1077 765 secure
1097 735 1133 764 et
1153 742 1306 775 regnum
1327 730 1484 776 Philippi
1502 731 1713 773 vastabunt3
1738 733 1769 765 si

317 805 401 828 vero
416 795 522 836 capta
538 792 644 825 fuerit
654 793 690 823 ct
701 790 828 827 diruta,
839 787 924 820 nihil
940 786 1141 830 prohibebit
1154 786 1347 830 quominus
1361 786 1420 819 ille
1433 786 1594 820 Atticam
1609 787 1768 821 invadat.

318 849 414 892 Quid
434 847 516 881 inde
534 844 740 879 detrimenti
758 843 802 875 ad
818 842 1059 875 Athenienses
1076 842 1122 874 sit
1139 845 1332 875 venturum
1350 841 1508 874 declarat
1524 843 1652 874 orator.

367 906 436 936 11⁰.
465 899 670 939 Concludit,
694 897 868 931 universis
896 899 932 929 ct
956 896 1116 939 singulis,
1143 899 1220 929 tum
1251 896 1431 936 divitibus,
1463 898 1541 928 tum
1558 896 1770 938 juvenibus,

317 962 392 992 tum
407 955 618 995 oratoribus,
634 953 678 986 ad
694 952 824 985 bellum
839 962 904 994 pro
917 962 981 984 sua
995 949 1089 984 virili
1104 953 1205 994 parte
1218 950 1346 983 acriter
1359 961 1436 983 esse
1449 950 1745 984 incumbendum.

366 1010 457 1044 Haec
470 1009 582 1042 oratio
593 1010 630 1040 et
647 1006 729 1039 duae
748 1006 945 1050 superiores
963 1005 1070 1038 dictae
1086 1006 1172 1038 sunt
1189 1014 1285 1038 anno
1302 1006 1432 1049 quarto
1448 1004 1661 1050 olympiadis
1677 1013 1771 1048 cvii,

316 1064 383 1098 sub
399 1064 567 1098 archonte
584 1060 819 1096 Callimacho.

819 1353 1291 1397 ARGUMENTUM

513 1474 966 1526 OLYNTHIACAE
999 1476 1264 1526 TERTIAE
1299 1475 1574 1539 (PRIMAE)

1042 1593 1086 1614 EX

822 1672 1275 1714 TOURELLIO.

368 1774 494 1809 HAEC'
506 1776 628 1816 oratio,
639 1777 753 1810 eodem
763 1789 828 1822 quo
842 1779 916 1812 duoe
927 1778 1120 1823 superiores
1134 1777 1233 1812 titulo
1248 1777 1426 1824 inscripta,
1440 1779 1477 1812 in
1498 1778 1650 1824 ejusdem
1672 1780 1776 1814 etiam

321 1829 515 1874 argumenti
528 1831 732 1864 tractatione
742 1830 955 1875 ¹qeneraliter
966 1837 1135 1864 versatur.
1164 1830 1333 1878 Olynthii,
1349 1833 1558 1866 vehementer
1572 1846 1594 1867 a
1607 1833 1776 1880 Philippo

320 1884 444 1929 pressi,
455 1883 638 1929 quibusque
654 1886 701 1918 ad
714 1884 804 1919 illud
816 1896 922 1930 usque
935 1892 1077 1930 tempus,
1094 1886 1309 1919 conductitiis
1321 1886 1492 1927 militibus,
1507 1887 1594 1921 male
1609 1888 1650 1922 ab
1668 1888 1777 1923 Athe-

323 1938 492 1972 niensibus
508 1949 707 1972 succursum
709 1939 849 1984 fuerat,
862 1950 966 1973 novas
977 1938 1138 1984 petebant
1145 1939 1271 1984 copias,
1289 1950 1359 1973 ‘non
1372 1952 1412 1974 ex
1427 1943 1661 1983 mercenariis,
1676 1944 1778 1977 sicuti

323 2000 434 2033 antea,
451 1999 483 2026 et
494 1993 690 2038 pereyrinis
706 1993 881 2038 conflatas,
898 2006 1016 2028 verum
1039 1994 1122 2039 ipsis
1147 1993 1434 2035 Atheniensibus;
1459 1997 1522 2040 qui
1544 1997 1675 2031 sincero
1699 2009 1777 2032 cum

323 2059 393 2081 suoe
407 2047 541 2093 glorioe,
558 2053 631 2081 tum
643 2049 830 2082 communis
846 2059 966 2087 causoe,
996 2048 1108 2082 studio
1136 2047 1281 2082 animati
1305 2048 1384 2082 sint.
1433 2049 1492 2083 Esc
1517 2049 1580 2084 hac
1604 2052 1777 2086 occasione

325 2102 571 2137 Demosthenes
583 2103 752 2147 expendit,
771 2103 891 2148 quanti
905 2103 948 2138 iis
964 2103 1124 2138 momenti
1150 2104 1193 2138 sit
1216 2111 1253 2139 ut
1273 2103 1464 2150 Olynthum
1490 2106 1689 2142 incolumem
1704 2120 1777 2142 ser-

323 2164 412 2198 vent,
428 2157 553 2202 quippe
569 2169 644 2202 qum
659 2157 814 2192 ultimum
827 2157 871 2192 sit
894 2159 1046 2204 ipsarum
1064 2158 1283 2193 Athenarum
1295 2160 1608 2206 propugnaculum.
1659 2163 1777 2202 Quon-

324 2211 396 2245 iam
410 2212 519 2256 iyitur
534 2211 636 2245 vicini
652 2212 735 2246 mali
740 2211 899 2257 formido
913 2225 1029 2247 eorum
1045 2213 1228 2258 aliquando
1252 2214 1456 2248 industriam
1481 2216 1584 2257 acuit,
1600 2216 1719 2261 quibus
1734 2230 1776 2252 ne

325 2266 473 2300 maxima
491 2266 627 2310 quidem
640 2266 809 2311 pericula,
826 2268 923 2300 modo
946 2267 1017 2300 sint
1042 2267 1244 2313 longinqua,
1261 2275 1431 2302 terrorem
1446 2268 1599 2304 incutere
1611 2279 1750 2315 possent
1764 2286 1777 2311 ,-

319 2327 505 2366 propterea
519 2319 652 2353 Orator
662 2332 793 2354 summa
807 2321 896 2354 vocis
910 2321 1117 2356 contentione
1140 2334 1247 2368 aquas
1260 2322 1398 2364 clamat,
1416 2330 1577 2370 tanquam
1594 2326 1641 2360 ad
1655 2327 1778 2361 restin-

322 2375 498 2421 guendum
511 2373 644 2414 bellum,
662 2374 760 2420 cnjus
765 2375 845 2421 jam
859 2387 924 2421 per
941 2375 1109 2418 Atticam,
1133 2384 1234 2422 atque
1251 2377 1340 2411 circa
1365 2377 1472 2422 ipsius
1495 2386 1598 2424 caput
1621 2381 1778 2415 scintilloe

325 2428 478 2462 volitant.
528 2428 674 2469 Deinde,
689 2441 754 2474 quo
768 2430 949 2464 certiorem
963 2429 1072 2464 adhuc
1085 2431 1308 2475 expeditionis
1322 2444 1509 2467 successum
1526 2435 1657 2476 reddat,
1673 2448 1776 2481 quam

326 2495 457 2518 necesse
472 2483 516 2517 sit
534 2490 570 2517 ut
598 2484 730 2518 militioe
755 2496 900 2519 munera
915 2496 983 2530 per
999 2497 1034 2520 se
1050 2485 1182 2527 obeant,
1203 2488 1366 2522 ostendit:
1389 2494 1564 2533 postremo
1586 2497 1625 2524 ut
1641 2490 1778 2531 indicet,

326 2550 393 2582 qua
408 2538 594 2572 certissime
614 2539 746 2572 ratione
766 2540 803 2572 in
819 2540 957 2585 hujusce
979 2540 1055 2574 belli
1079 2548 1281 2587 apparatum
1300 2549 1454 2587 sumptus
1472 2544 1601 2588 possint
1616 2546 1778 2590 suppedi-

328 2598 414 2632 tare,
429 2603 550 2626 rursus
560 2593 603 2626 iis
614 2594 654 2626 de
668 2593 813 2628 militari
827 2595 971 2639 pecnnia
986 2596 1091 2629 instat
1104 2608 1115 2630 .·
1140 2597 1187 2630 ud
1202 2609 1274 2630 enni
1290 2609 1366 2630 vero
1378 2600 1526 2639 modum,
1542 2611 1582 2633 ex
1596 2611 1661 2644 quo
1675 2600 1777 2634 intel-

327 2646 471 2691 ligatur,
493 2647 670 2692 prioribus
691 2648 796 2693 ipsius
809 2650 1094 2684 admonitionibus
1111 2662 1179 2684 non
1196 2663 1282 2690 enm,
1297 2664 1393 2696 quem
1409 2665 1476 2698 par
1488 2660 1572 2693 crat,
1588 2665 1776 2688 successum

328 2699 496 2745 obtigisse.
542 2701 778 2741 Athenienses,
794 2703 855 2736 sub
873 2702 1018 2737 Charete
1036 2706 1131 2745 duce,
1156 2705 1304 2739 subsidio
1322 2705 1447 2741 misti-e
1471 2707 1695 2753 septendecim
1715 2709 1779 2742 tri-

331 2766 447 2794 remes,
464 2767 537 2789 cum
555 2755 604 2789 bis
613 2755 703 2790 mille
713 2758 895 2801 peditibus,
909 2759 1075 2804 equitibus
1088 2772 1167 2795 vero
1185 2761 1341 2795 trecentis
1356 2774 1365 2799 ;
1383 2761 1490 2806 iisqne
1501 2762 1666 2803 omnibus,
1678 2763 1780 2797 sicuti

331 2807 490 2851 Olynthii
503 2810 685 2853 petierant,
705 2809 994 2847 Atheniensibus?
