1923 3149
236 224 238 227 y
279 176 353 212 338
762 177 984 216 CONTRA
1017 178 1241 217 MIDIAM.

276 277 325 313 ad
352 289 422 314 nos
450 276 675 328 legionarios
699 280 997 329 perferebantur.
1054 281 1137 319 Nec
1157 281 1259 319 enim
1279 280 1329 318 ad
1349 280 1512 318 eundem
1538 292 1626 318 cum
1646 280 1728 317 istis

277 337 403 375 locum
426 338 680 387 pervenimus.
739 339 797 377 Ita
815 340 846 377 si
865 347 902 378 te
919 347 1075 390 propter
1097 341 1180 377 haec
1205 340 1337 378 derisit
1356 339 1551 383 Archetio‚
1572 346 1639 377 aut
1657 339 1726 376 ali-

277 399 362 448 quis
388 399 499 443 alius,
522 412 653 437 omues
679 400 859 450 agitasti?
915 400 1015 437 Nam
1049 401 1078 438 si
1108 401 1173 439 illa
1202 402 1339 445 fecisti,
1360 401 1494 446 Midia,
1513 414 1599 450 quae
1620 401 1667 438 de
1688 407 1727 438 te

277 461 368 497 socii
388 462 536 510 equites
550 462 764 511 jactabant,
782 468 821 499 et
839 469 880 499 tu
897 462 944 499 de
961 469 997 499 te
1018 462 1092 499 dici
1113 463 1394 512 quereris.jure
1415 461 1513 498 male
1529 461 1726 498 audiebas.

278 520 430 559 Etenim
453 529 492 559 et
509 522 608 567 illos,
637 529 676 560 et
694 522 778 568 hos,
799 529 838 560 ct
856 529 977 560 totam
990 523 1183 561 civitatem
1196 523 1341 574 injuriis
1361 530 1400 560 et
1416 522 1564 573 probris
1584 522 1726 559 afficie-

275 582 358 619 bas.
418 581 484 620 Sin
502 589 538 619 te
559 582 633 620 tale
652 582 743 619 nihil
761 583 1027 633 designantem
1052 583 1208 633 quidam
1228 583 1482 628 confixerunt,
1502 582 1549 620 de
1565 589 1600 619 te
1621 594 1727 619 men-

276 643 430 687 tientes,
451 643 660 692 reliquique
675 643 813 680 milites
829 644 913 681 illos
932 657 1008 680 non
1029 644 1299 694 objurgabant,
1316 643 1384 681 sed
1405 650 1471 680 tua
1487 642 1642 680 infamia
1658 642 1726 691 lae-

275 706 467 749 tabantur,
488 704 734 755 perspicuum
762 711 834 749 est,
853 712 892 741 te
911 705 1033 742 visum
1065 719 1150 742 esse
1185 712 1341 756 propter
1370 704 1524 754 reliquae
1543 710 1620 740 tuae
1637 702 1728 739 vitae

276 766 529 817 petulantiam
558 765 651 802 talia
682 764 887 803 maledicta
919 766 1201 804 commeruisse.
1269 766 1398 817 Majus
1437 765 1550 816 igitur
1587 764 1728 802 habere

276 827 477 865 modestiae
499 826 667 864 studium
680 834 717 864 te
738 826 948 872 decuisset,
969 840 1046 864 non
1067 827 1153 865 illos
1173 826 1410 864 calumniari.
1466 826 1525 864 Tu
1547 838 1638 863 vero
1657 824 1728 862 mi-

276 889 408 926 nitaris
439 889 628 932 omnibus,
658 888 833 938 exagitas
862 900 1022 931 omnes3
1054 888 1228 938 postulas
1259 894 1301 925 ut
1328 887 1404 934 alii,
1423 887 1515 936 quid
1546 894 1588 923 tu
1617 886 1726 930 velis,

276 949 534 994 considerent,
549 951 643 1001 ipse,
656 949 749 1000 quid
769 949 850 987 sine
864 949 1048 988 molestiis
1067 949 1228 986 aliorum
1245 950 1371 986 facere
1387 948 1523 999 possis,
1541 960 1618 990 non
1634 959 1726 984 con-

277 1012 436 1057 sideras,
491 1012 581 1050 Jam
601 1011 703 1062 quod
732 1011 1042 1061 indignissimum
1062 1017 1123 1048 est
1151 1018 1190 1048 et
1219 1010 1426 1048 maximum
1455 1022 1542 1047 meo
1574 1009 1728 1059 quidem

271 1074 417 1124 judicio
436 1074 662 1125 petulantiae
682 1073 834 1124 signum
851 1086 860 1110 z
891 1078 949 1110 tot
968 1072 1155 1117 homines,
1186 1072 1375 1109 nefarium
1401 1077 1531 1122 caput,
1553 1078 1595 1108 tu
1615 1069 1728 1108 simul

276 1135 314 1172 in
334 1136 519 1173 concione
540 1136 776 1173 accusabas!
805 1134 910 1184 quod
929 1134 1012 1184 quis
1033 1134 1129 1171 alius
1149 1146 1227 1171 non
1246 1131 1489 1170 horruisset?

331 1198 394 1234 39.
423 1197 512 1234 Jam
534 1197 670 1235 ceteris
698 1195 917 1241 hominibus
948 1197 986 1232 in
1010 1195 1201 1246 judicium
1216 1195 1407 1240 adductis,
1423 1194 1590 1245 judices,
1611 1206 1729 1231 unum

275 1263 392 1308 atque
424 1257 585 1296 alterum
617 1258 759 1295 crimen
792 1257 905 1307 objici
936 1256 1072 1301 vide03
1102 1265 1216 1306 atque
1245 1256 1319 1293 illis
1340 1255 1437 1293 tales
1459 1246 1728 1293 excusationes

275 1319 431 1357 abunde
451 1326 676 1370 suppetere:
707 1318 832 1360 Quis
861 1332 913 1355 ve
928 1331 944 1354 s
959 1326 1092 1354 trum
1130 1317 1244 1355 talis
1283 1331 1309 1354 n
1323 1330 1427 1354 oxae
1466 1317 1580 1354 mihi
1617 1329 1727 1354 con-

277 1381 412 1419 scius
443 1380 542 1419 est?
599 1380 718 1424 Quis
747 1387 959 1417 vestrum
990 1379 1113 1416 talia
1140 1392 1207 1417 me
1237 1379 1398 1416 facere
1427 1377 1574 1415 vidit?
1623 1377 1728 1415 Non

274 1442 341 1480 ita
371 1443 606 1481 est.—Sed
651 1442 695 1479 in
745 1455 816 1480 me
862 1442 945 1480 isti
992 1455 1047 1480 ex
1091 1441 1361 1479 inimicitiis
1409 1439 1727 1477 mentiuntur.

229 1529 239 1538 .
278 1504 433 1542 Falsis
463 1504 769 1542 testimoniis
798 1517 1067 1554 oppugnor.
1116 1503 1208 1553 Ejus
1239 1503 1389 1553 generis
1418 1502 1505 1539 alia.
1553 1501 1623 1539 Isti
1639 1514 1730 1538 vero

274 1567 465 1616 contrario
485 1566 601 1604 modo
630 1570 690 1604 res
721 1579 808 1604 sese
834 1566 991 1603 liabent.
1048 1565 1129 1602 Vos
1149 1578 1282 1602 omnes
1312 1564 1413 1602 enim
1432 1563 1540 1601 vscire
1571 1563 1731 1600 arbitror

275 1640 402 1665 mores
421 1628 501 1678 ejus
521 1634 560 1665 et
577 1627 844 1676 petulantiam,
862 1627 1028 1677 vitaeque
1048 1626 1304 1670 insolentiam,
1325 1632 1364 1661 et
1387 1623 1616 1674 jamdudum
1648 1623 1729 1674 ple-

273 1701 413 1738 rosque
432 1687 560 1724 mirari
579 1686 772 1731 existimo,
791 1700 858 1723 cur
877 1687 1069 1736 quaedam,
1086 1698 1172 1734 quae
1202 1686 1273 1734 ipsi
1307 1690 1459 1728 norunt,
1480 1697 1582 1721 nunc
1602 1697 1649 1722 ex
1668 1697 1729 1722 me

273 1762 353 1787 non
374 1748 573 1790 audierint.
631 1746 778 1784 Multos
799 1747 914 1785 etiam
945 1746 1088 1794 injuriis
1117 1752 1311 1790 oneratos,
1331 1758 1402 1783 nec
1423 1759 1490 1795 pro
1510 1745 1730 1783 testimonio

274 1810 401 1848 dicere
422 1809 519 1846 velle
535 1808 665 1846 omnia
681 1808 806 1853 video,
826 1820 913 1857 quae
932 1809 978 1844 ab
998 1807 1068 1844 isto
1089 1813 1177 1844 sunt
1196 1807 1380 1856 perpessi,
1400 1820 1488 1844 curn
1508 1806 1730 1844 violentiam

276 1871 386 1910 istius
419 1878 459 1908 et
490 1869 816 1921 importunitatem
850 1874 1037 1913 metuant,
1073 1875 1190 1918 atque
1221 1880 1326 1918 opes,
1346 1881 1432 1917 quae
1462 1874 1657 1918 potentem
1691 1874 1730 1905 et

275 1931 526 1972 metuendum
553 1930 739 1967 nefarium
767 1929 881 1966 istum
903 1929 1084 1966 efficiunt.
1132 1928 1230 1965 Nam
1251 1927 1351 1978 quod
1379 1929 1607 1966 auctoritate
1635 1928 1729 1966 divi-

275 1994 411 2044 tiisque
444 1992 594 2043 pollens
618 1991 816 2042 improbus
837 1996 907 2035 est,
927 1997 967 2027 et
987 1989 1181 2040 petulans,
1200 2002 1245 2026 eo
1266 1989 1375 2039 quasi
1396 1989 1730 2040 propugnaculum

272 2055 470 2106 ,quoddam
490 2054 609 2090 habet
627 2060 760 2091 contra
781 2052 928 2089 subitos
949 2051 1131 2088 vindictae
1152 2051 1331 2088 insultus.
1390 2051 1468 2088 Sed
1488 2051 1518 2088 si
1537 2051 1570 2088 ei
1591 2064 1652 2088 res
1672 2051 1730 2089 fa-

275 2116 432 2153 miliaris
453 2115 655 2158 adimatur,
676 2114 840 2159 fortasse
872 2112 936 2150 fiet
957 2113 994 2149 in
1021 2118 1214 2163 posterum
1237 2112 1456 2150 modestior.
1511 2111 1730 2163 Posteaque

274 2177 434 2214 minoris
454 2176 652 2227 putabitur
671 2188 785 2225 quam
802 2174 972 2212 omnium
986 2174 1170 2215 ,minimus
1191 2173 1291 2224 apud
1311 2186 1393 2211 vos.
1451 2173 1609 2210 Frustra
1627 2173 1728 2210 enirn

276 2238 551 2276 conviciabitur
569 2244 608 2274 et
627 2235 850 2274 clamitabit.
908 2235 1052 2286 Siquid
1073 2235 1283 2281 admiserit,
1300 2235 1432 2272 eadem
1456 2247 1534 2286 qua
1553 2242 1729 2272 nostrum

275 2299 415 2349 aliquis
448 2312 561 2349 poena
593 2298 788 2336 afficietur.
846 2297 961 2334 Nunc
987 2296 1175 2347 praesidiis
1200 2309 1288 2334 curn
1315 2296 1384 2334 niti
1413 2296 1584 2334 videmus
1614 2296 1731 2348 Poly-

277 2361 395 2404 eucti,
418 2361 660 2408 Timocratis‚
682 2359 942 2403 Euctemonis‚
961 2358 1183 2408 nequissimi
1202 2357 1379 2396 hominis.
1409 2357 1522 2395 Tales
1537 2358 1726 2408 quosdam

274 2422 462 2461 satellites
483 2434 612 2459 secum
634 2421 761 2458 habet.
820 2420 870 2457 Et
901 2426 1039 2470 praeter
1067 2419 1154 2465 hos,
1175 2418 1284 2464 alios,
1304 2418 1459 2456 testium
1480 2420 1729 2458 constitutam
1774 2423 1776 2425 ’

273 2483 537 2525 sodalitatem,
572 2489 701 2532 aperte
732 2481 885 2531 quidem
924 2493 1002 2517 non
1035 2479 1322 2518 adversantium
1354 2479 1477 2527 vobis,
1512 2481 1578 2518 sed
1612 2483 1729 2520 tacite

278 2545 485 2586 mendacia
523 2544 701 2583 facillime
738 2551 833 2580 nutu
873 2542 1219 2594 comprobantium.
1287 2542 1394 2583 Quos
1433 2542 1581 2580 medius
1616 2543 1730 2582 fidius

277 2608 370 2646 nihil
390 2609 438 2645 ab
459 2607 533 2645 isto
558 2604 803 2642 emolumenti
824 2617 959 2654 capere
978 2609 1086 2654 puto.
1143 2603 1222 2640 Sed
1251 2602 1289 2640 in
1313 2603 1389 2641 hoc
1410 2604 1570 2642 artificio
1585 2605 1730 2643 exerci-

277 2668 453 2709 tatissimi
472 2672 576 2710 sunt,
605 2664 877 2708 Athenienses,
915 2671 955 2701 nt
986 2677 1073 2701 cum
1105 2663 1287 2701 divitibus
1318 2677 1359 2702 se
1398 2664 1650 2716 conjungant,
1668 2666 1728 2703 his

278 2729 417 2775 adsint,
434 2726 694 2766 testimonium
714 2726 857 2763 dicant.
916 2725 1014 2762 Sunt
1035 2731 1163 2762 autem
1195 2725 1270 2763 ista
1291 2725 1431 2771 omnia,
1453 2726 1600 2777 opinor,
1620 2726 1727 2765 terri-

276 2791 368 2831 bilia
384 2789 521 2829 ceteris
541 2788 662 2833 vobis,
682 2799 751 2838 per
772 2799 857 2824 sese
884 2798 1008 2823 rerum
1039 2799 1208 2831 suarum,
1228 2792 1270 2824 ut
1289 2787 1448 2837 quisque
1468 2793 1610 2837 potest,
1626 2793 1729 2825 sata-

276 2853 472 2902 gentibus,
529 2851 616 2892 Qua
633 2849 746 2888 etiam
768 2847 817 2885 de
842 2860 963 2885 causa
984 2859 1051 2884 vos
1073 2848 1309 2886 convenitis:
1341 2856 1384 2885 ut
1403 2848 1540 2898 quibus
1559 2848 1729 2898 singula-

278 2914 344 2952 tim
382 2912 646 2962 unusquisque
677 2916 843 2949 vestrum
874 2915 932 2946 est
971 2907 1136 2954 inferior,
1169 2909 1247 2946 sive
1284 2901 1430 2956 amicis,
1463 2908 1541 2947 sive
1578 2910 1729 2961 opibus,
