1923 3149
743 130 816 168 DE
849 127 1090 166 CORONA.
1568 127 1640 164 165

201 245 329 270 rursus
359 237 418 284 [ut
436 233 540 270 initio
569 232 720 271 dicendi
740 233 830 282 feci]
857 232 949 270 deos
969 229 1200 268 immortales
1227 229 1415 276 invocare,
1436 242 1578 280 eosque
1597 230 1636 268 in

200 300 412 345 conspectu
434 301 560 332 vestro
574 307 710 345 precor
731 294 904 345 primum,
921 299 964 329 ut
978 300 1160 342 quantam
1175 303 1248 339 ego
1266 304 1415 341 semper
1430 304 1521 342 erga
1537 299 1576 330 et
1586 291 1640 330 ci-

200 355 355 393 vitatem
370 363 533 393 vestram
555 369 698 406 vosque
724 356 920 393 universos
939 352 1246 391 benevolentiam
1266 352 1404 397 habeo,
1425 359 1533 390 tanta
1551 353 1642 391 mihi

200 429 222 454 a
240 417 346 454 vobis
360 417 397 454 in
417 417 490 454 hoc
504 416 651 467 judicio
670 417 857 455 tribuatur
872 428 880 453 ε
911 414 1050 452 deinde
1065 420 1108 450 ut
1122 412 1223 463 quod
1238 412 1286 449 ad
1302 425 1541 450 communem
1561 427 1641 451 om-

199 477 303 514 nium
325 478 639 515 existimationem
660 485 699 515 et
731 478 780 515 ad
806 476 1040 526 singulorum
1062 474 1282 523 religionem
1303 486 1533 523 magnopere
1552 487 1643 512 con-

199 540 306 585 feret,
324 541 363 578 id
383 541 488 578 vobis
509 541 560 579 dii
578 540 794 577 concedant
812 547 854 577 ut
875 540 912 576 in
927 538 998 575 hac
1013 550 1129 575 causa
1146 536 1335 574 statuatis.

253 604 292 638 5.
324 602 363 638 Si
391 601 504 651 igitur
523 614 570 637 ea
588 607 735 638 tantum
758 601 916 638 crimina
934 605 1202 650 pertractasset
1231 598 1431 635 AEschines
1447 599 1493 635 de
1508 598 1646 648 quibus

201 662 387 699 actionem
418 661 593 705 intendit,
615 674 686 711 ego
707 675 859 712 quoque
880 661 927 698 de
955 652 1038 711 ipso
1058 665 1214 696 senatus
1241 659 1498 709 praeconsulto
1518 661 1646 698 statim

199 722 504 772 respondissem:
536 721 604 758 sed
629 722 805 772 quoniam
826 722 862 758 in
883 721 965 759 aliis
984 722 1098 758 rebus
1130 720 1366 770 exponendis
1396 720 1497 757 haud
1523 722 1646 759 minus

199 783 357 821 multam
375 783 585 820 orationem
600 784 852 835 consumpsit,
865 791 904 821 et
920 783 1032 820 simul
1046 783 1093 820 de
1108 795 1168 819 me
1184 782 1346 832 plurima
1361 782 1562 820 ementitus
1578 790 1647 831 est,

198 844 455 882 necessarium
475 858 560 882 esse
576 845 749 883 existimo
764 852 878 896 atque
891 845 1156 895 adeojustum,
1171 856 1296 894 pauca
1306 844 1425 894 priuS,
1443 844 1649 882 Athenien-

201 920 276 952 ses,
295 906 354 943 his
388 906 435 944 de
454 908 566 945 rebus
597 907 736 953 dicere,
765 913 808 944 ut
827 907 962 958 nequis
982 913 1152 944 vestrum
1172 905 1298 943 verbis
1319 905 1368 942 ad
1389 905 1493 943 litem
1513 919 1647 956 parum

200 968 464 1018 spectantibus
491 968 682 1006 adductus
705 968 889 1007 alieniore
904 982 964 1006 me
984 967 1111 1006 animo
1140 967 1272 1006 audiat
1287 969 1374 1017 jura
1392 980 1522 1005 eausae
1542 981 1647 1005 com-

201 1035 486 1067 monstrantem.
544 1030 678 1080 Itaque
698 1030 802 1080 quod
822 1030 871 1067 ad
891 1030 1077 1081 privatam
1097 1029 1252 1080 quidem
1270 1029 1387 1066 vitam
1407 1028 1582 1080 pertinet,
1599 1030 1648 1068 ad

201 1103 333 1128 omnes
350 1104 415 1128 eas
428 1091 679 1129 contumelias
691 1105 940 1142 quascunque
963 1092 1001 1128 in
1027 1105 1088 1129 me
1109 1091 1342 1129 conviciator
1355 1090 1416 1128 hic
1431 1090 1582 1138 effutiit,
1595 1091 1649 1129 vi-

201 1151 289 1189 dete
303 1165 417 1202 quam
433 1152 652 1202 simpliciter
663 1166 852 1203 quamque
859 1153 965 1203 juste
982 1152 1248 1203 respondeam.
1279 1152 1319 1189 Si
1334 1165 1394 1190 me
1405 1165 1492 1189 eum
1507 1166 1650 1203 cogno-

199 1212 319 1259 vistis,
335 1226 449 1263 quem
469 1213 540 1251 iste
560 1227 646 1252 esse
667 1227 727 1252 me
746 1214 965 1252 criminatus
987 1221 1242 1264 est,—neque
1257 1214 1356 1251 enim
1374 1227 1534 1264 usquam
1560 1214 1649 1251 alibi

199 1287 313 1325 quam
336 1275 439 1326 apud
466 1289 532 1313 vos
559 1275 703 1321 vixi—‚
731 1290 778 1315 ne
810 1289 942 1313 vocem
963 1275 1118 1326 quidem
1137 1288 1262 1313 meam
1282 1275 1482 1320 sustinete,
1501 1275 1650 1312 etiamsi

199 1336 328 1373 omnia
346 1337 500 1376 omnino
519 1338 705 1388 praeclara
735 1338 888 1389 publice
919 1337 1035 1388 gessi,
1055 1337 1144 1387 quin
1165 1337 1308 1388 surgite
1328 1349 1467 1387 meque
1490 1336 1649 1387 jamjam

198 1398 464 1438 condemnate.
522 1400 590 1437 Sin
617 1399 692 1438 isto
725 1400 845 1437 multo
879 1406 918 1437 et
949 1399 1141 1436 meliorem
1170 1405 1210 1437 et
1230 1412 1252 1436 a
1269 1398 1490 1436 melioribus
1510 1404 1649 1444 ortum,

200 1460 307 1498 nullo
322 1461 488 1512 denique
505 1475 636 1500 eorum
653 1462 717 1512 qui
731 1462 911 1500 mediocri
927 1461 1015 1500 loco
1031 1468 1134 1507 sunt,
1149 1474 1197 1499 ne
1211 1460 1303 1512 quid
1318 1460 1549 1498 invidiosum
1563 1473 1651 1511 pro-

200 1521 333 1568 feram,
353 1522 579 1561 deteriorem
608 1536 668 1561 me
688 1537 870 1575 meosque
893 1530 932 1561 et
951 1523 1180 1561 existimatis
1203 1528 1241 1560 et
1261 1521 1434 1567 novistis,
1466 1535 1537 1559 nec
1568 1522 1651 1559 aliis

202 1582 249 1619 de
272 1584 384 1621 rebus
414 1584 474 1622 isti
504 1584 714 1628 creditote;
745 1585 988 1637 perspicuum
1007 1592 1067 1622 est
1085 1584 1185 1622 enim
1205 1583 1333 1621 omnia
1353 1583 1400 1620 ab
1420 1595 1466 1620 eo
1485 1583 1654 1620 similiter

201 1657 285 1681 esse
305 1645 494 1683 conficta:
525 1646 616 1683 mihi
636 1659 728 1683 vero
748 1660 864 1696 quam
884 1645 1188 1684 benevolentiam
1209 1645 1313 1682 omni
1331 1652 1502 1695 tempore
1520 1644 1651 1682 multis

201 1704 239 1741 in
250 1705 402 1753 judiciis
416 1707 603 1757 prioribus
620 1707 853 1753 ostendistis,
873 1721 975 1745 nunc
991 1720 1142 1758 quoque
1157 1713 1351 1758 praestate.
1395 1706 1473 1743 Sed
1493 1718 1581 1742 cum
1601 1705 1651 1743 sis

201 1778 324 1816 usque
355 1780 401 1804 eo
434 1774 637 1812 veterator,
660 1768 853 1816 AEsehine,
886 1768 957 1806 hoe
987 1776 1117 1804 tamen
1142 1767 1296 1804 omnino
1316 1766 1454 1804 stolide
1474 1767 1652 1817 opinatus

203 1839 260 1872 es,
272 1840 332 1864 me
354 1828 540 1866 factorum
561 1842 731 1866 meorum
746 1836 784 1866 et
798 1842 922 1866 rerum
941 1828 1094 1878 publice
1115 1834 1308 1877 gestarum
1323 1827 1442 1865 missa
1460 1828 1652 1866 mentione

203 1888 251 1926 ad
277 1890 449 1939 convicia
474 1897 541 1929 tua
569 1891 780 1928 orationem
801 1902 1087 1928 conversurum.
1132 1888 1220 1925 Non
1247 1887 1419 1938 profecto
1444 1889 1482 1926 id
1501 1888 1653 1937 faciam,

204 1949 347 1988 nonita
365 1949 523 1997 insanio,
550 1965 681 1990 verum
702 1965 762 1989 res
784 1951 936 2002 publice
958 1957 1086 2001 gestas
1106 1962 1201 1999 quas
1230 1955 1271 1986 tu
1301 1949 1510 1987 mendaciis
1530 1956 1569 1987 et
1587 1958 1652 1988 ea-

203 2010 356 2049 lumniis
383 2013 614 2062 proscidisti,
631 2014 757 2052 statim
785 2013 991 2060 excutiam,
1010 2011 1120 2049 istius
1142 2017 1269 2049 autem
1290 2017 1368 2048 tam
1388 2011 1522 2048 effusae
1541 2019 1653 2062 petu-

203 2071 332 2109 lantiae
352 2073 546 2125 deincepS,
567 2075 597 2112 si
618 2075 734 2112 modo
752 2074 811 2112 his
829 2074 960 2112 audire
976 2073 1175 2125 placuerit,
1195 2072 1427 2111 mentionem
1446 2073 1600 2111 faciam.

258 2134 295 2170 6.
327 2134 497 2173 Crimina
515 2136 629 2186 igitur
648 2136 739 2173 mihi
758 2135 911 2186 objecta
930 2141 1020 2173 sunt
1045 2135 1166 2172 multa
1193 2140 1232 2172 et
1251 2134 1409 2179 atrocia,
1428 2141 1465 2172 et
1491 2148 1653 2185 quorum

204 2196 396 2233 nonnullis
427 2209 570 2247 magna
610 2204 648 2235 et
678 2197 814 2234 ultima
836 2196 1025 2249 supplicia
1044 2196 1194 2247 legibus
1226 2202 1316 2233 sunt
1341 2195 1510 2233 indicta:
1540 2196 1653 2246 hujus

205 2261 331 2293 autem
353 2258 608 2296 accusationis
630 2258 868 2309 propositum
886 2258 1010 2309 ipsum
1032 2257 1072 2294 in
1103 2270 1143 2294 se
1173 2257 1314 2308 pariter
1330 2256 1494 2294 includit
1521 2264 1561 2294 et
1585 2257 1655 2294 ho-

207 2316 331 2354 stilem
345 2320 586 2358 vexationem
602 2327 640 2357 et
654 2320 926 2358 contumeliam
941 2326 980 2357 et
991 2319 1204 2358 convicium
1223 2319 1539 2370 petulantemque
1556 2319 1654 2370 inju-

206 2378 298 2415 riam
318 2386 356 2416 et
374 2380 412 2417 id
433 2395 553 2431 genus
580 2382 772 2428 universa,
798 2382 903 2433 quod
922 2382 954 2420 si
973 2395 1018 2420 ea
1036 2395 1122 2432 quae
1143 2388 1345 2419 accusator
1373 2381 1515 2430 objecit
1538 2388 1654 2431 atque

208 2440 410 2487 recensuit,
420 2455 509 2480 vera
528 2450 670 2489 essent,
681 2443 898 2494 respublica
916 2456 987 2481 nec
1007 2442 1144 2493 dignas
1164 2455 1235 2480 nec
1248 2441 1376 2492 dignis
1395 2442 1586 2492 proximas
1607 2443 1654 2480 de

209 2513 268 2537 me
289 2514 436 2539 sumere
456 2517 590 2553 poenas
610 2505 689 2542 ullo
709 2505 823 2542 modo
843 2511 984 2556 potest.
1042 2504 1177 2555 Neque
1209 2504 1309 2542 enim
1336 2503 1513 2554 cuiquam
1539 2503 1655 2541 adimi

210 2560 325 2599 debet
343 2562 393 2599 ad
422 2565 605 2614 populum
635 2566 845 2604 accedendi
878 2567 991 2617 copia
1010 2572 1049 2604 et
1067 2566 1187 2603 libera
1206 2565 1359 2604 dicendi
1377 2572 1564 2616 potestas,
1585 2565 1652 2602 sed

209 2622 262 2660 uti
281 2623 353 2661 hoc
373 2624 439 2662 fiat
465 2627 677 2676 petulanter
704 2627 921 2666 insectandi
953 2628 1076 2679 gratia
1102 2634 1141 2665 et
1167 2627 1368 2678 explendae
1396 2625 1653 2671 invidiae,—id

209 2696 297 2721 vero
316 2698 384 2735 per
402 2686 494 2723 deos
515 2687 745 2726 immortales
766 2703 891 2740 neque
911 2696 1057 2727 rectum
1090 2695 1147 2727 est
1178 2702 1302 2739 neque
1322 2688 1433 2726 civile
1453 2698 1576 2735 neque
1589 2685 1653 2735 ju-

210 2751 324 2791 stum,
339 2746 596 2786 Athenienses
609 2753 713 2786 !—at
724 2763 809 2800 quae
824 2763 884 2788 me
895 2750 1065 2788 facinora
1080 2750 1316 2788 committere
1331 2749 1370 2786 in
1384 2746 1654 2797 rempublicam

211 2806 376 2852 videbat,
396 2810 603 2859 praesertim
626 2823 713 2848 cum
742 2817 849 2850 tanta
871 2812 1022 2857 fuerint,
1044 2818 1188 2862 quanta
1207 2810 1361 2861 quidem
1380 2809 1494 2846 modo
1511 2807 1654 2856 tragice

211 2867 455 2908 vociferando
475 2871 709 2918 recensebat,
723 2885 852 2910 eorum
871 2887 1005 2924 poenas
1020 2873 1169 2922 legibus
1191 2871 1417 2910 constitutas
1438 2869 1653 2908 recentibus
