1923 3149
302 89 347 127 16
756 87 1065 129 PHILIPPICA
1095 87 1286 127 PRIMA.

293 203 408 237 nunc,
427 189 613 242 siquidem
633 190 671 230 id
690 192 794 243 prius
815 192 958 231 factum
977 205 1053 229 non
1073 190 1160 230 est?
1189 203 1264 227 non
1295 188 1477 227 ditionem
1507 189 1589 238 ejus
1618 188 1744 228 classe

294 254 550 292 invademus?
605 255 657 292 At
675 268 753 305 quo
774 253 1037 307 appellemus?
1057 260 1166 303 roget
1183 252 1333 302 aliquis.
1388 251 1543 301 Aperiet
1562 265 1639 302 qua
1657 252 1744 290 viti-

293 329 373 353 osae
390 315 466 353 sint
478 329 535 354 res
555 315 719 366 Philippi
731 312 871 353 bellum
888 316 1026 366 ipsum,
1038 314 1308 357 Athenienses,
1323 312 1437 348 modo
1450 312 1742 361 aggrediamur:

294 388 427 415 verum
448 377 478 414 si
499 376 601 414 domi
621 377 853 423 sedebimus,
871 376 1132 414 conviciantes
1152 373 1316 411 audituri
1332 379 1371 411 et
1390 372 1632 410 criminantes
1647 374 1745 410 inter

296 451 337 476 se
357 445 543 482 oratores,
574 450 651 476 non
670 438 748 476 fieri
775 438 853 475 ulla
877 438 1020 475 ratione
1039 448 1206 485 unquam
1226 441 1367 485 potest,
1388 440 1432 471 ut
1449 433 1656 483 quicquam
1675 434 1746 471 rite

296 499 559 538 conficiamus.
617 499 846 549 Ubicunque
863 498 975 542 enim,
999 497 1146 547 opinor,
1162 509 1248 546 pars
1269 495 1395 545 aliqua
1409 494 1570 532 civitatis
1591 494 1747 544 ablege-

295 568 356 600 tur
378 562 530 600 tametsi
552 569 634 600 tota
663 574 738 599 non
763 561 875 604 adsit,
909 560 958 597 ibi
981 566 1020 596 et
1038 559 1194 596 deorum
1225 563 1265 595 et
1282 557 1444 594 fortunae
1475 555 1745 593 benevolentia

295 624 496 662 nobiscum
529 623 687 661 militat:
732 635 819 660 eum
846 628 972 658 autem
1004 620 1266 670 imperatorem
1288 624 1326 655 et
1357 618 1552 655 decretum
1572 617 1686 654 inane
1706 621 1746 652 et

295 686 418 725 factas
440 698 460 722 e
475 692 659 735 suggestu
675 697 762 734 spes
789 682 946 727 mittitis,
966 681 1058 718 nihil
1082 693 1104 717 a
1124 680 1231 717 vobis
1259 679 1419 717 feliciter
1439 678 1594 728 geritur,
1615 676 1684 714 sed
1703 681 1745 712 ut

295 746 426 784 hostes
445 745 620 784 derident
638 743 852 782 istiusmodi
872 741 1147 793 expeditiones,
1175 742 1228 778 ita
1248 740 1338 778 socii
1359 746 1464 777 metu
1496 738 1746 776 emoriuntur.

295 808 385 846 Non
418 808 516 845 enim
548 814 686 858 potest,
715 819 792 844 non
822 811 951 856 potest
985 804 1080 848 fieri,
1116 810 1160 841 ut
1195 815 1293 840 unus
1312 803 1367 839 vir
1385 814 1552 852 unquam
1571 800 1678 838 vobis
1699 811 1747 837 ea

252 864 255 867 ¹
295 870 475 910 conficiat
495 870 633 914 onmia,
654 882 740 919 quae
759 868 873 905 vultis
889 879 899 904 ι
929 866 1099 917 polliceri
1117 865 1287 916 quidem,
1303 871 1341 902 et
1357 864 1560 907 affirmare,
1575 868 1613 900 et
1627 874 1746 900 accu-

295 946 379 970 sare
398 932 500 969 hunc
533 940 571 969 et
602 931 707 968 illum
740 930 841 968 licet.
885 928 963 965 Sed
984 928 1088 964 hisce
1115 927 1315 963 rationibus
1345 925 1500 974 negotia
1523 924 1743 974 perierunta

294 1005 382 1030 nam
403 1005 489 1030 cum
512 992 630 1028 ducat
654 990 806 1040 quidem
831 990 1035 1038 imperator
1055 987 1210 1025 miseros
1245 986 1437 1037 stipendio
1456 985 1654 1023 fraudatos
1675 997 1745 1035 pe·-

294 1053 464 1103 regrinos
481 1065 490 1095 ;
521 1052 584 1102 qui
604 1064 692 1088 vero
711 1050 759 1088 de
778 1051 891 1087 rebus
911 1049 986 1086 illic
1002 1049 1050 1086 ab
1069 1060 1115 1086 eo
1137 1047 1255 1098 gestis
1276 1047 1375 1084 falsa
1387 1046 1495 1084 vobis
1511 1045 1744 1090 renuntient,

294 1115 400 1152 nullo
429 1114 585 1163 negotio
611 1112 673 1150 hie
700 1111 964 1163 reperiantur:
993 1122 1061 1146 vos
1094 1116 1222 1146 autem
1254 1121 1301 1146 ex
1327 1107 1473 1153 auditu,
1501 1106 1683 1157 quicquid
1705 1106 1745 1143 in

293 1181 460 1212 mentem
481 1174 586 1211 vobis
615 1173 771 1218 venerit,
791 1172 1022 1215 decernatis;
1052 1171 1158 1221 quid,
1183 1183 1315 1221 quaeso
1338 1183 1421 1216 vos,
1441 1170 1744 1221 exspectandum

295 1235 382 1274 est?
438 1235 614 1279 Quonam
633 1234 748 1284 igitur
766 1234 881 1271 modo
901 1233 1044 1270 exitum
1063 1233 1145 1269 haec
1162 1231 1384 1270 invenient?
1414 1231 1514 1269 Cum
1525 1244 1607 1278 vos,
1625 1231 1745 1269 Athe-

294 1298 459 1340 nienses,
481 1296 636 1333 eosdem
656 1301 804 1332 vosmet
816 1293 1056 1332 ostenderitis
1077 1300 1115 1331 et
1132 1294 1285 1339 milites,
1301 1299 1340 1331 et
1352 1299 1469 1330 testes
1484 1299 1656 1330 aetorum
1670 1293 1745 1330 'du-

293 1358 362 1404 cis,
384 1363 422 1394 et
441 1356 503 1393 ubi
536 1356 691 1393 domum
707 1356 847 1393 reversi
866 1355 1025 1398 fueritis,
1049 1354 1202 1405 judices
1233 1355 1423 1392 rationum
1443 1353 1744 1400 referendarum,

292 1420 348 1457 ita
366 1424 409 1454 ut
424 1429 499 1454 non
520 1422 666 1453 tantum
696 1429 781 1466 quae
802 1423 928 1453 vestra
947 1422 1039 1452 sunt
1057 1415 1236 1459 audiatis,
1251 1428 1381 1452 verum
1401 1415 1515 1452 etiam
1536 1423 1744 1465 praesentes

293 1478 538 1518 intueamini:
568 1491 672 1515 nune
702 1490 748 1515 eo
781 1490 841 1515 res
874 1476 1028 1514 devenit
1053 1476 1314 1527 turpitudinis,
1343 1482 1387 1514 ut
1419 1476 1580 1526 quisque
1601 1476 1745 1514 ducum

294 1547 501 1579 vestrorum
516 1539 574 1575 bis
590 1545 722 1588 terque
734 1538 867 1588 eapitis
884 1537 987 1587 apud
1001 1549 1068 1574 vos
1081 1539 1215 1574 subeat
1227 1536 1413 1586 judicium
1429 1549 1439 1579 ;
1469 1549 1555 1574 cum
1569 1537 1744 1576 hostibus

294 1609 420 1640 autem
441 1612 570 1637 eorum
589 1612 701 1637 nemo
720 1600 778 1636 vel
801 1599 919 1637 semel
939 1598 986 1635 de
1006 1598 1082 1635 vita
1101 1598 1280 1636 dimicare
1303 1598 1501 1643 sustineat,
1522 1605 1640 1649 utque
1660 1600 1745 1649 pla-

293 1663 496 1714 giariorum
526 1669 565 1699 et
593 1662 718 1698 furum
744 1661 935 1697 interitum
966 1659 1137 1696 honestae
1163 1659 1275 1695 morti
1304 1659 1521 1710 praeferant.
1576 1660 1747 1698 Malefici

295 1725 396 1762 enim
425 1730 496 1769 est,
511 1722 687 1774 judicum
708 1721 896 1759 sententia
924 1719 1041 1763 mori;
1071 1718 1324 1771 imperatoris,
1349 1731 1436 1757 cum
1454 1719 1630 1758 hostibus
1648 1733 1745 1772 prae-

293 1785 462 1823 liantem.

355 1847 415 1883 16.
443 1845 623 1882 Vestrum
644 1849 769 1881 autem
797 1842 859 1880 alii
883 1842 1176 1888 circumeuntes,
1197 1854 1285 1880 cum
1312 1840 1612 1880 Lacedaemoniis
1633 1855 1747 1894 agere

297 1907 433 1945 dicunt
458 1906 677 1955 Philippum
697 1904 744 1941 dc
769 1904 1034 1941 Thebanorum
1055 1904 1251 1941 eversione
1280 1910 1319 1940 et
1335 1903 1474 1941 liberas
1494 1903 1664 1941 civitates
1684 1904 1744 1943 di-

296 1967 462 2006 vellere:
493 1966 567 2010 alii,
587 1979 673 2003 eum
691 1965 837 2002 misisse
857 1965 1006 2014 legatos
1030 1964 1079 2002 ad
1098 1977 1229 2014 regem
1251 1964 1475 2007 Persarum,·
1505 1964 1582 2010 alii,
1601 1966 1746 2016 oppida

297 2029 446 2066 munire
466 2027 504 2064 in
527 2026 689 2077 Illyriis;
721 2025 796 2071 alii,
817 2038 908 2062 suas
927 2025 1088 2075 quisque
1107 2025 1311 2063 commenti
1333 2025 1497 2070 fabulas,
1519 2026 1745 2064 obambula-

298 2103 395 2128 mus.
452 2088 535 2138 Ego
555 2100 644 2125 vero
664 2087 838 2137 equidem
870 2087 1061 2131 existimo,
1083 2086 1353 2132 Athenienses,
1374 2087 1519 2124 ebrium
1550 2099 1631 2125 esse
1655 2101 1745 2126 eum

297 2163 422 2189 rerum
444 2156 637 2200 gestarum
667 2148 931 2198 magnitudine
951 2154 990 2185 et
1021 2148 1209 2198 ejusmodi
1242 2148 1388 2185 somnia
1417 2147 1538 2185 multa
1558 2160 1628 2186 suo
1656 2161 1746 2188 eum

298 2212 424 2250 animo
445 2211 601 2260 agitare,
621 2223 708 2248 cum
729 2210 818 2259 quia
836 2209 938 2246 videt
955 2209 1142 2247 neminem
1161 2221 1247 2246 esse
1262 2208 1325 2259 qui
1340 2208 1536 2259 impediat,
1555 2216 1635 2247 tum
1657 2223 1747 2249 suc·

297 2273 470 2311 cessibus
490 2272 656 2314 elatum;
686 2283 762 2308 non
785 2277 914 2308 tamen
934 2283 1021 2308 eum
1051 2270 1107 2307 sic
1127 2283 1241 2319 agere
1259 2269 1480 2315 instituisse,
1499 2277 1544 2308 ut
1559 2270 1623 2321 qui
1641 2272 1747 2322 apud

301 2346 371 2371 nos
392 2338 482 2370 sunt
502 2331 747 2377 stolidissimi,
761 2331 885 2368 norint
898 2331 989 2381 quid
1010 2331 1075 2368 ille
1095 2331 1144 2368 sit
1163 2332 1357 2369 facturus:
1387 2331 1624 2369 stolidissimi
1644 2333 1746 2371 enim

299 2402 391 2432 sunt
415 2394 471 2431 isti
491 2392 723 2441 rumigeruli.
779 2392 830 2429 At
850 2392 895 2438 si,
925 2392 982 2430 his
1003 2391 1162 2438 omissis,
1182 2392 1276 2429 illud
1298 2398 1530 2442 spectemus,
1549 2392 1746 2432 hominem

298 2456 411 2493 istum
427 2468 509 2492 esse
527 2454 634 2491 nobis
650 2453 856 2499 inimicum,
869 2460 906 2491 et
916 2459 1065 2491 nostras
1079 2453 1188 2490 nobis
1202 2465 1294 2503 opes
1310 2453 1465 2503 eripere,
1478 2459 1517 2490 et
1535 2453 1652 2504 longo
1663 2456 1746 2505 jam

298 2523 468 2567 tempore
501 2516 706 2553 insolenter
731 2528 771 2552 se
801 2514 974 2565 gessisse,
1003 2521 1042 2552 et
1069 2527 1309 2565 quaecunque
1332 2515 1564 2565 speravimus
1583 2515 1747 2566 aliquem

301 2592 369 2630 pro
391 2578 500 2615 nohis
520 2590 606 2615 esse
626 2582 809 2621 acturum,
831 2589 888 2621 ea,
910 2583 953 2614 ut
979 2582 1142 2621 constat,
1165 2583 1299 2614 contra
1327 2588 1397 2613 nos
1427 2589 1512 2614 esse
1538 2577 1679 2623 omnia,
1708 2584 1749 2616 et

300 2648 439 2677 eaetera
458 2639 494 2675 in
516 2638 705 2675 nobismet
723 2637 812 2687 ipsis
833 2650 916 2674 esse
931 2638 1066 2687 posita,
1097 2644 1147 2682 et,
1174 2636 1204 2674 si
1226 2650 1327 2675 nune
1345 2637 1421 2675 illic
1438 2637 1664 2687 belligerare
1676 2651 1746 2676 no·-

302 2700 481 2738 Iuerimus
502 2711 587 2736 cum
609 2710 667 2742 eo,
687 2698 785 2735 idem
807 2699 966 2735 sortasse
987 2699 1094 2735 nobis
1113 2697 1174 2734 hic
1191 2698 1315 2735 faeere
1334 2711 1493 2736 necesse
1512 2698 1746 2743 sore‚-—haec

302 2761 333 2798 si
353 2760 604 2804 statuerimus,
626 2766 665 2796 et
679 2766 780 2796 recte
801 2760 1004 2796 sentiemus
1019 2766 1059 2796 et
1072 2759 1205 2796 inanes
1225 2760 1375 2797 fabulas
1392 2760 1529 2797 missas
1545 2759 1744 2800 faciemus.

303 2822 441 2872 Neque
465 2821 562 2859 enim
586 2833 671 2871 quoe
694 2819 768 2859 sint
799 2820 938 2868 sutura,
963 2820 1214 2872 quaerendum
1234 2827 1306 2873 est,
1335 2821 1404 2862 sed
1423 2821 1585 2862 adversa
1602 2820 1744 2872 futura,
