1923 3149
284 219 360 253 40²2
656 210 877 251 CONTRA
908 208 1352 248 ARISTOCRATEM.

286 330 425 362 remus,
444 316 640 368 profectus
660 326 728 365 per
752 327 903 352 omnem
924 322 1088 351 vestram
1109 311 1406 353 Chersonesum,
1433 314 1471 345 et
1490 308 1672 356 impetum
1693 305 1730 342 in

286 391 357 416 nos
377 378 554 420 faciebat,
586 383 626 414 et
651 375 897 426 praedonibus
924 386 968 411 ac
1001 372 1130 423 piratis
1159 371 1429 422 opitulabatur.
1468 367 1602 417 Neque
1629 366 1732 416 prius

286 452 356 477 nos
370 450 593 490 oppugnare
604 435 765 480 destitit,
779 448 893 486 quam
911 434 1046 471 ducem
1060 439 1227 470 vestrum
1243 429 1482 472 adduxisset,
1493 435 1532 465 et
1543 427 1733 476 coegisset

288 513 365 538 non
385 512 431 537 ea
447 499 572 536 facere
589 511 675 547 quae
691 497 853 534 maxime
870 495 974 533 vobis
987 493 1229 543 expedirent,
1243 503 1367 541 neque
1387 490 1434 527 ab
1451 502 1496 526 eo
1512 487 1733 539 persuaderi

287 561 358 599 sibi
378 573 514 612 passus
533 566 604 604 est,
637 566 681 596 ut
708 571 795 609 quae
828 556 1023 607 professus
1043 563 1081 592 et
1105 554 1298 605 pollicitus
1321 559 1415 597 erat,
1442 564 1487 588 ex
1519 551 1599 587 ulla
1627 554 1734 599 parte

286 628 500 673 praestaret.
542 619 707 657 Proinde
729 619 765 655 id
795 631 882 655 cum
903 615 1166 667 Cephisodoto
1186 614 1309 651 foedus
1337 613 1440 657 fecit,
1465 611 1569 662 quod
1590 621 1656 647 vos
1682 610 1735 646 ita

289 684 454 736 graviter
489 690 528 720 et
559 682 697 731 iniquis
729 679 868 717 tulistis
897 678 1045 722 animis,
1074 683 1117 714 ut
1143 675 1229 713 duci
1261 674 1456 725 imperium
1487 671 1735 722 abrogarefis,

287 746 434 783 mulcta
452 744 619 794 quinque
639 742 869 779 talentorum
889 740 1043 790 insuper
1063 739 1224 789 adjecta,
1246 745 1285 774 et
1304 749 1371 787 per
1393 736 1465 772 tria
1484 740 1633 772 tanturn
1653 730 1734 769 suf-

288 805 411 856 fragia
441 804 600 849 steterit,
637 815 714 852 quo
748 800 1035 850 minusvcapitis
1068 799 1324 836 damnaretur.
1368 796 1583 839 Enimvero,
1618 793 1736 830 Athe—

289 867 454 911 nienses,
474 877 586 914 quam
602 863 780 901 abhorret
798 863 844 899 ab
857 862 959 899 omni
980 861 1138 905 ratione,
1158 859 1271 896 alium
1291 860 1339 896 ob
1361 858 1463 895 facta
1481 857 1629 899 eadem,
1651 861 1736 892 tan-

289 939 402 978 quam
423 925 655 969 maleficum,
673 931 748 961 tam
766 923 901 960 acerbe
918 920 1064 972 puniri:
1095 920 1226 964 aliurn,
1243 926 1286 956 ut
1300 918 1591 961 benemeritam,
1603 915 1737 952 etiarn-

290 1000 381 1025 num
402 986 611 1024 honoribus
633 983 759 1021 affici?
789 983 886 1019 Haec
907 991 999 1032 quae‘
1012 981 1059 1018 de
1074 982 1228 1018 casibus
1255 978 1490 1029 imperatoris
1511 977 1616 1014 dicta
1634 982 1738 1019 sunt,

290 1061 376 1086 vere
398 1061 421 1085 a
441 1060 499 1084 me
514 1046 602 1091 dici,
625 1046 695 1095 ipsi
717 1057 782 1081 vos
802 1050 922 1080 testes
943 1043 1054 1085 estis3
1087 1054 1172 1078 nam
1197 1054 1264 1078 vos
1285 1047 1323 1077 et
1344 1039 1590 1090 judicabatis,
1617 1045 1656 1075 et
1681 1051 1739 1075 re-

289 1107 520 1159 pudiabatis‚
542 1113 581 1144 et
600 1104 909 1155 indignabamini,
929 1116 1045 1153 quare
1067 1103 1241 1152 ignorare
1271 1102 1354 1138 haec
1380 1113 1455 1137 non
1475 1100 1661 1150 potestis:
1691 1100 1739 1138 de

290 1170 403 1206 rebus
431 1176 557 1205 autem
578 1167 626 1204 ad
647 1166 871 1203 Perinthum
895 1173 932 1202 et
952 1163 1293 1215 Alopeconnesum
1315 1161 1430 1211 gestis
1456 1161 1650 1198 trierarchi
1681 1167 1738 1198 te-

290 1230 507 1268 stimonium
521 1229 664 1266 dicent.

719 1355 1068 1395 TRIERARCHI
1102 1352 1316 1391 TESTES.

347 1463 412 1498 42.
443 1461 598 1504 Postea,
617 1473 704 1497 cuin
726 1458 989 1509 Cephisodoto
1010 1457 1236 1504 abrogatum
1257 1461 1359 1491 esset
1378 1453 1591 1503 imperium,
1614 1453 1743 1490 vobis-

294 1535 368 1572 que
394 1522 521 1558 soedus
553 1533 639 1558 cum
659 1533 706 1557 eo
725 1520 871 1557 factum
895 1518 1045 1554 minime
1067 1514 1307 1565 probandum
1335 1513 1540 1559 videretur,
1561 1513 1742 1564 Miltocy-

296 1583 413 1628 them,
433 1587 660 1632 perpetuum
680 1588 850 1618 vestrum
865 1578 1042 1621 amicum,
1059 1589 1081 1613 a
1098 1575 1361 1626 Smicythione
1377 1575 1570 1626 proditum
1590 1581 1742 1619 nactus,

295 1644 385 1693 quia
404 1643 597 1679 Thracum
627 1641 802 1678 instituto
831 1639 940 1676 nefas
963 1638 1124 1674 habetur
1146 1636 1261 1673 alium
1291 1636 1416 1673 occidi
1439 1637 1487 1673 ab
1508 1636 1596 1681 alio,
1617 1637 1744 1674 sciens

295 1716 378 1740 eum
410 1702 639 1740 incolumem
672 1712 888 1742 evasurum,
918 1698 948 1734 si
978 1697 1026 1734 ad
1054 1697 1345 1746 Cersobleptem
1376 1697 1592 1741 duceretur,
1620 1698 1744 1734 bonus

296 1765 366 1802 iste
385 1763 653 1805 Charidemus,
674 1760 889 1802 Cardianis,
908 1758 1044 1796 vestris
1065 1758 1254 1800 hostibus,
1276 1758 1414 1795 tradit:
1448 1759 1524 1807 qui,
1546 1771 1592 1796 eo
1611 1764 1650 1795 et
1666 1758 1744 1795 filio

295 1825 378 1876 ejus
393 1822 689 1874 comprehensis,
704 1821 818 1870 inque
838 1820 1000 1870 pelagus
1021 1818 1172 1868 navigio
1188 1819 1394 1863 subvectis,
1409 1825 1448 1855 et
1466 1819 1585 1856 filium
1602 1819 1638 1855 in
1652 1832 1746 1856 con-

298 1892 434 1935 spectu
467 1883 550 1933 ejus
581 1882 820 1927 occiderunt,
845 1891 881 1918 et
912 1881 1032 1930 ipsum
1058 1887 1148 1929 post
1178 1879 1243 1916 filii
1269 1880 1414 1916 caedem
1446 1880 1747 1918 submerserunt.

299 1946 396 1983 Eam
417 1943 683 1982 crudelitatem
703 1941 914 1979 Thracibus
941 1940 1115 1977 omnibus
1141 1952 1244 1988 aegre
1263 1939 1486 1983 ferentibus,
1506 1948 1544 1977 et
1563 1940 1746 1978 Berisade

297 2012 337 2043 et
349 2004 547 2042 Amadoco
559 2001 880 2052 conspirantibus,
892 1999 1175 2045 Athenodorus,
1185 2000 1258 2036 hac
1269 2001 1470 2037 occasione
1485 2001 1750 2038 animadversa

299 2066 467 2115 initaque
487 2076 574 2101 cum
595 2063 666 2100 illis
688 2062 884 2104 societate,
904 2060 1045 2098 bellum
1066 2072 1195 2109 gerere
1216 2061 1353 2110 potuit.
1393 2060 1600 2098 Perterrito
1619 2067 1748 2098 autem

302 2126 566 2175 Cersoblepte,
589 2124 716 2161 foedus
741 2123 872 2161 scribit
898 2121 1186 2166 Athenodorus,
1215 2134 1290 2171 quo
1317 2122 1605 2172 Cersobleptem
1618 2122 1750 2172 jurare

301 2187 405 2238 cogit
424 2193 462 2224 et
490 2186 596 2222 vobis
624 2191 663 2222 et
683 2184 847 2235 regibus,
867 2190 911 2220 ut
937 2182 1112 2220 Thraciae
1142 2183 1338 2232 imperium
1365 2183 1462 2220 inter
1490 2191 1564 2220 tres
1584 2183 1749 2222 divisum

302 2259 509 2286 commune
529 2252 646 2293 esset,
661 2251 700 2283 et
719 2251 762 2281 ut
780 2243 894 2280 simul
913 2256 1044 2281 omnes
1067 2242 1351 2280 Chersonesum
1369 2243 1476 2280 vobis
1496 2240 1751 2282 restituerent.

304 2309 361 2348 Ut
375 2321 463 2347 vero
478 2307 516 2344 in
537 2306 699 2344 comitiis
721 2318 785 2343 vos
804 2305 838 2342 ei
857 2304 958 2342 bello
975 2304 1178 2342 Chabriam
1193 2303 1432 2354 praefecistis,
1447 2310 1486 2341 et
1504 2303 1752 2343 Athenodoro

282 2405 286 2408 Δ
305 2383 378 2407 usu
398 2368 513 2414 venit,
539 2374 583 2405 ut
601 2366 774 2418 pecuniis
794 2378 816 2403 a
834 2365 941 2403 vobis
967 2378 1044 2402 non
1067 2365 1335 2415 suppeditatis,
1358 2366 1460 2402 omni
1479 2366 1638 2416 gerendi
1660 2367 1753 2404 belli

306 2430 489 2467 facultate
511 2428 733 2472 destitutus,
753 2427 959 2464 exercitum
983 2425 1202 2470 dimitteret,
1241 2426 1425 2463 Chabrias
1448 2427 1537 2463 item
1570 2441 1646 2465 una
1670 2428 1754 2466 sola

307 2503 403 2528 nave
422 2489 510 2525 hinc
529 2489 705 2533 solveret,
727 2487 818 2537 quid
840 2487 887 2524 de
900 2487 1049 2536 integro
1064 2486 1153 2523 facit
1169 2485 1447 2524 Charidemus?
1477 2487 1632 2534 Foedus,
1649 2489 1753 2540 quod

298 2549 559 2588 Athenodoro
583 2549 742 2598 jurarat,
772 2554 900 2598 negat,
925 2554 964 2584 et
990 2554 1032 2583 ut
1063 2546 1165 2582 idem
1194 2553 1321 2596 neget,
1346 2547 1460 2584 ctiam
1491 2548 1753 2600 Cersobleptae

309 2610 539 2662 persuadet;
568 2615 608 2645 et
627 2608 731 2645 aliud
750 2621 836 2645 cum
858 2607 1026 2645 Chabria
1046 2607 1261 2652 conscribit,
1287 2607 1407 2646 multo
1432 2621 1545 2658 quam
1566 2609 1659 2647 illud
1679 2610 1754 2648 Ce-

308 2671 503 2724 phisodoti
522 2669 700 2719 iniquius.
734 2669 776 2705 ln
802 2681 877 2717 quo
908 2668 984 2714 illc,
1004 2674 1047 2712 ut
1075 2666 1180 2704 nullo
1203 2668 1368 2706 munitus
1398 2669 1579 2712 exercitu,
1601 2670 1753 2721 acquie-

311 2745 415 2770 scere
430 2730 653 2781 cogebatur.

363 2796 429 2830 43.
461 2792 535 2829 His
551 2804 617 2829 vos
636 2790 787 2841 publice
803 2789 955 2835 auditis,
974 2796 1013 2827 et
1031 2790 1160 2828 multis
1180 2791 1304 2829 verbis
1326 2792 1423 2829 ultro
1438 2791 1611 2841 citroque
1629 2790 1756 2837 factis,

313 2861 351 2892 et
369 2853 511 2892 foedere
527 2865 596 2902 pro
611 2852 796 2889 concione
818 2851 990 2895 recitato,
1008 2864 1130 2900 neque
1145 2851 1323 2890 Chabriae
1339 2852 1616 2895 auctoritatem,
1631 2863 1756 2902 neque

314 2921 559 2965 patronorum
590 2912 671 2960 ejus
694 2924 922 2961 quemquam
944 2912 1106 2956 reveriti,
1127 2913 1239 2950 etiam
1261 2913 1297 2950 id
1325 2913 1449 2951 soedus
1474 2912 1600 2950 denuo
1621 2911 1758 2964 impro-
