1923 3149
535 116 911 164 OLYNTHIACA
943 115 980 152 11
1012 116 1120 164 (ΙΙΙ).
1320 152 1321 157 ,
1505 112 1550 148 31

93 220 234 259 surium
248 226 375 258 autem
398 220 587 266 existimo,
603 232 729 272 pauca
745 219 852 258 vobis
872 231 918 256 cx
939 218 982 256 iis
1000 230 1084 268 quae
1114 217 1218 254 sacta
1240 223 1330 254 sunt
1349 216 1387 254 in
1409 225 1555 253 memo-

94 282 189 320 riam
206 294 397 319 revocare.

148 344 185 379 3.
216 341 465 389 Meministis,
494 343 764 387 Athenienses,
793 340 1011 378 nuntiatum
1045 339 1162 376 fuisse
1190 337 1300 375 vobis
1336 337 1559 388 Philippum

93 403 133 441 in
153 403 329 450 Thracia,
349 404 460 442 tertio
484 410 552 441 aut
576 410 713 454 quarto
743 401 884 440 abhinc
908 414 1021 445 anno,
1041 400 1222 438 Heraeum
1244 398 1431 449 oppidum
1451 398 1556 436 obsi-

97 463 200 511 dere,
235 472 327 503 tunc
360 466 476 516 igitur
505 465 649 502 mensis
680 470 761 501 crat
788 463 1022 506 November,
1055 466 1094 498 et
1124 459 1254 498 multis
1287 457 1411 496 verbis
1433 464 1472 495 et
1498 464 1560 494 tu-

96 526 220 564 multu
242 527 344 564 facto
360 526 464 577 apud
482 538 565 571 vos,
582 525 802 563 decrevistis
822 531 866 561 ut
898 522 1154 574 quadraginta
1183 521 1354 558 triremes
1388 518 1560 557 deduce-

96 595 241 634 rentur,
270 594 389 639 utque
417 588 479 639 qui
499 587 599 624 infra
620 599 762 624 annum
782 585 907 622 oetatis
929 591 1059 622 essent
1078 583 1254 633 quintum
1273 588 1313 620 et
1344 579 1562 631 quadrage-

96 649 248 695 simum,
269 663 328 686 eas
346 649 419 700 ipsi
443 648 764 693 conscenderent,
800 654 918 698 utque
939 645 1087 683 talenta
1115 643 1316 694 sexaginta
1343 642 1563 680 conferren-

98 716 172 748 tur.
231 711 337 756 Post,
363 723 409 748 eo
435 723 535 747 anno
562 709 708 760 elapso,
723 707 917 752 Quintilis,
943 706 1112 751 Sextilis,
1134 705 1360 756 September
1380 709 1472 740 erat.
1504 703 1562 740 Eo

97 772 162 809 vix
174 771 332 809 tandem
349 784 495 818 mense,
514 770 699 809 confectis
713 769 921 821 mysteriis,
938 767 1215 806 Charidemum
1235 779 1323 804 cum
1338 764 1474 802 decem
1494 777 1565 802 na-

97 831 208 870 vibus
228 832 359 870 vacuis
389 831 601 883 ablegastis
624 838 663 869 et
680 831 849 883 quinque
872 829 1026 867 talentis
1047 827 1223 880 argenti:
1262 832 1306 864 ut
1336 826 1435 864 enim
1466 838 1566 863 nun-

96 892 233 931 tiatum
262 893 350 941 fuit,
378 893 597 945 Philippum
630 899 816 942 aegrotare
846 897 884 929 et
906 903 989 928 esse
1025 896 1364 927 mortuum—nam
1404 893 1567 936 uterque

96 967 227 993 rumor
242 953 538 1001 afferebatur—,
549 954 641 992 nihil
656 955 739 1005 jam
757 966 854 1004 opus
870 965 956 991 esse
970 951 1112 990 auxilio
1126 950 1211 997 ratI,
1227 949 1421 995 omisistis,
1438 947 1567 985 Athe-

99 1015 269 1063 nienses,
288 1016 586 1068 expeditionem.
643 1015 741 1053 Erat
768 1022 898 1053 autem
926 1027 973 1052 ea
1000 1013 1085 1065 ipsa
1104 1012 1282 1056 occasio;
1313 1024 1403 1049 nam
1423 1010 1453 1048 si
1473 1016 1568 1047 tunc

97 1077 166 1120 illo
182 1077 323 1114 auxilia
337 1077 590 1123 misissemus,
606 1085 649 1114 ut
667 1075 976 1122 decreveramus,
991 1074 1182 1121 alacriter,
1198 1085 1276 1110 non
1292 1071 1477 1111 molestus
1497 1082 1568 1109 no-

99 1137 159 1181 bis
179 1150 283 1177 nunc
302 1145 403 1176 esset
424 1137 643 1188 Philippus,
665 1144 747 1174 tum
765 1142 1031 1175 conservatus.

153 1200 195 1236 4.
223 1199 321 1242 Quae
340 1198 456 1249 igitur
475 1205 557 1236 tum
577 1199 679 1236 facta
698 1204 800 1245 sunt,
824 1210 872 1236 ea
889 1197 1033 1234 infecta
1052 1195 1134 1234 fieri
1153 1208 1230 1233 non
1249 1200 1433 1246 possunt:
1464 1207 1569 1232 nunc

104 1265 232 1298 autem
269 1259 427 1297 alterius
463 1260 556 1300 belli
594 1258 751 1296 offertur
783 1258 939 1296 occasio
973 1271 1020 1295 ea
1054 1257 1142 1302 ista,
1178 1262 1334 1308 propter
1376 1268 1493 1306 quam
1530 1262 1572 1293 et

102 1320 240 1359 barum
260 1333 388 1359 rerum
407 1320 643 1358 mentionem
663 1319 751 1365 feci,
772 1333 821 1357 ne
841 1319 976 1357 eadem
991 1318 1100 1356 vobis
1126 1331 1199 1355 usu
1229 1317 1401 1355 veniant.
1461 1316 1570 1360 Quo-

102 1371 219 1420 modo
234 1382 351 1433 igitur
367 1395 414 1420 ea
436 1389 601 1428 utemur,
617 1380 902 1419 Athenienses?
942 1379 1028 1418 Nisi
1044 1379 1144 1418 enim
1157 1378 1262 1432 omni
1277 1379 1425 1424 robore,
1446 1391 1571 1429 quan-

101 1450 184 1481 tum
198 1444 372 1495 potestis,
397 1443 575 1493 Olynthiis
605 1455 717 1493 opem
747 1441 922 1487 tuleritis,
945 1447 1133 1492 spectate,
1153 1447 1196 1477 ut
1217 1453 1238 1477 a
1252 1440 1358 1477 vobis
1376 1440 1506 1477 omnia
1524 1453 1573 1478 ex

105 1504 272 1559 Philippi
291 1505 511 1551 commodo,
532 1504 642 1555 quasi
662 1504 745 1556 ejus
767 1503 887 1541 duces
908 1502 1062 1549 essetis,
1082 1501 1352 1540 administrata
1369 1507 1492 1539 erunt.
1541 1501 1574 1540 Ii

51 1606 61 1613 ,
105 1573 218 1604 erant
237 1566 411 1617 Olynthii
431 1579 594 1616 quorum
614 1566 756 1617 aliquae
783 1563 880 1603 vires
908 1571 1054 1611 essent,
1083 1571 1122 1602 et
1140 1565 1194 1602 ita
1218 1577 1258 1602 se
1278 1576 1337 1601 res
1353 1563 1571 1601 habebant:

105 1641 230 1678 neque
250 1627 450 1679 Philippus
481 1626 554 1673 his,
574 1640 699 1678 neque
726 1626 765 1664 'ni
788 1626 969 1678 Philippo
990 1626 1253 1663 confidebant.
1298 1625 1478 1663 Fecimus
1500 1639 1571 1663 nos

106 1695 146 1726 et
169 1688 224 1726 illi
248 1702 385 1740 pacem
420 1690 516 1727 inter
547 1702 644 1727 nos:
685 1695 768 1727 erat
800 1688 841 1726 id
870 1695 1056 1739 tanquam
1098 1688 1415 1739 impedimentum
1450 1688 1574 1739 quod-

106 1749 196 1787 dam
216 1749 396 1801 Philippo
424 1757 464 1788 et
484 1750 798 1801 incommodum,
831 1750 964 1787 urbem
993 1762 1177 1800 magnam
1208 1749 1315 1786 velut
1340 1749 1378 1786 in
1408 1749 1574 1787 statione

100 1812 260 1862 positam
285 1811 481 1864 invigilare
510 1812 631 1864 ipsius
659 1812 944 1858 occasionibus,
970 1811 1082 1849 nobis
1110 1810 1412 1848 reconciliatam.
1470 1811 1576 1848 Con-

105 1872 283 1917 citandos
309 1873 349 1911 in
373 1887 461 1912 eum
487 1873 662 1913 homines
689 1874 867 1912 omnibus
896 1872 1021 1910 modis
1049 1871 1374 1910 existimavimus:
1404 1878 1443 1910 et
1471 1872 1576 1922 quod

107 1929 243 1987 pmnes
273 1943 356 1973 tum
387 1936 630 1983 dictitabant,
661 1935 701 1974 id
732 1948 836 1973 nunc
868 1934 1082 1986 perfectum
1114 1941 1173 1971 est
1208 1933 1575 1984 quomodocunque.

110 1996 215 2047 Quid
234 2011 325 2049 ergo
347 1998 526 2049 supersit,
549 1998 825 2044 Athenienses,
846 1997 919 2034 nisi
938 2003 982 2034 ut
998 1997 1237 2048 opitulemini
1256 1996 1404 2033 fortiter
1423 2002 1463 2033 et
1480 2004 1578 2034 stre-

110 2059 217 2111 nue?
246 2059 434 2110 Equidem
463 2073 541 2098 non
563 2060 697 2098 video:
729 2050 869 2111 praeter
891 2059 994 2096 enim
1014 2071 1098 2096 eam
1124 2071 1240 2109 quam
1267 2071 1490 2109 caperemus
1518 2059 1577 2109 ig-

112 2120 335 2168 nominiam,
361 2122 394 2160 si
415 2136 435 2160 e
462 2124 575 2160 rebus
602 2123 747 2173 aliquid
776 2136 843 2173 per
869 2121 1062 2172 ignaviam
1091 2121 1303 2172 prodimus,
1333 2134 1411 2158 non
1440 2133 1577 2171 parum

111 2182 229 2221 etiam
248 2195 294 2221 ea
313 2196 400 2234 quae
421 2190 603 2222 secutura
622 2190 713 2222 sunt
741 2183 950 2221 metuenda
970 2195 1054 2220 esse
1077 2183 1205 2228 video,
1235 2182 1326 2219 dum
1358 2181 1512 2232 quidem
1539 2189 1580 2220 et

111 2244 285 2282 Thebani
303 2245 356 2282 ita
374 2257 467 2295 erga
486 2258 555 2282 nos
580 2245 736 2283 animati
759 2251 863 2291 sunt,
890 2251 933 2281 ut
959 2250 1062 2289 sunt,
1092 2250 1131 2281 et
1158 2243 1383 2281 Phocenses
1413 2244 1580 2293 pecunia

115 2305 390 2352 destituuntur,
420 2313 458 2343 et
479 2305 712 2357 Philippum,
734 2305 797 2342 ubi
825 2318 872 2342 ea
892 2318 980 2356 quae
1009 2318 1110 2342 nunc
1140 2304 1220 2355 agit
1238 2303 1461 2354 expedierit,
1484 2305 1579 2342 nihil

115 2367 285 2404 futurum
306 2367 355 2405 sit
373 2367 478 2417 quod
497 2367 696 2418 impediat,
718 2380 796 2418 quo
815 2367 940 2404 minus
957 2366 1007 2404 ad
1027 2367 1112 2404 haec
1131 2379 1175 2404 se
1194 2364 1353 2416 negotia
1366 2372 1578 2404 convertat.

118 2427 263 2465 Verum
284 2428 316 2466 si
334 2429 417 2479 quis
437 2430 606 2466 vestrum
625 2442 670 2466 eo
690 2442 814 2479 usque
833 2441 982 2466 cessare
1002 2427 1040 2464 in
1061 2427 1188 2464 officio
1208 2427 1388 2473 instituit,
1408 2427 1440 2464 is
1459 2441 1579 2478 prope

119 2501 161 2526 se
178 2488 307 2527 videre
324 2489 408 2527 vult
424 2490 678 2534 calamitates,
698 2504 785 2528 eum
805 2490 940 2527 liceret
960 2502 1041 2535 eas,
1063 2488 1145 2526 aliis
1173 2488 1211 2525 in
1238 2489 1333 2526 locis
1354 2495 1472 2533 ortas,
1491 2501 1579 2538 pro·

117 2549 183 2588 cul
202 2549 348 2598 audire,
376 2558 415 2589 et
434 2564 605 2602 quaerere
626 2551 698 2589 sibi
728 2552 938 2602 adjutoreS‚
968 2563 1056 2588 cum
1085 2562 1187 2587 nunc
1216 2550 1289 2600 ipsi
1319 2549 1455 2587 liceret
1483 2548 1578 2585 alios

115 2611 328 2665 adjuvare:
360 2612 436 2651 huc
460 2613 562 2652 enim
585 2614 741 2652 tandem
767 2626 847 2651 rem
873 2618 1157 2664 perventuram,
1182 2611 1213 2650 si
1243 2612 1327 2651 haec
1353 2610 1575 2662 neglexeri-

116 2685 220 2719 mus,
240 2673 319 2711 fere
338 2686 470 2712 omnes
487 2675 621 2726 ‚utique
635 2674 790 2713 seimus.

173 2735 211 2771 5.
240 2734 294 2772 At
321 2734 502 2772 auxilium
521 2749 608 2775 esse
625 2737 842 2783 ferendum,
866 2735 1005 2774 dixerit
1035 2735 1187 2786 aliquis,
1207 2747 1339 2773 omnes
1361 2733 1581 2781 statuimus,

117 2804 159 2838 et
176 2795 365 2834 feremus:
397 2798 590 2848 quomodo
615 2805 742 2836 autem
758 2798 954 2848 ferendum
981 2799 1044 2844 sit,
1064 2798 1104 2835 id
1136 2797 1268 2835 dicito.
1327 2795 1457 2833 Nolite
1487 2808 1580 2846 ergo

119 2856 258 2905 mirari,
270 2858 549 2906 Athenienses,
561 2859 591 2900 si
605 2860 694 2911 quid
707 2859 1022 2912 exponam‚quod
1035 2858 1225 2910 plerisque
1237 2870 1379 2896 novum
1391 2857 1580 2895 videatur.
