1923 3149
502 179 725 219 CONTRA
757 176 1204 219 ARISTOCRATEM.
1501 176 1573 215 301

133 281 247 328 enim,
269 294 309 319 se
333 293 487 333 prorsus
505 282 711 334 despectis,
732 282 782 320 ad
803 279 1095 331 C'ersobleptem
1115 292 1184 317 vos
1213 277 1411 316 inclinare.
1449 277 1523 320 Qui
1553 279 1586 316 si

131 344 181 380 ob
198 356 282 380 cam
296 344 513 394 opinionem
529 358 551 382 a
566 343 817 393 Cersoblepte
833 356 900 394 per
915 341 1158 379 occasionem
1177 339 1343 389 aliquam
1358 340 1584 390 oppugnati,

133 403 261 453 regnis
277 404 477 447 cesserint,
501 417 634 441 rursus
655 417 699 440 ex
715 417 761 441 ca
779 417 818 441 re
839 402 931 453 quid
952 402 1122 438 futurum
1142 400 1202 445 sit,
1222 400 1359 437 videte.

124 472 132 486 ¹
185 466 251 502 28.
286 465 400 514 Agite
416 478 517 510 vero,
541 479 607 516 per
628 465 719 503 deos
739 463 983 508 immortales,
1005 462 1035 499 si
1054 474 1121 498 vos
1143 461 1413 511 Cersobleptes
1433 461 1587 507 laeserit,

133 525 226 562 —-id
240 526 356 576 quod,
377 527 407 564 si
429 527 590 578 sperarit
608 526 812 573 duntaxat,
831 525 1020 562 facturum
1047 523 1189 573 potius,
1210 534 1337 572 quarn,
1357 522 1388 558 si
1408 522 1589 571 potuerit,

136 599 221 624 esse
243 588 486 632 omissurum,
506 594 566 625 est
585 586 884 637 probabilius—,
912 597 989 622 non
1009 584 1058 621 ad
1080 583 1167 621 illos
1191 583 1344 626 ibimus,
1365 582 1591 632 illorumque

137 647 274 697 opibus
294 647 408 698 hujus
428 647 639 698 potentiam
657 647 880 684 conabimur
899 643 1119 696 infirmare?
1148 643 1210 680 Ad
1237 656 1324 693 quae
1351 643 1382 680 si
1401 642 1509 679 vobis
1539 643 1592 680 illi

138 708 194 745 sic
218 709 498 759 responderint,
518 720 584 745 vos
607 707 877 752 Athenienses,
901 706 1009 744 nobis
1034 705 1182 743 affectis
1207 704 1345 754 injuria
1375 716 1487 755 opem
1515 716 1594 740 uon

138 769 256 806 modo
273 781 349 806 non
366 768 522 814 tulistis,
542 768 611 806 sed
627 769 665 806 in
684 775 827 806 metum
852 768 980 811 etiam,
1001 768 1032 804 si
1050 780 1120 805 nos
1136 766 1445 810 defenderemus,
1461 766 1596 815 ingen-

137 835 217 866 tem
235 829 468 880 conjecistis‚
490 829 645 867 decreto
661 830 777 875 facto,
793 830 858 879 qui
875 829 979 866 illurn
1000 835 1040 866 et
1057 828 1192 866 vestris
1212 835 1250 865 et
1270 827 1410 865 nostris
1425 827 1597 864 utilitati-

136 890 211 927 bus
224 890 488 928 adversantem
503 891 721 935 occidisset,
743 903 829 928 eum
845 889 1117 939 comprehendi
1136 889 1265 926 licere.
1296 888 1386 925 Non
1399 889 1514 938 igitur
1529 901 1596 925 vos

140 950 255 988 decet
264 951 442 988 auxilium
457 965 479 989 a
492 952 601 989 nobis
612 959 755 1003 petere,
767 951 817 989 ad
830 964 874 989 ea
888 952 924 988 in
936 950 1127 1001 integrum
1143 950 1395 994 restituenda,
1411 963 1496 1000 quae
1507 950 1598 988 etin

141 1025 211 1049 vos
225 1018 264 1049 et
278 1024 348 1049 nos
365 1012 463 1050 male
483 1013 728 1051 consulentes
746 1013 939 1050 amisistis.-
971 1013 1071 1050 Haec
1095 1012 1250 1062 inquam
1271 1012 1301 1050 si
1322 1012 1600 1062 responderint,

145 1085 280 1123 quaeso
299 1087 380 1120 vos,
405 1086 455 1111 an
482 1086 558 1111 non
578 1087 710 1112 eorum
739 1074 885 1123 aequior
912 1074 1040 1111 futura
1068 1080 1128 1111 est
1147 1086 1260 1123 quarn
1292 1081 1425 1111 nostra
1449 1074 1601 1111 oratio?

147 1134 233 1184 Ego
255 1134 411 1185 quidem
436 1135 582 1185 opinor.
617 1136 720 1177 Quin
745 1135 839 1171 illud
859 1136 974 1172 etiam
995 1135 1070 1172 dici
1091 1147 1167 1172 non
1196 1136 1347 1185 poterit,
1366 1148 1434 1173 vos
1463 1137 1600 1186 proba-

144 1196 271 1233 biliter
291 1196 570 1234 circumventos
599 1209 695 1241 esse,
716 1203 756 1233 et
775 1196 973 1246 deceptos.
1022 1195 1124 1232 Nam
1145 1196 1176 1232 si
1195 1196 1287 1232 nihil
1308 1196 1413 1233 aliud
1432 1198 1601 1247 cogitare

144 1257 322 1307 possetis,
342 1269 414 1294 nec
434 1257 506 1307 ipsi
526 1257 731 1307 prudentia
750 1257 926 1293 valeretis
943 1256 990 1294 ad
1008 1256 1227 1304 hujusmodi
1243 1269 1303 1294 res
1318 1257 1604 1307 intelligendas,

147 1317 370 1367 exemplum
401 1317 668 1368 Olynthiorum
700 1318 828 1355 videre
857 1317 1043 1363 licuisset,
1069 1317 1134 1367 qui
1153 1318 1289 1367 quibus
1310 1319 1460 1368 accepti
1481 1320 1605 1356 modis

150 1392 174 1416 a
192 1378 386 1430 Philippo,
408 1391 522 1429 quam
548 1378 602 1415 illi
623 1379 784 1428 gratiam
805 1378 1029 1416 retulerunt.
1062 1379 1097 1415 Is
1119 1378 1331 1416 Potidaeam
1353 1380 1406 1417 eis
1427 1393 1503 1416 non
1523 1387 1604 1417 tum

148 1439 328 1485 restituit,
344 1452 431 1476 cum
453 1439 548 1477 tueri
563 1439 707 1477 diutius
727 1452 804 1476 non
824 1447 970 1489 posset,
986 1439 1314 1490 quemadmodum
1335 1441 1443 1478 vobis
1465 1442 1606 1480 Cerso—

149 1500 298 1549 bleptes
331 1499 641 1537 Chersonesum:
671 1500 740 1537 sed
762 1500 905 1537 bellum
924 1501 1120 1538 vobiscum
1142 1514 1292 1550 gerens,
1317 1503 1466 1552 magnis
1502 1516 1606 1541 sum-

151 1561 281 1610 ptibus
297 1560 424 1606 factis,
444 1561 480 1597 vi
499 1568 772 1611 expugnatam,
793 1574 880 1598 cum
900 1562 997 1612 ipse,
1021 1562 1053 1600 si
1073 1562 1199 1607 vellet,
1226 1563 1387 1601 retinere
1403 1566 1607 1614 potuisset,

153 1621 325 1667 tradidit,
340 1635 386 1659 ac
402 1635 448 1659 ne
461 1629 624 1660 conatus
639 1623 792 1673 quidem
809 1629 868 1661 est
881 1622 1009 1661 facere
1024 1623 1226 1674 quicquam
1243 1624 1359 1662 aliud.
1390 1626 1451 1662 Illi
1466 1634 1608 1673 tamen,

155 1682 284 1733 quoad
304 1695 391 1720 eum
408 1689 556 1720 tantum
577 1696 663 1720 esse
684 1683 880 1730 videbant,
900 1690 942 1721 ut
966 1685 1222 1735 magnitudini
1243 1685 1327 1735 ejus
1354 1686 1449 1723 fides
1479 1687 1610 1725 haberi

154 1751 301 1795 posset,
324 1750 363 1781 et
391 1743 487 1781 socii
511 1744 594 1795 ejus
622 1751 744 1791 erant,
768 1752 807 1783 et
824 1752 976 1796 propter
1001 1758 1087 1782 eum
1115 1758 1184 1782 nos
1215 1748 1511 1796 oppugnabant:
1542 1749 1611 1786 sed

156 1818 245 1843 cum
275 1804 432 1842 videant
457 1817 545 1842 eum
573 1805 626 1842 ita
641 1806 817 1851 crevisse,
839 1814 882 1843 ut
906 1806 989 1856 ejus
1016 1806 1191 1856 potentia
1219 1806 1290 1843 sibi
1311 1808 1519 1845 metuenda
1547 1809 1607 1854 sit,

155 1874 306 1905 tantum
322 1867 464 1904 absunt
483 1879 506 1903 a
525 1866 786 1912 decernendo,
809 1868 840 1905 si
860 1868 946 1918 quis
968 1881 1100 1905 eorum
1126 1868 1307 1918 aliquem,
1328 1881 1394 1918 per
1415 1882 1511 1918 quos
1527 1871 1609 1920 ejus

157 1928 356 1979 imperium
377 1933 532 1965 auctum
549 1934 587 1965 et
604 1928 795 1966 firmatum
811 1936 884 1974 est,
899 1929 1095 1974 occiderit,
1115 1942 1203 1966 eum
1223 1942 1243 1966 e
1260 1930 1448 1966 sociorum
1469 1931 1611 1969 ditione

159 1989 299 2027 abduci
315 1989 442 2034 licere,
455 1995 499 2026 ut
510 1996 692 2035 nostram,
709 2002 806 2040 quos
819 1991 948 2028 sciunt
962 2004 1039 2041 prae
1052 1991 1228 2028 omnibus
1245 1991 1341 2035 aliis,
1363 2005 1448 2029 cum
1469 1993 1613 2031 amicos

159 2051 258 2100 ejus,
277 2056 357 2087 tum
377 2049 501 2100 ipsum
518 2049 750 2101 Philippum,
773 2064 922 2089 summa
949 2065 1037 2088 cum
1057 2052 1255 2102 voluptate
1279 2052 1488 2097 occisuros,
1519 2055 1613 2091 aini-

159 2110 288 2148 eitiam
304 2109 577 2160 expetiverint:
609 2110 833 2148 societatem
859 2112 950 2148 item
970 2119 1154 2156 nostram,
1177 2120 1219 2149 ut
1237 2112 1377 2158 ferunt,
1398 2114 1609 2163 expetituri.

163 2171 276 2215 Quod
311 2170 342 2208 si
371 2170 545 2221 Olynthii
573 2170 703 2208 futura
733 2172 952 2222 prospicere
985 2180 1138 2218 norunt,
1163 2185 1244 2218 vos,
1263 2173 1326 2223 qui
1354 2173 1613 2213 Athenienses

163 2232 271 2278 estis,
291 2244 368 2269 non
387 2231 489 2268 idem
508 2231 682 2270 facietis?
712 2233 773 2269 An
802 2246 879 2270 non
907 2234 1165 2284 turpissimum
1187 2234 1312 2279 fuerit,
1334 2248 1414 2280 vos,
1437 2236 1501 2285 qui
1521 2250 1613 2274 con-

163 2293 236 2331 silii
266 2292 446 2343 capiendi
466 2292 513 2330 de
543 2295 657 2330 rebus
680 2294 857 2345 gerendis
884 2295 1044 2332 scientia
1066 2303 1251 2346 praestare
1280 2296 1502 2347 videamini,
1525 2299 1616 2350 quid

163 2353 344 2405 expediat
363 2353 486 2390 minus
504 2354 714 2404 prudenter
733 2368 848 2405 quam
871 2355 1085 2407 Olynthios·
1099 2356 1444 2395 animadvertisse?

218 2417 284 2453 29.
309 2414 436 2452 Audio
450 2427 562 2465 porro
575 2415 690 2453 istum
706 2416 807 2453 idem
823 2417 1028 2454 allaturum
1044 2430 1145 2462 esse,
1161 2418 1266 2467 quod
1280 2420 1327 2456 ab
1343 2419 1618 2460 Aristomacho

166 2475 285 2513 semel
306 2488 376 2526 pro
407 2476 593 2514 concione
613 2477 758 2515 dictum
784 2484 854 2524 est,
882 2490 1079 2528 nunquam
1113 2479 1418 2530 Cersobleptem‚
1451 2483 1618 2522 Cherso-

166 2548 262 2573 neso
281 2536 390 2573 vobis
411 2535 621 2586 eripienda,
641 2545 787 2576 vestras
807 2539 1022 2577 inimicitias
1051 2547 1344 2591 suscepturum:
1375 2556 1447 2581 nec
1466 2545 1564 2582 enirn
1589 2545 1621 2582 si

167 2597 315 2648 ceperit
342 2603 459 2646 atque
480 2598 664 2645 obtineat,
691 2599 744 2637 illi
767 2601 1108 2638 commodaturam.
1141 2602 1262 2653 Cujus
1282 2611 1443 2653 pacatae,
1474 2606 1620 2643 reditus

167 2666 208 2697 et
234 2658 434 2709 vectigalia
463 2659 620 2709 triginta
653 2660 798 2699 talenta
829 2674 905 2698 non
940 2662 1152 2700 excedant:
1183 2663 1241 2700 sin
1275 2664 1376 2701 bello
1409 2666 1621 2710 infestetur,

168 2719 299 2758 nullus
317 2720 475 2758 omnino
496 2721 545 2757 sit
563 2720 722 2758 fructus.
771 2722 900 2766 Quum
926 2736 972 2760 ex
1002 2724 1194 2775 emporiis,
1221 2739 1307 2775 quae
1333 2725 1424 2762 belii
1451 2733 1621 2776 tempore

168 2780 453 2825 clauderentur,
468 2780 630 2831 amplius
643 2781 896 2821 ducentorum
909 2784 1097 2823 talentum
1111 2786 1253 2824 reditus
1267 2786 1462 2836 percipiat.
1493 2788 1623 2829 Quare

171 2842 203 2879 si
233 2841 339 2892 parvi
365 2842 494 2879 lucelli
521 2854 589 2891 spe
611 2841 814 2888 adductus,
836 2844 957 2882 hostis
975 2858 1059 2883 esse
1085 2846 1204 2890 malit,
1234 2859 1323 2883 cum
1354 2847 1463 2896 plura
1485 2849 1623 2898 possit,

172 2902 338 2942 amicitia
369 2910 501 2943 nostra
531 2902 713 2950 munitus,
745 2904 932 2950 obtinere,
965 2906 1088 2944 mirari
1119 2919 1201 2945 sese
1230 2906 1475 2947 dictitabunt.
1527 2909 1623 2946 Mihi
