1923 3149
360 224 430 260 148
683 220 757 258 DE
788 221 1089 260 REPUBLICA
1119 222 1458 260 ORDINANDA.

354 324 453 361 brias
467 336 476 365 ;
507 322 577 374 ipsi
597 322 693 360 enim
709 323 885 362 videmini
901 332 1051 376 propter
1063 326 1247 364 honorum
1264 324 1577 375 magnitudinem,
1593 337 1688 374 quos
1703 337 1790 375 pro-

353 393 482 436 pterea
502 384 663 422 ducibus
684 385 923 433 decrevistis,
936 387 1069 424 harum
1092 399 1213 424 rerum
1228 386 1347 437 gloria
1368 386 1439 423 illis
1453 386 1601 424 cedere.

407 448 444 484 9.
474 447 575 488 Quin
595 447 706 484 etiam
729 448 854 486 civilia
875 449 977 486 dona
997 456 1038 485 ut
1055 449 1108 486 illi
1127 447 1257 499 pulcre
1277 448 1544 498 largiebantur,
1565 448 1617 484 sic
1631 459 1699 484 vos
1716 459 1792 483 non

353 514 467 554 recte,
482 508 688 559 peregrinis
707 522 817 560 porro
839 523 996 547 munera
1014 509 1205 560 quomodo
1225 508 1278 546 illi
1304 507 1605 546 distribuebant?
1636 507 1794 545 Menoni

356 569 554 608 Pharsalio
573 569 634 619 qui
651 569 851 607 duodecim
868 571 1014 621 argenti
1040 571 1185 608 talenta
1204 570 1252 608 ad
1277 570 1418 608 bellum
1439 576 1589 619 gestum
1616 569 1654 605 in
1674 568 1793 605 Eione

353 631 402 670 ad
425 629 683 682 Amphipolim
700 631 973 682 suppeditarat,
987 639 1025 669 et
1044 632 1228 669 ducentos
1249 631 1395 681 equites
1416 630 1571 667 clientes
1598 641 1686 666 suos
1704 641 1792 678 sup-

352 691 475 743 petias
496 691 662 734 miserat,
679 704 755 728 non
776 691 967 729 civitatem
994 692 1254 738 decreverunt,
1269 691 1336 729 sed
1355 691 1628 728 immunitatem
1644 697 1792 728 tantum

353 752 553 790 dederunt.
610 750 660 788 Et
677 760 766 789 ante
786 751 887 789 hunc
909 752 1119 799 Perdiccae‚
1138 753 1202 803 qui
1221 766 1297 803 quo
1309 759 1477 803 tempore
1497 752 1688 790 Barbarus
1705 751 1794 789 Per-

354 826 481 851 sarum
497 826 560 851 rex
579 811 667 849 olim
685 812 871 851 Graeciam
892 813 1081 851 hostiliter
1099 815 1291 852 invaserat
1310 827 1375 851 rex
1394 813 1636 851 Macedoniae
1656 812 1742 858 fuit,
1755 819 1793 850 et

355 874 542 911 Barbaros
560 872 623 924 qui
649 880 737 924 post
765 880 958 924 acceptam
986 874 1135 911 cladem
1163 874 1316 912 Plataeis
1342 873 1573 912 recedebant
1595 873 1736 911 delevit
1756 880 1794 911 et

354 935 434 986 regi
449 934 651 972 Persarum
668 935 854 986 integram
867 935 970 972 illam
991 942 1158 986 stragem
1178 936 1280 982 fecit,
1294 948 1371 974 non
1393 935 1645 973 decreverunt
1663 935 1794 972 civita-

354 1003 443 1041 tem,
463 996 532 1034 sed
552 997 827 1034 immunitatem
843 996 1043 1042 duntaxat,
1061 1009 1239 1047 magnam
1268 997 1441 1033 nimirum
1461 1003 1498 1033 et
1518 996 1741 1046 praeclaram
1758 1003 1795 1033 et

354 1057 606 1094 venerabilem
621 1070 726 1094 suam
740 1056 897 1107 patriam
918 1056 1177 1094 existimantes
1197 1063 1235 1094 et
1249 1058 1384 1107 quovis
1398 1057 1579 1107 majorem
1594 1056 1794 1095 benefic-AO.

356 1118 471 1155 Nunc
485 1130 586 1162 vero,
607 1117 874 1161 Athenienses,
894 1117 1066 1154 homines
1085 1117 1255 1169 perditos
1275 1131 1403 1156 servos
1423 1118 1539 1155 servis
1555 1117 1718 1168 genitos,
1732 1129 1796 1155 ac-

355 1185 467 1229 cepto
487 1185 669 1228 tanquam
687 1190 756 1228 pro
775 1177 858 1215 aliis
880 1178 1067 1215 mercibus
1096 1178 1229 1229 pretio,
1249 1178 1348 1216 cives
1368 1177 1502 1215 facitis.
1561 1177 1612 1215 Et
1627 1177 1711 1215 haec
1729 1190 1796 1215 vo-

352 1240 412 1278 bis
439 1253 552 1290 agere
571 1240 693 1277 visum
719 1247 777 1276 est
805 1252 879 1276 non
899 1240 1001 1289 quod
1029 1240 1276 1278 deterioribus
1299 1239 1378 1277 sitis
1396 1239 1557 1290 ingeniis
1585 1251 1697 1290 quam
1716 1252 1796 1277 ma-

349 1302 457 1351 jores
475 1301 603 1347 vestri,
619 1300 685 1338 sed
704 1301 807 1351 quod
819 1300 871 1337 illi
890 1300 960 1351 ipsi
978 1300 1026 1338 de
1043 1314 1082 1338 se
1096 1301 1280 1352 praeclare
1301 1307 1510 1346 senserunt,
1529 1300 1636 1338 vobis
1652 1291 1795 1347 autem,

353 1362 621 1408 Athenienses,
640 1362 677 1399 id
697 1368 868 1412 ereptum
885 1368 956 1399 est.
1015 1362 1149 1412 Neque
1163 1374 1251 1400 vero
1267 1361 1345 1399 fieri
1361 1374 1529 1412 unquam
1544 1362 1716 1412 profecto
1728 1374 1796 1412 po-

354 1429 442 1468 test,
462 1431 504 1461 ut
515 1423 688 1461 homines
707 1423 831 1474 parvis
852 1432 890 1461 et
907 1422 1042 1460 vilibus
1061 1422 1237 1473 occupati
1251 1424 1364 1460 rebus
1382 1422 1563 1460 sublimes
1582 1428 1620 1459 et
1634 1435 1795 1473 genero-

354 1497 416 1522 sos
436 1485 588 1535 spiritus
618 1485 850 1536 concipiant,
871 1484 1191 1535 quemadmodum
1210 1483 1374 1521 vicissim
1401 1491 1537 1521 natura
1560 1496 1636 1521 non
1656 1483 1730 1521 fert
1756 1490 1799 1522 ut

356 1545 566 1596 splendidis
598 1553 637 1583 et
665 1546 856 1597 praeclaris
877 1545 1041 1596 negotiis
1072 1545 1204 1593 dediti,
1225 1545 1370 1582 animos
1391 1544 1547 1595 pusillos
1574 1544 1740 1582 habeant
1758 1552 1798 1582 et

354 1606 548 1655 abjectos:
576 1620 663 1644 nam
694 1607 822 1656 qualia
851 1607 1048 1643 hominum
1078 1606 1207 1642 studia
1224 1606 1376 1650 fuerint,
1395 1605 1535 1642 talibus
1567 1617 1632 1642 eos
1660 1605 1796 1643 animis

355 1667 470 1705 etiarn
491 1680 574 1704 esse
595 1667 775 1716 praeditos
795 1679 953 1703 necesse
970 1673 1040 1703 est.

413 1730 472 1765 10.
503 1727 768 1773 Considerate,
788 1740 933 1777 quaeso,
954 1740 1040 1777 quae
1056 1728 1182 1778 capita
1198 1728 1406 1765 enumerari
1427 1728 1577 1778 possint
1596 1741 1725 1766 earum
1737 1741 1796 1767 re·

357 1803 439 1827 rum
455 1802 550 1839 quas
577 1788 632 1826 illi
653 1795 856 1838 gesserunt
876 1801 1047 1838 quasque
1075 1801 1140 1825 vos
1160 1788 1303 1838 geritis,
1324 1801 1372 1826 an
1391 1788 1449 1825 his
1470 1789 1565 1826 inter
1584 1801 1624 1826 se
1652 1789 1799 1828 collatis

356 1851 461 1889 vobis
480 1850 573 1900 ipsis
593 1849 765 1886 meliores
785 1849 864 1886 fieri
879 1849 1044 1899 possitis.
1101 1849 1160 1885 Illi
1178 1848 1293 1899 igitur
1309 1862 1430 1887 annos
1451 1850 1621 1900 quinque
1637 1857 1677 1887 et
1689 1864 1797 1888 sexa-

356 1912 462 1962 ginta
482 1910 630 1948 Graecis
648 1909 861 1948 volentibus
882 1910 1138 1960 imperarunt;
1170 1910 1330 1961 amplius
1346 1910 1472 1947 decies
1488 1911 1589 1948 mille
1600 1910 1746 1949 talenta
1760 1913 1799 1949 in

356 1985 480 2011 arcem
501 1978 796 2022 congesserunt3
827 1971 948 2009 multa
980 1978 1018 2008 et
1048 1971 1232 2022 praeclara
1261 1978 1362 2009 terra
1390 1972 1558 2022 marique
1584 1981 1798 2023 pugnantes

356 2042 499 2085 tropaea
517 2039 729 2078 erexerunt,
749 2046 834 2083 quae
854 2033 966 2071 etiam
987 2046 1089 2070 nunc
1110 2033 1214 2070 laudi
1233 2033 1340 2071 nobis
1356 2033 1542 2071 ducimus.
1598 2033 1715 2084 Atqui
1727 2048 1799 2085 pu-

354 2106 433 2137 tare
452 2094 599 2132 debetis
619 2094 705 2132 illos
732 2107 777 2131 ea
797 2095 972 2141 erexisse,
991 2107 1067 2132 non
1086 2101 1128 2131 ut
1151 2106 1220 2132 nos
1238 2094 1304 2131 illa
1324 2100 1543 2145 spectantes
1561 2102 1709 2132 tantum
1729 2096 1797 2134 ad-

356 2157 588 2199 miraremur,
611 2155 677 2193 sed
699 2162 738 2192 ut
757 2155 870 2193 etiam
893 2156 1048 2193 virtutes
1068 2168 1200 2193 eorum
1227 2168 1249 2193 a
1268 2155 1405 2206 quibus
1425 2163 1649 2194 consecrata
1669 2163 1799 2195 essent
1855 2199 1858 2204 ,

355 2216 598 2255 imitaremur.
654 2216 703 2253 Et
721 2216 774 2254 illi
793 2216 948 2267 quidem
966 2217 1073 2254 haec:
1105 2216 1187 2254 Nos
1207 2229 1294 2253 vero
1326 2223 1434 2254 tanta
1465 2216 1688 2254 circumdati
1708 2218 1798 2254 soli-

356 2278 489 2316 tudine
509 2284 691 2328 quantam
710 2277 845 2315 videtis
867 2290 1015 2324 omnes,
1035 2277 1275 2315 considerate
1295 2290 1343 2314 an
1357 2277 1504 2315 similia.
1551 2276 1612 2313 An
1626 2290 1702 2314 non
1718 2290 1797 2314 am-

355 2339 455 2389 plius
475 2339 576 2376 mille
597 2347 636 2376 et
654 2339 864 2389 quingenta
878 2339 1023 2377 talenta
1042 2339 1079 2376 in
1100 2338 1324 2376 Graecorum
1342 2338 1536 2375 mendicos
1556 2338 1694 2376 frustra
1710 2352 1796 2390 pro-

357 2399 552 2438 fudimus?
584 2400 642 2436 An
662 2413 738 2437 non
757 2408 796 2437 et
815 2401 969 2450 privatae
989 2399 1142 2437 familiae
1161 2412 1291 2437 omnes
1307 2406 1347 2436 et
1363 2399 1536 2436 aerarium
1551 2399 1744 2450 publicum
1756 2408 1798 2438 et

357 2473 442 2510 quae
465 2473 488 2497 a
515 2460 627 2497 sociis
648 2460 895 2498 conferuntur
915 2467 1004 2498 sunt
1022 2460 1232 2497 exhausta?
1262 2460 1326 2496 An
1347 2473 1423 2497 non
1440 2472 1535 2510 quos
1558 2458 1596 2496 in
1614 2460 1716 2498 bello
1734 2474 1796 2499 so-

357 2521 436 2558 cios
457 2521 565 2558 nobis
586 2520 842 2571 adjunximus,
863 2522 900 2558 hi
920 2521 1022 2572 pacis
1041 2528 1214 2571 tempore
1228 2520 1449 2571 perierunt?
1479 2521 1547 2565 At,
1565 2534 1632 2572 per
1645 2522 1794 2569 Jovem,

357 2581 441 2618 haec
462 2581 545 2619 sola
564 2580 710 2618 scilicet
721 2588 812 2618 tunc
833 2581 988 2619 meliora
1003 2582 1106 2619 fuere
1127 2595 1241 2631 quam
1260 2595 1376 2627 nunc,
1392 2589 1532 2620 caetera
1550 2595 1640 2620 vero
1659 2582 1796 2621 deteri-

358 2641 447 2680 ora?
478 2642 687 2680 Plurimum
707 2650 811 2680 certe
823 2644 943 2681 abest.
1000 2643 1076 2680 Sed
1092 2642 1214 2692 quid?
1244 2642 1542 2680 Consideremus
1561 2643 1701 2681 vultis?
1730 2645 1795 2681 ΙΕ-

359 2703 484 2741 dificia
503 2704 618 2754 igitur
638 2710 676 2740 et
696 2712 918 2741 ornamenta
936 2704 1051 2749 urbis,
1070 2703 1296 2754 templorum
1313 2711 1352 2741 et
1363 2711 1540 2754 portuum
1555 2711 1594 2742 et
1605 2717 1690 2754 quae
1705 2713 1795 2742 sunt

357 2768 436 2812 ejus
457 2763 606 2815 generis
627 2763 712 2808 alia,
729 2771 785 2801 tot
803 2771 842 2802 et
859 2772 965 2801 tanta
992 2764 1044 2801 illi
1071 2764 1311 2814 reliquerunt,
1332 2771 1373 2801 ut
1391 2765 1440 2802 ad
1459 2777 1587 2802 eorum
1607 2765 1794 2803 excellen-

358 2827 447 2863 tiam
469 2826 558 2863 nihil
581 2826 701 2876 possit
720 2826 921 2875 posteritas
949 2826 1112 2868 addere3
1142 2839 1278 2876 nempe
1298 2827 1493 2877 propylaea
1504 2826 1632 2864 haecce
1649 2839 1737 2875 quae
1755 2827 1792 2864 in

358 2895 566 2939 conspectu
581 2894 680 2934 sunt,
698 2887 859 2934 navalia,
878 2887 1058 2938 porticus,
1076 2895 1217 2933 cetera,
1238 2888 1375 2938 quibus
1394 2887 1447 2926 illi
1460 2889 1590 2925 urbem
1608 2887 1715 2925 nobis
1728 2901 1792 2925 ex·
