1923 3149
312 163 385 201 120
690 165 745 203 IN
779 166 1018 205 PHILIPPI
1052 167 1371 210 EPlSTOLAM.

305 271 455 303 turnam
485 278 573 304 esse
601 268 867 307 concordiam:
897 271 1046 321 quoties
1082 284 1170 309 vcro
1199 286 1244 309 ex
1275 273 1418 311 insidiis
1447 279 1485 312 et
1512 275 1668 312 avaritia
1689 287 1756 325 per

304 325 558 376 imposturam
579 335 617 366 et
633 329 852 368 violentiam
872 332 1103 378 obtinentur,
1134 339 1174 370 ut
1203 334 1250 370 ab
1280 334 1352 371 isto
1380 347 1495 379 nunc,
1516 348 1634 386 parva
1662 349 1757 386 qua-

302 389 407 438 piam
428 390 629 428 occasione
650 399 688 428 et
705 392 945 442 quantumvis
960 394 1032 431 levi
1048 393 1258 432 offensione
1279 395 1454 434 celeriter
1469 396 1606 434 discuti
1621 404 1661 434 et
1676 397 1754 434 dis-

304 449 399 487 solvi
420 451 560 490 omnia.
605 452 708 496 Quin
738 460 777 490 et
802 455 993 504 reputanti
1022 455 1112 492 mihi
1141 468 1403 506 saepenumero
1429 465 1665 508 compertum
1685 465 1756 502 est,

304 524 384 549 non
404 513 541 557 solum,
573 513 843 560 Athenienses,
869 515 1024 553 socialia
1043 517 1186 554 foedera
1206 517 1383 568 Philippo
1411 518 1691 568 suspicionibus
1717 527 1757 556 et

304 574 400 612 odiis
421 575 562 620 labare,
585 577 653 613 scd
673 585 709 614 et
728 577 868 627 proprii
887 578 1033 629 imperii
1057 580 1268 629 potentiam
1282 593 1358 617 non
1378 580 1490 625 belle,
1510 593 1636 630 neque
1653 587 1755 630 apte,

303 648 428 686 neque
453 643 495 674 ut
515 637 712 675 arbitretur
732 638 878 687 aliquis,
899 652 985 677 esse
1013 641 1291 691 compositam:
1321 641 1474 678 omnino
1498 641 1599 677 enim
1620 642 1754 678 Mace-

303 697 443 735 donica
463 700 646 749 potentia,
676 699 928 737 additamenti
948 700 1103 752 quidem
1124 702 1217 747 vice,
1238 702 1419 752 ponderis
1448 701 1619 739 nonnihil
1639 701 1756 739 habet

302 765 418 810 atque
437 773 555 803 usus;
585 760 667 811 ipsa
691 773 780 798 vero
801 774 869 811 per
888 774 972 799 sese
1000 762 1150 800 infirma
1170 770 1243 810 est,
1261 770 1311 809 et,
1332 764 1363 801 si
1383 770 1500 801 tantae
1521 762 1610 800 moli
1628 775 1755 800 rerum

301 827 558 871 comparetur,
585 821 847 872 despicienda.
893 822 1087 860 Praeterea
1107 823 1189 874 ipse
1210 837 1294 861 eam
1313 824 1424 862 bellis
1443 831 1483 861 et
1502 822 1755 874 expeditioni-

300 882 384 927 bus,
405 889 444 920 et
461 883 573 920 rebus
593 883 666 921 illis
687 884 863 921 omnibus
891 890 1046 934 propter
1075 898 1171 934 quas
1201 898 1362 935 magnus
1393 884 1599 922 existimari
1619 883 1754 935 possit,

298 943 544 982 infirmiorem
565 944 634 981 sibi
654 944 858 995 minusque
886 945 1001 982 fidam
1022 945 1211 983 reddidit:
1243 946 1362 983 nolite
1392 946 1492 983 enim
1521 946 1754 991 existimare,

300 1005 579 1051 Athenienses,
608 1006 741 1043 iisdem
773 1007 885 1043 rebus
912 1006 1094 1044 delectari
1123 1006 1341 1057 Philippum
1369 1013 1409 1044 et
1434 1006 1620 1057 populum
1649 1006 1753 1057 ejus;

301 1066 370 1103 sed
398 1066 492 1104 illud
512 1066 767 1113 considerate,
797 1067 956 1117 gloriam
990 1066 1111 1112 illurn,
1133 1066 1204 1105 hos
1235 1067 1480 1105 securitatem
1512 1067 1753 1105 desiderare:

298 1140 411 1177 quam
434 1141 504 1165 nec
523 1128 585 1166 ille
606 1129 686 1165 sine
706 1128 885 1179 periculis
913 1128 1073 1179 adipisci
1099 1135 1241 1179 potest,
1261 1135 1300 1165 et
1318 1128 1377 1166 his
1398 1128 1551 1166 minime
1571 1135 1754 1179 opportu-

299 1202 390 1226 num
411 1196 480 1236 est,
500 1190 639 1227 relictis
654 1190 758 1227 domi
777 1190 916 1235 liberis,
939 1189 1178 1240 parentibus,
1201 1190 1398 1235 uxoribus,
1427 1190 1551 1236 atteri,
1571 1197 1610 1228 et
1628 1189 1752 1228 indies

298 1262 369 1301 pro
389 1263 435 1288 eo
457 1251 672 1302 periclitari.
721 1251 779 1287 Ex
799 1264 875 1301 quo
894 1250 1059 1302 perspici
1080 1258 1218 1302 potest,
1238 1251 1434 1301 quomodo
1460 1252 1597 1302 vulgus
1619 1251 1751 1290 Mace-

298 1311 442 1348 donum
463 1325 556 1363 erga
575 1312 792 1362 Philippum
811 1311 858 1349 sit
871 1311 1074 1349 affectum:
1104 1312 1186 1363 ejus
1202 1325 1314 1363 porro
1331 1312 1536 1350 familiares
1556 1318 1596 1350 et
1610 1313 1753 1350 amicos

295 1380 334 1410 et
353 1375 543 1424 peregrini
571 1374 696 1411 militis
718 1373 852 1420 duces,
870 1373 985 1411 laude
1014 1373 1170 1424 quidem
1195 1374 1329 1412 florere
1348 1373 1596 1419 fortitudinis,
1625 1373 1695 1411 sed
1714 1374 1753 1411 in

295 1435 439 1486 majore
458 1442 563 1473 metu
587 1449 702 1487 quam
733 1436 907 1474 homines
937 1437 1123 1474 obscuros
1152 1436 1292 1483 vivere,
1316 1435 1538 1480 invenietis;
1568 1435 1629 1474 his
1650 1436 1752 1474 enim

294 1497 425 1534 hostes
437 1498 705 1535 tantummodo
715 1498 912 1535 metuendi
923 1504 1031 1541 sunt;
1048 1497 1102 1535 illi
1116 1504 1243 1535 autem
1257 1498 1378 1548 magis
1393 1499 1440 1535 ab
1453 1498 1752 1535 assentatoribus

293 1564 331 1596 et
346 1559 697 1605 calumniatoribus,
711 1573 824 1610 quam
842 1573 865 1597 a
883 1560 1020 1611 praeliis
1035 1565 1223 1597 metuunt.
1256 1560 1317 1597 Ac
1336 1559 1391 1596 illi
1410 1558 1581 1609 quidem,
1601 1559 1751 1609 adjuto-

293 1620 397 1658 ribus
417 1622 609 1667 omnibus,
629 1634 716 1659 cum
737 1622 910 1659 hostibus
929 1628 1130 1673 pugnant:
1159 1621 1219 1659 his
1239 1628 1369 1659 autem
1392 1628 1431 1659 et
1454 1621 1544 1659 belli
1562 1621 1751 1659 malorum

293 1688 441 1731 partem
460 1682 564 1720 haud
584 1683 815 1721 mediocrem
836 1683 1022 1720 sustinere
1045 1683 1227 1734 contigit3
1258 1688 1297 1720 et
1325 1683 1484 1720 seorsim
1512 1683 1613 1733 regis
1642 1682 1750 1733 inge—

294 1743 399 1780 nium
429 1757 693 1794 expavescere.
744 1746 809 1782 Ad
829 1745 929 1789 haec,
960 1745 992 1782 si
1020 1744 1193 1796 plebeius
1222 1743 1361 1794 aliquis
1391 1744 1606 1794 deliquerit,
1634 1756 1752 1794 poena

292 1818 361 1856 pro
376 1805 504 1843 delicti
523 1806 638 1843 modo
658 1806 693 1843 ei
713 1807 914 1857 infligitur;
944 1819 1123 1856 proceres
1137 1818 1226 1843 vero
1243 1812 1337 1851 tum,
1356 1818 1443 1843 cum
1459 1805 1750 1855 praeclarissime

293 1879 335 1904 se
357 1874 573 1917 gesserunt,
602 1869 774 1906 maximis
801 1869 982 1906 conviciis
1002 1875 1041 1905 et
1065 1868 1304 1905 contumeliis
1324 1876 1462 1918 praeter
1490 1868 1665 1905 meritum
1692 1869 1750 1904 in-

293 1936 523 1966 cessuntur:
557 1942 681 1979 neque
709 1930 913 1980 quisquam
943 1942 1048 1966 sanae
1077 1929 1214 1967 mentis
1251 1929 1366 1966 fidem
1391 1929 1451 1966 his
1482 1929 1747 1979 abi·ogaverit;

292 2002 378 2026 eum
400 1990 499 2027 enim
519 1990 573 2027 ita
594 1989 723 2040 glorioe
745 1991 953 2041 cupiditate
975 1991 1250 2028 inflammatum
1275 2003 1358 2028 esse
1382 1990 1516 2028 dicunt
1533 1990 1586 2036 hi,
1606 1990 1747 2040 quibus

291 2050 529 2088 familiariter
557 2058 671 2088 notus
691 2058 759 2097 est,
788 2059 831 2089 ut
850 2052 977 2089 omnia
1002 2052 1188 2102 praeclara
1212 2051 1384 2089 facinora
1414 2064 1485 2088 sua
1513 2064 1596 2089 esse
1628 2051 1748 2089 videri

292 2113 396 2159 velit,
426 2120 464 2150 ct
493 2112 616 2164 magis
645 2113 863 2164 indignetur
892 2114 1056 2151 ducibus
1086 2120 1125 2151 et
1152 2114 1342 2164 praefectis
1372 2113 1435 2163 qui
1465 2113 1607 2164 aliquid
1634 2113 1750 2151 laude

295 2174 453 2225 dignum
474 2182 692 2225 gesserunt,
710 2189 824 2226 quam
845 2175 916 2213 illis
937 2176 1001 2225 qui
1022 2188 1176 2226 prorsus
1197 2174 1456 2212 offenderunt.

345 2238 384 2273 4.
415 2236 491 2280 Qui
510 2236 553 2274 fit
572 2236 701 2287 igitur,
723 2237 754 2274 si
774 2237 849 2274 ista
866 2250 957 2275 vera
977 2244 1078 2283 sunt,
1099 2242 1143 2273 ut
1157 2238 1237 2286 jam
1257 2236 1416 2286 longum
1436 2242 1586 2285 tempus
1612 2236 1651 2272 in
1671 2234 1748 2272 fide

292 2304 474 2335 maneant
504 2311 575 2335 nec
613 2311 699 2336 eum
735 2297 945 2335 deserant?
976 2297 1077 2341 Quia
1113 2310 1326 2342 successus,
1359 2296 1631 2338 Athenienses,
1663 2295 1747 2333 haeo

292 2359 420 2396 omnia
448 2359 609 2410 caligine
638 2360 858 2403 involvunt3
889 2372 978 2397 nam
1004 2358 1185 2396 secundae
1215 2372 1272 2395 res
1297 2370 1474 2408 magnam
1501 2356 1576 2393 vim
1605 2356 1751 2395 habent

293 2421 343 2458 ad
363 2428 523 2471 peccata
542 2421 741 2458 hominum
760 2421 1006 2471 contegenda
1025 2427 1063 2458 et
1077 2419 1365 2457 obumbranda:
1397 2418 1464 2456 sed
1483 2419 1513 2455 si
1533 2431 1648 2468 quam
1665 2418 1746 2456 cla-

293 2483 382 2520 dem
403 2482 606 2533 acceperit,
628 2490 709 2520 tum
730 2483 766 2519 in
787 2489 958 2533 apertum
979 2482 1062 2519 haec
1084 2481 1212 2518 omnia
1229 2481 1358 2531 palam
1386 2479 1651 2531 proferentur;
1681 2492 1746 2516 ea-

294 2545 383 2582 dem
410 2545 510 2581 enim
530 2544 664 2581 harum
687 2557 811 2581 rerum
835 2544 931 2581 ratio
960 2550 1032 2589 est,
1062 2556 1149 2592 quae
1177 2555 1377 2593 corporum
1399 2548 1631 2586 nostrorum,
1656 2553 1746 2578 nam

291 2606 383 2644 dum
414 2605 551 2656 aliquis
579 2606 691 2651 valet,
712 2605 856 2642 nullum
879 2618 925 2642 ex
948 2605 1047 2642 male
1075 2602 1220 2641 affectis
1241 2604 1411 2653 partibus
1433 2603 1604 2641 dolorem
1628 2615 1746 2640 sensu

291 2669 477 2719 percipit:
508 2668 562 2705 sin
584 2667 824 2711 decubuerit,
852 2672 1140 2704 commoventur
1160 2665 1302 2710 omnia,
1331 2665 1409 2701 sive
1435 2671 1589 2715 ruptum
1610 2663 1661 2701 sit
1679 2662 1746 2700 ali-

291 2730 398 2780 quid,
419 2730 497 2768 sive
518 2730 705 2774 luxatum,
727 2729 807 2765 sive
826 2728 929 2778 quod
947 2727 1051 2765 aliud
1071 2728 1280 2764 membrum
1302 2727 1474 2777 perfecta
1493 2725 1655 2763 sanitate
1675 2723 1743 2760 de-

291 2792 495 2829 stituatur:
527 2791 579 2829 sic
609 2790 723 2828 etiam
753 2790 794 2826 fit
824 2789 859 2825 in
890 2788 1014 2838 regnis
1043 2794 1081 2825 et
1112 2788 1345 2838 quibuslibet
1373 2787 1552 2838 imperiis,
1582 2785 1674 2822 dum
1704 2784 1741 2822 in

287 2852 398 2889 bellis
414 2853 572 2892 victoria
592 2851 801 2902 potiuntur,
822 2863 953 2888 eorum
976 2849 1075 2887 mala
1095 2849 1233 2899 vulgus
1254 2862 1327 2886 non
1344 2847 1547 2900 perspicit;
1577 2847 1634 2884 sin
1649 2845 1741 2884 alic-

290 2915 352 2950 ubi
375 2914 610 2965 impegerint,
632 2913 669 2951 id
691 2913 795 2964 quod
828 2913 862 2951 ei
882 2926 982 2950 nunc
1015 2924 1086 2950 usu
1109 2919 1309 2950 venturum
1331 2909 1527 2949 verisimile
1553 2917 1613 2948 est
1633 2914 1738 2959 post-
