1923 3149
507 160 712 199 ORATIO
745 160 821 199 DE
841 158 1228 199 CHERSONESO.
1579 162 1622 199 81

159 275 247 302 esse
271 263 407 303 animis
434 263 604 310 affectos,
632 264 774 317 quique
807 276 849 302 se
876 262 930 301 illi
950 262 1225 310 vendiderunt,
1252 262 1342 301 odio
1367 261 1629 315 prosequendi

158 326 254 364 etin
275 326 487 365 cruciatum
517 327 730 378 abripiendi
752 332 855 364 sunt.
913 325 1004 363 Non
1023 325 1125 363 enim
1156 324 1250 371 fieri,
1271 338 1348 363 non
1374 326 1454 363 fieri
1480 332 1626 376 potest,

158 393 203 425 ut
221 388 368 425 externi
397 389 530 427 hostes
551 395 791 440 superentur,
810 387 883 425 nisi
902 387 1008 438 prius
1031 386 1266 425 domesticos
1295 386 1428 424 hostes
1460 388 1627 438 punieri-

157 448 220 496 tis,
242 450 308 500 qui
325 450 379 488 illi
401 452 663 494 subserviunt3
694 450 761 488 sed
783 462 944 487 necesse
964 455 1036 495 est,
1051 449 1116 486 ubi
1136 448 1173 485 in
1190 448 1261 487 hos
1281 454 1464 499 tanquam
1486 461 1625 500 scopu-

156 510 217 549 los
243 512 433 562 quosdam
453 511 701 563 impegeritis,
730 518 775 548 ut
801 510 854 548 illi
871 511 979 548 vobis
1003 515 1258 548 antevertant.
1315 510 1416 548 Nam
1446 522 1514 548 cur
1533 523 1622 547 eum

156 571 212 610 ita
254 573 532 612 contumeliose
563 572 671 610 vobis
711 571 897 610 insultare
926 584 1031 610 nunc
1064 570 1359 623 putatis—nihil
1391 571 1490 609 enim
1520 570 1626 609 aliud

155 633 248 671 mihi
268 634 424 684 quidem
443 634 570 672 facere
592 633 760 681 videtur,
788 633 862 671 nisi
887 633 1060 672 hoc—et
1089 647 1176 672 cum
1200 632 1297 672 alios
1328 632 1624 679 benefaciendo,

157 696 189 733 si
207 709 283 734 non
299 696 417 743 aliud,
432 696 569 734 saltem
588 696 767 741 seducat,
785 695 893 734 vobis
905 699 986 745 jam
1009 696 1124 735 etiam
1139 695 1329 734 minitari?
1351 695 1481 733 Veluti
1497 694 1625 733 Thes-

155 757 272 805 salos,
297 757 428 796 multis
450 757 550 796 datis
571 757 810 805 muneribus,
836 758 876 795 in
906 758 1008 796 hanc
1039 758 1260 796 servitutem
1286 757 1463 809 pellexit:
1495 769 1625 808 neque

155 819 322 857 dicendo
350 819 554 870 quisquam
587 818 775 869 consequi
813 825 956 870 potest,
983 833 1101 871 quam
1136 819 1250 856 variis
1280 819 1425 857 artibus
1458 819 1621 856 miseros

156 881 377 933 Olynthios,
408 881 502 919 data
530 881 634 932 prius
654 880 844 927 Potidaea,
872 881 1082 931 multisque
1107 881 1191 919 aliis
1225 880 1442 931 deceperit:
1472 880 1625 918 Theba-

154 955 223 980 nos
244 956 348 981 nunc
375 944 446 981 sub
468 943 605 994 jugum
628 954 740 980 suum
768 941 901 988 allicit,
932 942 1076 980 tradita
1092 942 1255 989 Boeotia,
1279 949 1533 994 posteaquam
1553 955 1622 980 eos

154 1018 297 1056 magno
333 1005 516 1056 gravique
552 1004 657 1042 bello
694 1004 881 1042 liberavit.
950 1004 1087 1055 Itaque
1117 1004 1156 1042 hi
1186 1017 1337 1052 ornnes,
1368 1005 1463 1043 dum
1493 1005 1624 1055 aliqua

155 1066 430 1105 commoditate
455 1066 649 1111 fruuntur,
678 1065 740 1103 alii
762 1066 845 1117 jam
872 1065 1047 1117 perpessi
1075 1078 1122 1104 ea
1153 1072 1258 1111 sunt,
1283 1080 1371 1117 quae
1393 1079 1530 1104 ornnes
1550 1080 1621 1105 no-

152 1135 256 1173 runt,
279 1129 340 1166 alii
361 1127 695 1178 ferent‚quicquid
719 1128 879 1165 tandem
898 1128 1116 1179 contigerit.
1173 1129 1231 1166 At
1249 1142 1335 1175 vos,
1362 1137 1406 1167 ut
1429 1142 1515 1180 quae
1534 1142 1622 1181 per—

152 1189 324 1227 dideritis
343 1197 509 1236 taceam,
530 1191 569 1227 in
589 1190 675 1240 ipsa
694 1189 974 1240 pacificatione,
995 1190 1145 1240 quoties
1167 1190 1332 1242 decepti,
1350 1204 1468 1241 quam
1488 1192 1619 1230 multis

152 1251 306 1302 spoliati
336 1251 448 1289 estis!
479 1251 622 1289 Nonne
650 1250 932 1298 Phocensibus,
963 1264 1093 1290 nonne
1122 1251 1244 1303 Pylis,
1274 1265 1403 1290 nonne
1436 1252 1617 1298 Thracia,

152 1312 330 1359 Dorisco,
370 1312 512 1359 Serrio,
553 1313 809 1364 Cersoblepte
846 1313 944 1364 ipso,
981 1326 1111 1351 nonne
1149 1326 1252 1352 nunc
1283 1315 1418 1352 urbem
1453 1315 1618 1354 Cardia-

150 1388 284 1413 norum
306 1382 413 1413 tenet
430 1388 475 1413 ac
496 1374 725 1413 confitetur?
757 1376 836 1413 Cur
858 1376 976 1426 igitur
1003 1375 1079 1414 alia
1103 1375 1253 1414 ratione
1272 1376 1374 1422 illos,
1391 1390 1462 1415 nec
1477 1378 1619 1417 eodem

150 1437 266 1474 modo
286 1450 353 1475 vos
382 1436 547 1475 tractat?
580 1436 773 1481 Quoniam
801 1437 840 1474 in
861 1437 938 1475 hac
956 1444 1086 1475 vestra
1108 1450 1189 1476 una
1214 1445 1443 1476 cunctarum
1465 1440 1619 1478 urbium

150 1499 306 1549 impune
332 1498 501 1536 hostium
530 1499 745 1537 commodis
772 1498 1005 1550 patrocinari
1031 1498 1138 1546 licet,
1169 1512 1216 1538 ac
1242 1500 1273 1538 si
1300 1500 1384 1552 quis
1409 1501 1616 1552 pecuniam

147 1559 229 1610 ipse
245 1559 408 1610 accepit,
431 1560 688 1598 concionandi
707 1567 942 1611 potestatem
962 1561 1091 1607 habet,
1113 1561 1263 1599 etiamsi
1282 1575 1350 1600 vos
1370 1564 1508 1601 vestris
1531 1564 1612 1615 opi-

148 1621 222 1658 bus
251 1621 401 1659 interim
429 1621 582 1672 spoliati
608 1622 704 1660 sitis.
763 1623 853 1660 Non
873 1629 1000 1661 tutum
1026 1623 1099 1660 fuit
1122 1623 1285 1674 Olynthi
1313 1638 1472 1664 causam
1501 1639 1616 1678 agere

149 1682 328 1734 Philippi,
348 1683 472 1722 donec
492 1684 659 1735 populus
680 1683 955 1735 Olynthiorum
977 1685 1091 1723 simul
1117 1685 1299 1724 delinitus
1322 1694 1426 1725 esset
1450 1687 1517 1726 illo
1537 1695 1615 1727 tra-

148 1743 240 1782 ditae
258 1744 446 1782 Potidaeae
466 1746 779 1790 beneficioznon
799 1752 924 1784 tutum
952 1747 1025 1784 fuit
1043 1747 1081 1784 in
1103 1746 1309 1785 Thessalia
1329 1748 1497 1800 Philippi
1517 1763 1612 1789 cau-

147 1818 230 1844 sam
256 1819 383 1857 agere,
404 1806 528 1845 donec
549 1807 754 1845 multitudo
770 1807 1057 1853 Thessalorum,
1080 1808 1213 1860 ejectis
1243 1822 1267 1847 a
1294 1809 1489 1862 Philippo,
1510 1812 1613 1863 ipso-

147 1881 230 1906 rum
247 1881 380 1914 causa,
394 1869 586 1920 tyrannis,
614 1876 729 1919 atque
755 1869 889 1921 Pylaea
914 1871 1102 1915 restituta,
1122 1871 1161 1908 in
1188 1871 1414 1910 societatem
1429 1874 1613 1913 benefici-

145 1943 254 1968 orum
275 1937 315 1968 et
334 1930 419 1981 ipsa
436 1930 625 1968 venisset:
655 1944 734 1969 non
755 1931 828 1970 fuit
846 1931 987 1970 Thebis
1009 1939 1151 1980 tutum,
1171 1933 1400 1984 priusquam
1421 1935 1612 1975 Boeotiam

144 1991 233 2038 illis,
258 1992 395 2030 deletis
420 1991 704 2040 Phocensibus,
734 1993 982 2034 reddidisset.
1039 1995 1186 2033 Verum
1212 1995 1389 2044 Athenis,
1415 2010 1504 2035 cum
1531 2012 1612 2037 non

147 2053 409 2104 Amphipolim
425 2061 576 2092 tantum
590 2062 628 2092 et
647 2067 782 2105 agrum
801 2055 1083 2093 Cardianorum
1098 2056 1210 2094 nobis
1226 2057 1419 2109 eripuerit,
1442 2059 1510 2097 sed
1531 2059 1610 2098 Eu-

143 2116 268 2153 boeam
299 2115 354 2153 ita
382 2114 543 2162 muniat,
575 2123 619 2153 ut
638 2117 748 2153 veluti
773 2130 839 2154 arx
859 2117 910 2155 sit
929 2118 980 2156 ad
1013 2131 1084 2156 nos
1114 2120 1414 2170 oppugnandos,
1437 2127 1476 2159 et
1502 2135 1608 2161 nunc

144 2177 371 2228 Byzantium
387 2178 556 2223 invadat,
577 2184 703 2215 tutum
722 2186 779 2217 est
801 2179 927 2218 dicere
946 2193 1016 2231 pro
1036 2180 1231 2231 Philippo.
1280 2181 1449 2220 Proinde
1470 2183 1607 2223 horum

142 2238 259 2290 aliqui
274 2252 320 2277 ex
345 2240 529 2278 mendicis
556 2247 716 2291 repente
744 2241 882 2280 divites
910 2243 1022 2287 fiunt,
1049 2255 1097 2280 cx
1122 2243 1264 2293 ignotis
1291 2250 1406 2294 atque
1431 2247 1604 2284 obscuris

143 2300 313 2339 celebres
344 2307 384 2339 et
409 2301 589 2349 illustres,
616 2314 685 2339 vos
712 2310 847 2341 contra
877 2317 925 2341 ex
954 2304 1168 2342 illustribus
1189 2305 1358 2353 obscuri,
1381 2319 1403 2344 e
1434 2308 1603 2359 copiosis

140 2362 297 2413 inopes:
328 2376 417 2400 nam
437 2364 654 2414 reipublicae
675 2377 749 2415 ego
768 2365 924 2416 quidem
944 2379 1037 2417 opes
1057 2366 1094 2403 in
1115 2366 1243 2413 sociis,
1259 2368 1349 2414 fide,
1369 2369 1606 2409 benevolen-

141 2423 196 2460 tia
214 2436 300 2461 esse
318 2424 463 2475 positas
484 2425 673 2473 existimo,
703 2439 867 2477 quarum
887 2440 1014 2465 rerum
1040 2428 1213 2466 omnium
1232 2430 1395 2481 penuria
1408 2444 1476 2470 vos
1497 2433 1605 2471 labo-

141 2485 246 2522 ratis.
303 2485 411 2529 Quas
437 2486 529 2525 dum
557 2501 626 2526 vos
655 2489 854 2541 negligitis
874 2496 912 2528 et
933 2490 1042 2528 vobis
1072 2491 1165 2543 eripi
1186 2492 1324 2539 sinitis,
1352 2493 1417 2532 ille
1446 2496 1605 2546 quidem

139 2546 276 2584 beatus
295 2546 419 2586 factus
439 2556 500 2586 est
522 2556 562 2587 et
579 2563 745 2601 magnus
765 2558 806 2589 et
822 2551 1052 2590 formidatur
1069 2554 1118 2591 ab
1138 2554 1317 2593 omnibus
1333 2563 1372 2593 et
1394 2556 1543 2595 Graecis
1563 2565 1603 2596 et

138 2607 322 2654 barbaris,
355 2621 423 2647 vos
451 2617 579 2649 autem
603 2613 781 2651 humiles
803 2619 843 2651 et
871 2613 1032 2662 deserti,
1051 2628 1179 2654 rerum
1199 2617 1393 2656 venalium
1424 2621 1602 2659 ubertate

139 2670 346 2721 splendidi,
367 2684 498 2710 eorum
518 2683 707 2725 apparatu
727 2689 814 2726 quae
835 2689 933 2727 opus
954 2684 1065 2715 erant
1083 2678 1247 2717 ridiculi.

196 2733 256 2769 16.
288 2733 378 2771 Non
401 2739 529 2772 autem
558 2737 696 2775 eodem
716 2738 833 2776 modo
851 2738 961 2777 vobis
981 2745 1020 2777 et
1039 2739 1284 2792 sibimetipsis
1305 2743 1495 2792 quosdam
1515 2756 1600 2784 ora-

136 2800 240 2832 tores
261 2795 461 2833 consulere
479 2796 590 2835 video
605 2811 613 2835 :
642 2799 751 2837 vobis
767 2800 869 2837 enim
888 2800 1165 2851 quiescendum
1182 2816 1268 2840 esse
1284 2803 1434 2851 dicunt,
1450 2806 1602 2845 etiamsi

137 2855 342 2903 violemini,
366 2857 438 2908 ipsi
458 2870 548 2896 vero
569 2859 673 2910 apud
690 2874 759 2898 vos
778 2861 975 2912 quiescere
1002 2876 1080 2900 non
1109 2870 1288 2914 possunt,
1310 2867 1465 2904 tametsi
1484 2881 1600 2908 nemo

136 2917 191 2955 eis
214 2917 387 2969 injuriam
405 2919 534 2958 faciat.
592 2921 744 2961 Deinde
766 2924 939 2974 quisquis
959 2932 1186 2977 suggestum
1205 2927 1488 2976 conscenderit,
1509 2930 1599 2969 Non

846 2997 878 3022 M
