1923 3149
782 147 854 184 DE
884 146 1121 184 CORONA.
1589 153 1652 188 171

216 248 311 295 apud
323 247 401 283 illos
419 250 660 297 comparandae
683 249 902 287 administer
923 256 1037 299 atque
1051 250 1213 300 adjutor,
1227 252 1289 300 qui
1308 251 1401 289 salsa
1415 253 1497 290 haec
1519 267 1658 292 renun-

214 307 321 345 tiavit
340 315 378 345 et
392 308 521 347 fucum
540 310 648 348 vobis
671 311 771 355 fecit,
793 311 825 348 is
845 317 904 348 est
925 311 986 360 qui
1009 311 1274 348 Thebanorum
1299 326 1397 350 nunc
1419 314 1525 363 luget
1543 315 1658 353 infor-

213 370 318 407 tunia
343 383 534 421 quamque
555 385 599 409 ea
620 371 848 409 miserabilia
869 371 943 408 sint
961 372 1127 422 exponit,
1154 385 1240 409 cum
1262 379 1300 409 et
1317 373 1449 410 horum
1473 382 1510 411 et
1529 389 1657 413 eorum

213 444 298 481 quae
322 432 582 470 phocensibus
603 433 824 470 acciderunt
843 438 879 469 et
898 433 1064 470 omnium
1088 433 1251 483 denique
1273 447 1511 484 quoecunque
1532 436 1656 474 Graeci

211 493 451 542 pertulerunt
471 494 653 531 malorum
681 494 760 544 ipse
785 500 918 531 auctor
941 495 1112 532 exsistat.
1157 494 1311 532 Scilicet
1331 495 1442 540 enim,
1465 497 1656 543 AEschine,

211 562 251 591 tu
269 563 420 606 propter
439 568 549 593 casus
570 555 655 592 illos
676 556 825 605 angeris
847 563 884 592 et
905 556 1175 594 Thebanorum
1196 557 1316 594 vicem
1336 554 1458 602 doles,
1477 558 1538 607 qui
1570 572 1658 608 pos—

212 616 402 654 sessiones
422 624 553 654 teneas
574 616 609 653 in
631 616 779 654 Boeotia
800 625 838 654 et
857 617 1003 655 illorum
1033 631 1144 668 agros
1174 619 1293 663 colas,
1324 632 1396 669 ego
1421 632 1507 656 vero
1535 620 1655 666 laetor,

208 677 272 726 qui
294 678 420 714 statim
442 676 489 713 ad
509 677 736 727 supplicium
759 678 993 728 deposcebar
1013 680 1059 716 ab
1081 692 1126 716 eo
1148 679 1211 730 qui
1231 679 1314 717 haec
1334 679 1521 718 effecerat.

266 740 329 775 14.
361 738 438 775 Sed
459 738 495 775 in
515 751 598 775 eam
619 739 826 777 orationem
842 740 970 785 incidi,
985 753 1060 791 qua
1075 754 1134 778 me
1150 748 1237 792 post
1253 742 1409 792 paulum
1422 743 1476 780 uti
1493 744 1655 781 fortasse

206 799 327 837 multo
366 800 489 850 magis
521 801 749 838 conveniet:
779 808 946 839 revertor
973 802 1102 852 itaque
1132 803 1179 840 ad
1208 804 1463 854 probandum,
1495 805 1654 843 istorum

207 862 443 912 corruptelas
464 868 503 899 et
522 862 664 911 injusta
682 862 850 900 facinora
880 877 1010 900 earum
1031 865 1067 900 in
1088 860 1225 914 q'uibus
1251 879 1354 902 nunc
1374 879 1569 904 versamur
1596 882 1654 905 re-

206 936 288 960 rum
309 936 393 959 esse
413 935 563 960 causas.
612 923 711 960 Nam
734 931 936 974 postquam
957 938 1026 962 vos
1056 938 1080 963 a
1098 925 1276 976 Philippo
1295 927 1543 965 circumventi
1563 929 1655 966 estis

204 984 364 1021 istorum
381 997 509 1034 opera,
525 983 589 1034 qui
605 997 642 1021 se
660 984 695 1020 in
710 984 962 1034 legationibus
978 987 1152 1023 mercede
1162 986 1381 1024 locaverant
1396 989 1562 1039 nihilque
1578 991 1655 1028 veri

204 1045 311 1084 vobis
340 1045 616 1090 renuntiarant,
645 1045 795 1096 decepti
814 1052 942 1083 autem
960 1046 1071 1084 simul
1092 1054 1181 1085 sunt
1214 1054 1253 1085 et
1279 1049 1405 1086 miseri
1433 1049 1652 1089 Phocenses

205 1120 414 1158 eorumque
433 1108 545 1144 urbes
575 1107 728 1151 deletae,
757 1108 849 1158 quid
878 1108 1023 1146 factum
1052 1109 1140 1146 est?
1172 1110 1497 1161 Contemptissimi
1528 1113 1653 1151 Thes-

205 1170 275 1207 sali
296 1176 334 1206 et
351 1169 536 1206 vecordes
556 1168 727 1205 Thebani
747 1169 923 1214 amicum,
942 1177 1158 1220 patronum,
1179 1179 1413 1210 servatorem
1433 1173 1650 1225 Philippum

203 1232 420 1270 ducebant:
452 1231 570 1268 instar
599 1230 767 1267 omnium
795 1232 826 1268 is
847 1231 919 1268 illis
949 1239 1049 1269 erat:
1080 1239 1120 1269 et
1147 1247 1194 1270 ne
1223 1247 1356 1271 vocem
1386 1235 1540 1284 quidem
1570 1240 1650 1285 ejus
1677 1283 1687 1291 ,

202 1295 454 1340 sustinebant,
475 1293 539 1344 qui
560 1293 663 1331 aliud
683 1294 873 1344 quippiam
894 1293 1010 1332 vellet
1029 1295 1169 1333 dicere.
1215 1296 1296 1333 Vos
1316 1302 1458 1342 autem,
1479 1301 1650 1348 quamvis

203 1372 248 1396 ea
275 1371 360 1408 quae
386 1356 530 1394 fiebant
549 1362 731 1407 suspecta
755 1355 945 1393 haberetis
970 1363 1008 1394 et
1027 1357 1158 1408 iniquo
1178 1358 1307 1396 animo
1333 1359 1495 1405 ferretis,
1514 1374 1649 1411 pacem

200 1426 329 1457 tamen
366 1417 574 1456 servabatis
591 1431 600 1455 t
639 1430 763 1467 neque
792 1417 890 1455 enim
924 1426 1005 1456 erat
1036 1419 1138 1469 quod
1175 1420 1324 1458 efficere
1355 1422 1536 1471 poteratis
1568 1423 1650 1460 soli.

202 1480 327 1518 Graeci
342 1493 492 1531 quoque
505 1479 652 1529 reliqui,
674 1479 861 1517 consimili
883 1480 1074 1518 vobiscum
1093 1481 1238 1520 ratione
1259 1482 1411 1533 decepti
1432 1489 1471 1520 et
1491 1497 1561 1522 sua
1584 1499 1650 1536 spe

200 1543 381 1588 frustrati,
401 1555 533 1593 pacem
550 1541 710 1579 libenter
729 1544 943 1588 servabant,
962 1543 1114 1580 tametsi
1129 1552 1258 1582 essent
1274 1544 1344 1594 ipsi
1364 1546 1648 1595 quodammodo

192 1605 423 1657 jamdudum
442 1604 544 1641 bello
563 1603 740 1641 lacessiti.
774 1604 873 1641 Cum
899 1605 999 1641 enim
1020 1618 1327 1655 quoquoversum
1355 1619 1536 1656 grassans
1559 1609 1649 1646 Phi-

196 1668 321 1718 lippus
351 1666 500 1717 Illyrios
528 1672 566 1702 et
585 1665 790 1711 Triballos,
810 1666 1016 1703 nonnullus
1046 1666 1157 1703 etiam
1192 1666 1415 1704 Graecorum
1435 1669 1645 1719 subigeret,

198 1729 415 1778 multasque
437 1734 474 1764 et
492 1739 652 1777 magnas
673 1727 801 1777 copias
822 1740 891 1764 suo
917 1727 1123 1778 subjiceret
1140 1728 1310 1778 imperio,
1330 1736 1368 1765 et
1387 1731 1561 1768 nonnulli
1582 1746 1647 1782 pa-

198 1791 253 1829 cis
286 1788 512 1827 auctoritate
548 1787 632 1824 freti
670 1800 716 1824 ex
749 1788 964 1824 civitatibus
990 1788 1082 1824 illuc
1110 1789 1270 1838 profecti
1298 1801 1645 1842 corrumperentur,

196 1864 356 1904 quorum
376 1862 475 1886 unus
493 1848 553 1885 hic
574 1847 658 1893 fuit,
673 1854 765 1884 tunc
783 1848 923 1896 inquam
940 1861 1086 1893 omneS,
1101 1856 1235 1886 contra
1254 1863 1350 1900 quos
1365 1851 1449 1889 haee
1466 1852 1526 1890 ille
1543 1867 1645 1891 eom-

196 1915 371 1965 parabat,
397 1910 501 1948 bello
521 1909 823 1947 lacessebantur.
873 1909 988 1953 Quod
1015 1910 1047 1947 si
1075 1924 1151 1948 non
1181 1912 1544 1962 animadvertebant,
1574 1918 1648 1956 alia

195 1976 280 2012 haec
297 1972 523 2023 disceptatio
546 1978 616 2016 est,
631 1970 799 2021 nihilque
820 1971 869 2008 ad
884 1985 943 2009 me
958 1972 1133 2022 pertinet.
1164 1972 1247 2023 Ego
1267 1975 1366 2011 enim
1388 1977 1645 2025 praedicebam

196 2042 235 2074 et
252 2034 494 2077 testificabar,
515 2038 595 2068 tum
617 2032 717 2082 apud
735 2045 803 2070 vos
823 2042 971 2082 semper
988 2038 1068 2070 tum
1088 2046 1319 2084 quocunque
1341 2037 1478 2075 missus
1495 2053 1617 2078 essem
1635 2056 1643 2079 :

196 2096 366 2135 civitates
387 2100 513 2131 autem
534 2095 785 2143 aegrotabant,
807 2094 897 2130 dum
916 2094 1004 2131 hinc
1027 2095 1272 2145 magistratus
1298 2099 1483 2149 rebusque
1508 2110 1644 2151 geren-

194 2159 252 2196 dis
273 2156 445 2209 praefecti
464 2167 626 2192 munera
644 2160 844 2205 captarent
864 2168 909 2192 ac
929 2156 1049 2205 pretio
1069 2166 1412 2208 corrumperentur,
1434 2160 1537 2199 illinc
1565 2165 1641 2213 pri-

193 2219 271 2259 vati
290 2225 330 2256 et
348 2216 554 2255 multitudo
578 2216 715 2267 partim
736 2215 863 2253 futura
891 2229 967 2253 non
987 2217 1241 2267 providerent,
1261 2221 1396 2269 partim
1418 2224 1642 2271 quotidiana

193 2280 431 2332 indulgentia
450 2285 486 2316 et
504 2278 581 2316 otio
597 2279 868 2323 inescarentur,
886 2278 1052 2329 denique
1073 2279 1125 2315 sic
1146 2292 1277 2317 omnes
1297 2290 1426 2319 essent
1440 2284 1579 2331 affecti,
1599 2296 1642 2326 ut

193 2344 241 2382 ad
262 2356 302 2381 se
334 2341 487 2392 quidem
512 2339 614 2377 solos
643 2339 784 2376 malum
814 2352 890 2376 non
923 2352 1169 2377 accessurum
1196 2341 1334 2392 singuli
1367 2345 1639 2394 existimarent,

193 2404 260 2442 sed
280 2402 409 2441 alienis
428 2400 605 2452 periculis
625 2413 685 2438 res
706 2413 794 2438 suas
823 2400 861 2437 in
888 2406 972 2438 tuto
999 2414 1039 2438 se
1067 2401 1257 2439 collocare
1285 2416 1399 2453 posse
1427 2407 1637 2446 crederent.

193 2467 324 2515 Itaque
344 2463 577 2501 multitudini
597 2462 730 2512 opinor
747 2463 821 2500 hoc
842 2475 915 2500 usu
931 2463 1046 2508 venit,
1061 2469 1104 2500 ut
1122 2476 1191 2514 pro
1206 2464 1353 2503 infinita
1368 2465 1432 2504 illa
1446 2474 1485 2505 et
1502 2469 1637 2508 intem-

192 2527 339 2580 pestiva
347 2526 494 2563 desidia
507 2525 717 2563 libertatern
732 2525 940 2562 amitteret:
957 2524 1189 2576 principibus
1198 2539 1288 2564 vero
1297 2528 1437 2579 quique
1448 2542 1488 2567 se
1499 2539 1637 2571 caetera

193 2596 330 2642 praeter
343 2588 490 2637 seipsos
499 2587 665 2623 vendere
674 2587 874 2637 putabant,
889 2594 932 2624 ut
945 2586 1016 2637 ipsi
1031 2588 1264 2638 seseprimos
1278 2589 1448 2628 omnium
1461 2593 1634 2632 venditos

193 2663 276 2688 esse
293 2648 488 2686 sentirent.
509 2647 656 2684 Etenim
670 2661 738 2697 pro
753 2647 883 2684 amicis
897 2655 1011 2697 atque
1027 2647 1256 2698 hospitibuS,
1273 2663 1360 2699 quae
1374 2658 1453 2688 tum
1467 2654 1633 2701 nomina,

193 2724 279 2749 cum
298 2708 516 2746 muneribus
536 2709 888 2757 corrumpebantur,
910 2709 1162 2759 accipiebant,
1190 2724 1291 2748 nunc
1308 2720 1565 2751 assentatores
1595 2725 1634 2754 et

191 2772 263 2809 diis
282 2769 392 2808 invisi
411 2776 449 2805 et
468 2774 608 2805 caetera
621 2767 657 2803 id
670 2781 788 2817 genus
804 2769 943 2815 omnia,
962 2770 1098 2820 quibus
1114 2771 1218 2820 digni
1235 2778 1336 2815 sunt,
1352 2773 1524 2810 audiunt.

249 2834 308 2869 15.
337 2831 453 2867 Jure:
483 2841 594 2865 nemo
615 2828 728 2874 enim,
748 2828 1015 2875 Athenienses,
1036 2844 1112 2880 quo
1142 2831 1340 2881 proditoris
1362 2832 1514 2872 utilitati
1539 2849 1631 2874 con-

193 2893 295 2931 sulat
320 2890 519 2942 pecuniam
541 2889 708 2933 insumit,
734 2902 859 2940 neque
888 2898 1091 2942 postquam
1117 2892 1162 2928 iis
1189 2905 1274 2941 quae
1299 2892 1462 2932 redemit
1487 2898 1630 2947 potitus

194 2954 253 3000 sit,
269 2953 316 2991 de
331 2952 374 2990 iis
394 2964 479 3001 quae
500 2957 704 3001 supersunt
722 2951 951 3001 proditorem
972 2953 1009 2989 in
1030 2951 1228 2989 consilium
1249 2953 1427 2999 adhibet;
1457 2957 1511 2995 sic
1531 2961 1629 2997 enim
