1923 3149
247 152 324 190 456
592 153 813 192 CONTRA
842 154 1298 193 ARISTOGITONEM
1335 156 1365 193 1.

247 257 349 301 odio,
376 270 447 296 nec
480 258 709 310 Lycurgum,
744 273 814 298 nec
844 260 951 303 alios,
985 260 1033 298 dc
1061 261 1197 311 quibus
1222 261 1384 312 plurima
1405 261 1544 305 ,statim
1575 260 1689 298 dicet.

248 319 361 368 Atqui
378 326 529 370 propter
549 328 749 371 utrumque
768 321 908 372 dignus
924 328 980 359 cst
1000 322 1139 359 exitio:
1161 328 1241 375 tum
1263 321 1368 372 quod
1383 316 1584 359 ostendere
1603 334 1690 358 cum

246 386 390 428 posset,
418 379 563 423 factam
581 394 663 418 esse
683 382 790 419 vobis
811 382 978 432 aliquam
999 394 1065 433 pcr
1086 395 1154 419 nos
1181 383 1368 434 injuriam,
1396 382 1546 420 omissis
1566 383 1690 426 nobis,

247 439 418 477 homines
437 453 559 478 rerum
579 442 774 493 imperitos
803 444 954 489 invasit,
982 450 1063 480 tuin
1096 443 1126 480 si
1148 442 1239 480 nihil
1259 450 1397 493 potest,
1418 443 1520 493 quod
1538 442 1621 480 haee
1641 442 1689 479 ad

245 500 455 538 eludendos
468 508 508 539 et
521 502 767 552 decipiendos
776 516 843 542 vos
857 503 1175 542 comminiscetur.
1194 504 1307 547 Quod
1323 505 1353 541 si
1369 504 1463 541 forte
1478 503 1563 552 quis
1577 502 1692 540 homo

247 569 306 599 est
324 561 362 598 in
382 564 472 600 vrbe
493 563 559 601 tali
578 564 747 614 ingenio,
769 564 834 614 qui
854 565 955 602 omni
976 565 1088 602 modo
1105 565 1273 614 requirat
1290 576 1377 601 eum
1392 563 1456 614 qui
1477 572 1632 601 accuset
1653 571 1692 601 ct

245 621 496 660 calumnieter
524 623 633 669 alios,
659 636 735 673 quo
751 624 850 674 jure,
871 637 1021 675 quaque
1043 624 1174 671 injuria
1192 624 1283 661 nihil
1303 624 1411 675 pensi
1430 624 1592 672 habens,
1624 638 1691 662 ne-

244 681 384 719 minem
405 683 530 720 minus
546 682 677 720 utilem
697 682 769 720 isto
787 683 963 722 inveniet.
992 683 1098 722 Cur?
1126 684 1226 726 Quia
1239 691 1500 722 accusatorem
1516 684 1691 728 aliorum,

246 748 285 780 et
312 744 480 780 omnium
511 743 801 793 exagitatorem,
830 744 956 794 ipsum
978 745 1082 782 omni
1100 745 1257 783 crimine
1277 758 1410 783 vacare
1430 752 1603 795 oportet:
1641 757 1690 782 nc

244 810 399 860 propter
418 803 500 854 ejus
520 803 803 854 improbitatem
828 804 883 842 illi
914 805 1128 843 elabantur.
1158 805 1282 843 Nemo
1303 812 1432 843 autem
1452 806 1566 856 'nujus
1587 806 1690 842 urbis

244 864 382 910 incola,
401 878 474 903 nec
491 865 678 915 pluribus,
697 878 768 903 nec
780 865 999 917 majoribus,
1020 879 1135 915 quam
1151 866 1234 912 iste,
1254 867 1424 916 peccatis
1438 873 1497 903 est
1515 866 1689 903 refertus.

244 925 474 976 Quidigitur
492 926 565 963 iste
584 925 671 964 est?
701 926 833 973 Canis,
852 927 1002 964 medius
1022 927 1150 973 fidius,
1170 933 1213 964 ut
1231 925 1386 976 quidam
1407 926 1526 971 aiunt,
1546 925 1691 976 populi.

245 986 502 1037 cujusmodi?
557 987 634 1029 Qui
654 1000 734 1034 eos,
763 1000 858 1039 quos
877 994 920 1025 ut
935 988 1044 1038 lupos
1064 987 1271 1033 insimulat,
1292 1000 1369 1025 non
1387 988 1574 1032 mordeat,
1595 999 1690 1036 quas

243 1060 334 1084 vero
355 1061 397 1086 se
420 1047 518 1086 tueri
537 1048 735 1098 profitetur
754 1061 859 1095 oves,
886 1049 969 1099 ipse
996 1048 1166 1086 devoret.
1212 1049 1337 1090 Quem
1357 1048 1458 1085 enim
1476 1047 1547 1085 iste
1565 1053 1693 1085 orato-

243 1121 328 1145 rum
346 1114 454 1146 tanta
473 1109 586 1147 clade
607 1108 748 1155 effecit,
767 1116 911 1159 quanta
933 1109 1104 1147 homines
1123 1109 1311 1159 plebeios,
1339 1121 1436 1158 quos
1463 1108 1604 1159 passim
1624 1121 1691 1145 ex—

244 1168 390 1219 agitat?
424 1169 563 1215 Quem,
582 1177 833 1220 posteaquam
852 1183 954 1208 nunc
974 1170 1021 1207 ab
1043 1169 1192 1220 integro
1208 1168 1472 1214 concionatur,
1499 1175 1690 1206 oratorem

245 1230 465 1268 accusavit?
505 1231 720 1276 Neminem,
742 1230 812 1268 sed
831 1230 1005 1268 homines
1021 1230 1191 1281 plebeios
1210 1230 1364 1276 multos,
1384 1229 1422 1267 in
1442 1242 1538 1280 quos
1559 1230 1690 1267 decre-

244 1298 324 1327 tum
343 1304 430 1329 cum
450 1291 645 1337 scriberet,
674 1292 955 1329 condemnatus
975 1298 1045 1329 est.
1100 1291 1219 1341 Atqui
1238 1291 1383 1336 dicunt,
1416 1303 1532 1328 canes
1551 1291 1615 1340 qui
1643 1290 1691 1327 de

243 1352 378 1389 ovibus
398 1358 570 1402 gustent,
601 1364 687 1390 esse
706 1352 958 1402 jugulandos.
1016 1352 1150 1401 Itaque
1169 1352 1289 1401 primo
1309 1363 1461 1401 quoque
1481 1358 1651 1400 tempore
1671 1363 1692 1388 e

243 1411 371 1449 medio
390 1412 584 1450 tollendus
605 1419 675 1449 est.
733 1411 851 1449 Nulla
878 1411 978 1449 enim
1009 1412 1108 1461 ejus,
1136 1411 1407 1455 Athenienses,
1436 1410 1482 1447 iis
1512 1410 1551 1446 in
1578 1412 1692 1448 rebus

243 1486 339 1522 quas
353 1473 489 1524 jactat,
518 1479 578 1511 est
595 1473 755 1517 utilitas,
779 1472 847 1510 sed
867 1471 940 1510 iste
962 1485 1040 1509 rem
1059 1473 1257 1522 perspexit
1275 1471 1474 1517 nefariam,
1501 1477 1542 1509 et
1567 1472 1693 1521 impu-

241 1535 408 1572 dentem.
464 1535 566 1573 Nam
585 1548 674 1573 cum
706 1535 745 1571 in
778 1534 1028 1572 concionibus
1048 1534 1221 1571 convicia
1252 1533 1371 1578 dicat,
1404 1540 1443 1571 et
1475 1532 1694 1583 petulanter

243 1608 376 1633 omnes
395 1595 573 1641 lacessat,
594 1593 730 1644 quibus
751 1593 788 1630 in
812 1594 924 1631 rebus
948 1606 994 1631 ea
1012 1593 1157 1631 ratione
1177 1606 1245 1630 vos
1266 1594 1462 1630 universos
1488 1593 1694 1643 deceperit,

243 1668 375 1695 earum
399 1668 541 1701 rerum,
569 1668 657 1692 cum
685 1653 900 1699 descendit,
931 1652 1150 1703 singulatim
1179 1654 1227 1690 ab
1260 1665 1491 1703 unoquoque
1523 1659 1693 1690 vestrum

241 1729 376 1766 poenas
404 1716 531 1761 sumit,
562 1714 848 1759 calumniando,
879 1713 1124 1765 postulando,
1155 1727 1332 1751 nummos
1368 1714 1572 1764 exigendo,
1602 1726 1692 1759 non,

243 1777 295 1814 ita
311 1790 372 1814 me
391 1777 442 1814 dii
462 1783 600 1820 ament,
622 1776 670 1813 ab
691 1775 903 1813 oratoribus
924 1774 978 1824 (hi
998 1774 1099 1812 enim
1119 1787 1205 1812 cum
1226 1787 1271 1811 co
1289 1774 1496 1811 conflictari
1517 1776 1694 1824 possunt)

243 1838 312 1876 sed
333 1851 355 1875 a
373 1838 534 1888 plebeiis
555 1843 594 1874 et
612 1849 735 1874 rerum
755 1835 957 1885 imperitis:
987 1835 1025 1872 id
1052 1835 1154 1885 quod
1180 1835 1244 1872 icti
1272 1835 1337 1885 qui
1366 1842 1467 1878 sunt,
1494 1842 1691 1872 noverunt.

244 1899 296 1935 At
316 1898 468 1936 hercule
488 1897 570 1934 haec
588 1897 642 1934 ita
661 1910 746 1934 esse
764 1896 986 1940 fatebimini,
1006 1896 1074 1932 sed
1094 1908 1180 1932 cum
1200 1895 1293 1933 utile
1314 1896 1374 1939 sit,
1390 1895 1584 1944 publicum
1604 1908 1693 1932 esse

243 1965 518 2002 accusatorem,
540 1957 726 2007 neglectis
741 1956 799 1993 his
819 1957 994 1993 omnibus
1010 1956 1316 1993 conservandum
1334 1969 1418 1992 csse
1433 1955 1568 1993 dicetis
1582 1955 1597 1991 ’ἓ
1615 1955 1692 1994 Sed

242 2033 330 2069 quae
349 2019 473 2069 reipsa
493 2019 584 2055 estis
612 2017 772 2067 experti,
801 2016 1077 2061 Athenienses,
1104 2029 1151 2053 ea
1170 2028 1363 2065 nunquam
1383 2028 1430 2052 ex
1453 2015 1576 2052 verbis
1592 2016 1693 2053 aesti-

243 2087 358 2119 mate.
413 2080 493 2117 Iste
523 2080 560 2117 in
580 2079 775 2129 publicum
795 2090 872 2114 non
889 2077 1029 2128 prodiit
1047 2077 1319 2127 quinquennio,
1348 2089 1426 2125 quo
1444 2076 1693 2115 concionibus

243 2141 278 2178 ei
316 2140 387 2178 fuit
415 2140 674 2178 interdictum.
741 2139 836 2182 Quis
869 2138 982 2187 igitur
1015 2150 1101 2175 eum
1137 2137 1200 2174 illo
1229 2145 1403 2187 tempore
1435 2136 1692 2175 desideravit?

245 2203 371 2246 Quam
399 2201 617 2252 reipublicae
636 2207 782 2251 partem
807 2198 1023 2249 neglectam
1044 2198 1140 2235 vidit
1163 2205 1318 2248 propter
1347 2198 1428 2247 ejus
1450 2198 1693 2235 absentiam?

246 2263 351 2304 Quid
369 2275 471 2307 vero,
487 2276 531 2299 cx
551 2275 626 2312 quo
646 2274 748 2299 nunc
768 2259 1029 2305 concionatur,
1046 2258 1191 2296 sactum
1212 2266 1272 2296 est
1291 2257 1454 2295 melius?
1484 2257 1582 2294 Mihi
1608 2259 1692 2307 qui-

245 2324 333 2360 ‹lcm
353 2329 485 2360 contra
505 2322 666 2359 videtur.
725 2322 812 2364 Quo
833 2327 1002 2369 ternpore
1019 2332 1095 2357 non
1111 2319 1261 2369 prodiit,
1282 2318 1535 2356 refocillatam
1549 2331 1569 2355 e
1582 2318 1692 2355 malis

246 2396 328 2420 cssc
345 2383 636 2433 rempublicam,
657 2396 744 2432 quae
766 2381 942 2418 omnibus
963 2381 1034 2418 iste
1054 2381 1261 2417 inferebat:
1291 2391 1338 2416 ex
1357 2391 1434 2428 quo
1454 2391 1582 2415 rursus
1601 2391 1692 2416 con-

243 2445 431 2486 cionatur,
451 2444 630 2485 obsideri,
660 2443 852 2480 orationes
883 2441 1084 2479 seditiosas
1117 2448 1155 2477 et
1187 2440 1426 2477 turbulentas
1457 2439 1495 2476 in
1516 2440 1692 2478 omnibus

245 2504 492 2542 concionibus
515 2517 662 2553 semper
681 2503 845 2540 habente
867 2502 953 2539 isto.

303 2567 362 2603 10.
394 2565 509 2602 Nunc
529 2564 771 2600 audaciorem
793 2562 985 2612 ingrediar
1004 2562 1228 2605 orationem,
1248 2566 1287 2597 ct
1304 2572 1392 2597 cum
1415 2559 1461 2597 iis
1481 2572 1608 2609 agam,
1627 2560 1691 2609 qui

246 2638 333 2663 cum
353 2631 511 2675 proptor
531 2624 603 2661 ista
623 2623 797 2672 diligunt.
813 2623 887 2666 Qui
905 2622 1038 2671 quales
1052 2621 1211 2671 putandi
1227 2621 1315 2665 sint,
1335 2619 1405 2670 ipsi
1424 2619 1664 2657 considerate
1681 2633 1690 2657 :

246 2699 321 2737 ego
339 2699 430 2724 vero
450 2699 525 2722 non
545 2684 670 2721 dicam
692 2683 811 2727 aliud,
841 2682 910 2719 nisi
931 2694 997 2719 005
1017 2695 1092 2718 non
1115 2694 1262 2731 sapere,
1282 2681 1348 2730 qui
1367 2693 1407 2718 50
1427 2693 1516 2717 cum
1535 2693 1582 2717 eo
1599 2692 1692 2717 con—

240 2749 419 2798 jungant.
442 2748 502 2783 Ac
519 2752 684 2783 vestrum
699 2744 812 2793 quiin
828 2743 901 2780 hoc
917 2755 1103 2780 consessu
1118 2755 1218 2779 nunc
1234 2740 1562 2791 atlcstis,judices‚
1575 2740 1691 2778 talem

247 2809 406 2845 arbitror
442 2820 525 2844 0550
563 2803 961 2842 neminem—etenim
999 2810 1037 2840 ct
1067 2804 1214 2853 justum
1248 2809 1319 2848 cst,
1349 2801 1619 2845 Atlieniense5‚
1655 2807 1694 2838 et

246 2868 461 2913 honestum,
482 2874 516 2904 ct
541 2866 645 2910 utile.
667 2879 725 2902 uic
756 2865 808 2902 sic
838 2872 875 2901 ct
894 2864 996 2914 loqui
1017 2871 1054 2902 ct
1075 2864 1215 2902 sentire
1235 2863 1282 2901 dc
1302 2863 1474 2908 vobis-‚
1496 2875 1515 2900 e
1536 2860 1690 2912 reliquis
