1923 3149
251 149 326 185 234
567 148 640 185 DE
672 148 822 186 MALE
853 148 1027 186 GESTA
1059 147 1381 188 LEGATIONE.

250 255 382 286 nostra
400 255 513 288 oetate
539 250 577 287 in
597 250 765 296 Graecia,
793 251 861 290 sed
882 263 966 296 nee,
995 256 1038 287 ut
1057 250 1206 300 opinor,
1240 250 1355 288 etiam
1388 252 1576 302 superiori
1603 259 1698 290 tern-

248 321 353 358 pore.
387 310 595 348 Tantarum
615 311 727 362 igitur
740 319 778 350 et
798 312 931 350 talium
950 323 1074 349 rerum
1095 324 1193 348 unus
1208 310 1324 350 homo
1339 310 1536 363 Philippus
1554 314 1698 364 potitus

249 377 310 407 est
331 383 397 420 per
411 371 526 410 istos:
557 372 738 410 incolumi
758 374 849 410 urbe
871 372 1182 418 Atheniensium,
1197 372 1259 410 cui
1278 385 1447 423 praeesse
1467 374 1616 414 Graecis
1631 389 1699 426 pa-

249 431 364 468 trium
383 438 455 477 est,
476 439 516 471 et
534 445 612 470 non
632 434 849 479 connivere,
870 440 912 471 ut
931 434 1136 484 quicquam
1156 433 1232 471 tale
1252 439 1505 483 perpetretur.

301 494 365 529 22.
396 494 731 536 Quemadmodum
751 495 866 544 igitur
884 494 1091 531 aerumnosi
1111 493 1333 532 Phocenses
1360 494 1584 542 interierint,
1611 509 1699 534 cum

249 565 297 590 ex
316 553 374 591 his
393 553 560 592 decretis
579 555 708 593 videre
727 561 800 600 est,
815 561 896 592 tum
916 554 1029 592 etiam
1050 566 1098 591 ex
1123 553 1214 604 ipsis
1234 555 1348 592 rebus
1366 568 1452 604 quae
1472 564 1569 594 actae
1598 564 1701 596 sunt.

250 613 349 656 Quae
366 627 424 652 res
438 615 715 665 spectaculum,
732 615 1002 661 Athenienses,
1020 614 1175 652 crudele
1189 621 1279 653 sunt
1294 621 1332 653 et
1347 615 1575 655 miserabile.
1601 618 1702 657 Cum

248 675 349 711 enirn
369 688 489 726 nuper
503 676 675 726 Delphos
695 676 1032 726 proficisceremur,
1052 688 1210 714 necesse
1231 676 1467 715 habebamus
1496 691 1544 716 ea
1572 680 1703 718 videre

249 735 392 780 omnia,
426 736 592 775 aedificia
612 737 754 783 diruta,
779 736 933 781 moenia,
950 743 1155 788 prostrata,
1182 738 1377 788 regionem
1397 738 1601 789 juventute
1633 741 1702 779 de-

247 797 422 843 solatam,
437 797 680 837 mulierculas
693 798 894 845 duntaxat,
908 804 948 836 et
959 811 1103 849 paucos
1122 799 1316 850 puerulos,
1330 806 1370 837 et
1389 813 1515 847 seneS,
1527 801 1703 841 homines

248 857 485 897 miserandos
500 872 509 896 :
538 859 704 910 denique
720 872 832 898 nemo
847 859 971 898 verbis
994 861 1145 910 assequi
1160 860 1280 910 possit
1292 873 1339 898 ea
1357 861 1471 907 mala,
1492 874 1579 911 quae
1598 876 1703 901 nunc

249 918 327 957 illic
343 927 446 957 sunt.
480 921 602 971 Atqui
619 933 685 958 eos
701 921 790 959 olim
807 922 1038 959 contrarium
1055 921 1246 958 Thebanis
1260 934 1329 972 pro
1350 922 1456 959 vobis
1472 923 1609 961 tulisse
1621 925 1703 962 suf-

249 980 428 1032 fragium,
448 995 536 1020 cum
552 982 601 1020 de
621 982 723 1020 urbis
743 982 895 1020 excidio
916 989 1107 1033 ageretur,
1128 996 1148 1020 e
1162 982 1268 1020 vobis
1285 995 1357 1033 ego
1377 983 1555 1022 omnibus
1571 985 1699 1024 audio.

251 1044 368 1084 Quod
386 1043 502 1094 igitur
518 1043 674 1094 putatis,
696 1043 965 1091 Athenienses,
985 1044 1149 1094 majores
1174 1050 1335 1090 vestros,
1356 1045 1386 1081 si
1413 1044 1451 1081 in
1471 1045 1587 1083 vitam
1606 1046 1705 1084 redi-

248 1111 347 1151 rent,
363 1104 590 1156 suffragium
609 1113 676 1143 aut
695 1119 812 1157 quam
839 1105 1069 1144 sententiam
1088 1105 1245 1152 laturos,
1265 1105 1311 1143 de
1330 1107 1505 1145 interitus
1527 1107 1706 1146 Phoceu-

250 1166 347 1203 sium
367 1167 618 1205 auctoribus?
648 1167 838 1218 Equidem
859 1167 1032 1212 arbitror,
1052 1167 1203 1204 tametsi
1226 1179 1293 1205 eos
1309 1168 1389 1205 suis
1409 1168 1586 1207 manibus
1607 1169 1706 1221 lapi-

249 1227 421 1275 dassent,
442 1229 590 1266 nullum
609 1242 651 1266 se
670 1229 908 1266 commisisse
929 1228 1126 1278 piaculum
1142 1235 1357 1277 putaturos.
1378 1229 1455 1270 Qui
1474 1230 1574 1267 enim
1595 1237 1706 1282 turpe

250 1300 326 1325 non
348 1289 410 1334 sit,
429 1289 506 1326 imo
525 1302 613 1339 quae
634 1290 753 1339 major
773 1302 859 1325 esse
878 1288 1077 1338 turpitudo
1096 1295 1226 1337 queat,
1244 1302 1359 1339 quam
1379 1290 1438 1336 iis,
1459 1291 1523 1341 qui
1537 1304 1608 1329 nos
1625 1298 1707 1330 tum

251 1356 543 1394 conservarunt,
570 1355 610 1386 et
627 1349 796 1386 salutare
813 1359 883 1398 pro
915 1347 1026 1384 nobis
1051 1347 1279 1399 suffragium
1299 1350 1483 1399 tulerunt,
1514 1354 1708 1393 contraria

249 1423 319 1461 per
336 1410 430 1448 istos
449 1409 660 1447 accidisse:
694 1415 733 1446 et
752 1408 950 1458 neglectos
965 1421 1064 1454 esse,
1084 1409 1126 1446 iis
1142 1411 1310 1460 acceptis
1325 1412 1450 1458 malis,
1465 1414 1594 1462 qualia
1613 1415 1709 1452 nulli

252 1471 478 1509 Graecorum
500 1470 565 1507 alii
584 1468 847 1520 acceperunt?
877 1468 974 1511 Quis
993 1469 1106 1519 igitur
1125 1482 1255 1507 eorum
1284 1472 1449 1509 auctor?
1480 1474 1565 1524 quis
1584 1474 1707 1527 impo-

251 1539 369 1571 sturae
389 1530 552 1570 artifex?
581 1544 631 1569 an
657 1543 734 1567 non
754 1530 855 1568 iste?

304 1595 369 1632 23.
400 1593 500 1631 Cum
520 1598 663 1638 autem,
693 1591 965 1637 Athenienses,
984 1591 1140 1628 fortuna
1164 1591 1330 1643 Philippi
1349 1593 1479 1633 multis
1499 1597 1547 1634 sit
1567 1598 1717 1648 praedi*

253 1654 379 1693 canda
398 1653 630 1698 nominibus,
662 1660 744 1690 tum
762 1664 853 1690 vero
870 1651 948 1689 hoc
969 1651 1225 1689 felicissimum
1254 1653 1287 1690 ei
1312 1655 1486 1706 contigit,
1512 1658 1630 1707 quod,
1658 1660 1711 1698 ita

254 1729 314 1753 me
335 1715 386 1753 dii
407 1715 569 1764 deaeque
600 1726 734 1751 omnes
761 1719 903 1759 ament,
928 1711 1034 1750 haud
1058 1713 1138 1750 scio
1166 1726 1216 1751 an
1244 1713 1312 1751 ulli
1339 1716 1544 1767 contigerit
1568 1721 1710 1759 nostris

251 1777 496 1827 temporibus.
517 1775 616 1812 Nam
624 1775 738 1811 urbes
754 1786 914 1824 magnas
927 1774 1091 1824 cepisse,
1103 1780 1142 1810 et
1153 1774 1293 1812 multas
1307 1776 1482 1815 nationes
1497 1780 1710 1830 subegisse,

254 1845 294 1876 et
311 1838 393 1888 ejus
424 1836 576 1888 generis
603 1836 744 1881 omnia,
769 1834 1019 1884 praedicanda
1045 1847 1138 1872 sane
1168 1842 1270 1880 sunt,
1301 1842 1338 1872 et
1363 1837 1589 1887 splendida:
1623 1843 1708 1892 quis

256 1900 355 1937 enim
376 1896 521 1948 neget?
552 1896 621 1934 sed
642 1895 790 1941 eadem,
819 1901 859 1932 et
878 1907 900 1932 a
925 1894 1055 1931 multis
1085 1894 1168 1932 aliis
1195 1895 1300 1933 facta
1331 1899 1522 1936 recenseri
1553 1910 1708 1951 queant.

256 1962 365 1998 Illam
391 1959 636 2011 peculiarem,
656 1964 694 1995 et
723 1970 811 1994 curn
839 1956 914 1994 alio
948 1956 1097 1994 nemine
1117 1957 1288 1995 omnium
1321 1972 1563 1999 communem
1593 1964 1711 2003 habet

255 2025 461 2061 fortunam.
503 2018 660 2062 Quam?
690 2017 806 2068 quod,
828 2029 913 2054 curn
934 2018 1126 2067 improbos
1146 2018 1319 2056 homines
1340 2020 1388 2057 ad
1411 2034 1501 2060 suas
1529 2037 1588 2062 res
1619 2038 1711 2064 con-

256 2083 440 2122 ficiendas
458 2081 680 2131 requireret,
696 2078 942 2129 improbiores
961 2079 1102 2128 reperit
1119 2092 1235 2129 quam
1254 2080 1450 2119 voluisset.
1494 2083 1590 2128 Quis
1611 2087 1711 2126 enim

255 2147 350 2183 istos
371 2143 467 2181 tales
485 2155 570 2179 esse
590 2153 667 2178 non
686 2140 863 2185 fateatur,
881 2139 1070 2190 siquidem
1089 2153 1175 2190 quae
1195 2153 1268 2178 nec
1288 2141 1370 2191 ipse
1391 2141 1606 2195 Philippus,
1623 2161 1711 2186 cum

258 2206 342 2256 ejus
362 2210 470 2242 tanta
488 2216 548 2240 res
570 2207 760 2252 ageretur,
787 2200 958 2238 ementiri
979 2201 1160 2248 audebat,
1180 2214 1250 2240 nec
1270 2202 1308 2239 in
1328 2203 1425 2241 ullas
1446 2204 1650 2247 inscribere
1670 2210 1714 2248 li-

258 2276 371 2312 teras,
392 2277 517 2315 neque
537 2265 753 2314 legatorum
771 2263 854 2312 ejus
873 2262 976 2299 ullus
988 2261 1107 2308 dixit,
1127 2263 1177 2300 ad
1196 2275 1242 2300 ea
1269 2263 1329 2300 isti
1358 2264 1486 2303 locata
1506 2279 1577 2305 sua
1595 2281 1714 2321 opera

258 2342 328 2366 vos
346 2324 608 2377 deceperunt?
639 2325 696 2361 Ac
715 2324 917 2374 Antipater
935 2323 1092 2373 quidem
1117 2330 1156 2361 et
1175 2324 1391 2369 Parmenio,
1411 2327 1566 2366 domino
1593 2331 1714 2370 inser-

258 2391 422 2434 vientes,
434 2400 558 2437 neque
572 2386 752 2436 deinceps
769 2385 996 2423 collocuturi
1008 2384 1221 2431 vobiscum,
1232 2391 1361 2423 tamen
1376 2387 1415 2424 id
1431 2391 1713 2441 excogitarunt,

260 2463 308 2488 ne
328 2462 396 2500 per
421 2461 462 2486 se
483 2460 550 2485 vos
572 2445 869 2496 deciperemini:
899 2445 963 2482 isti
977 2457 1066 2483 vero
1085 2445 1335 2493 Athenarum,
1355 2447 1555 2488 liberrimae
1583 2453 1716 2493 civita-

260 2512 321 2558 tis,
341 2509 459 2561 legati
479 2508 630 2551 delecti,
650 2519 731 2553 vos,
753 2518 850 2555 quos
878 2506 1012 2543 obvios
1036 2505 1185 2547 intueri,
1204 2520 1291 2544 cum
1320 2509 1459 2557 quibus
1480 2511 1716 2554 familiariter

261 2573 386 2611 vivere
405 2570 551 2620 reliquo
569 2568 657 2605 vitae
677 2574 849 2617 tempore
869 2579 1029 2604 necesse
1047 2566 1206 2613 habent,
1226 2575 1265 2605 et
1285 2570 1388 2619 apud
1410 2584 1506 2621 quos
1525 2574 1712 2614 rationem

263 2640 436 2672 aetorum
455 2630 636 2669 reddituri
656 2635 778 2671 erant,
801 2640 868 2665 vos
888 2628 1043 2678 inquam
1070 2629 1246 2679 decipere
1267 2642 1344 2667 non
1365 2631 1598 2674 dubitarant.
1625 2637 1713 2680 Quo

263 2702 377 2746 pacto
390 2691 566 2731 homines
586 2690 655 2728 ulli
675 2689 921 2740 improbiores
942 2696 1007 2727 aut
1025 2690 1302 2740 profligatiores
1318 2705 1403 2730 esse
1424 2696 1589 2745 queant?

319 2758 383 2792 24.
415 2754 469 2791 Ut
487 2759 614 2791 autem
630 2751 770 2793 sciatis,
792 2763 876 2788 eum
890 2764 912 2788 a
926 2751 1034 2788 vobis
1051 2751 1141 2789 diris
1155 2753 1268 2789 etiam
1281 2753 1616 2805 imprecationibus
1629 2772 1714 2800 esse

266 2817 489 2867 obligatum,
510 2822 548 2852 et
566 2813 674 2851 nefas
693 2825 777 2850 esse
799 2811 907 2849 vobis
928 2818 966 2848 et
984 2811 1152 2863 impium,
1174 2813 1265 2851 talia
1283 2815 1483 2853 mentitum
1502 2818 1713 2867 absolvere,

266 2878 383 2916 recita
403 2876 659 2920 devotionem,
679 2880 718 2911 et
735 2873 844 2924 lege:
876 2885 959 2911 eam
981 2885 1074 2924 cape
1090 2887 1176 2924 quoe
1204 2875 1278 2913 hac
1304 2875 1391 2927 lege
1415 2878 1643 2918 continetur.
