1923 3149
279 109 354 144 304
694 104 978 143 ADVERSUS
1022 103 1315 144 LEPTINEM.

275 206 487 251 ximis‚vel‚
505 206 576 243 nisi
597 205 634 243 id
653 206 822 252 fecisset,
852 208 1001 258 ingrata
1028 209 1064 245 in
1096 209 1243 259 aliquos
1270 213 1353 247 esse
1378 216 1590 260 cogeretur.
1637 208 1725 245 Jam

274 281 500 318 magnorum
521 268 791 306 beneficiorum
819 282 922 319 saepe
943 267 1183 307 occas‘ionem
1204 270 1372 308 incidere
1391 283 1515 320 neque
1537 270 1643 308 vobis
1664 282 1726 306 ex-

276 330 397 381 pedit,
417 342 541 379 neque
558 342 603 367 ea
622 329 785 367 sortasse
806 330 977 368 conferre
997 330 1107 369 facile
1127 339 1208 369 est:
1239 332 1304 369 sed
1327 344 1396 382 pro
1414 331 1669 369 mediocribus
1691 337 1730 367 et

278 405 364 442 quae
379 391 416 428 in
432 404 526 441 pace
546 390 828 442 tranquillaque
849 392 983 442 repub.
1003 391 1116 430 liccat
1135 392 1299 443 assequi,
1319 391 1534 443 cujusmodi
1555 399 1643 429 sunt
1662 392 1731 428 be-

278 452 507 497 nevolentia,
521 452 682 503 justitia,
699 465 802 498 cura,
823 466 890 503 pro
908 453 1063 499 talibus,
1085 454 1240 503 inquam,
1262 460 1301 491 et
1315 453 1494 504 expedire
1514 452 1605 489 mihi
1623 452 1730 489 vide-

279 524 354 563 tur,
383 523 421 554 et
441 515 578 554 debere
607 516 787 553 honorem
807 516 949 554 haberi.
1002 518 1131 559 Quare
1155 518 1270 555 etiam
1295 517 1516 554 distinctam
1547 515 1731 553 rationem

278 578 527 616 donationum
557 590 641 615 esse
663 583 827 627 oportet,
847 583 891 614 ut
920 590 997 628 qua
1023 578 1184 628 quisque
1213 579 1354 629 dignus
1374 578 1578 623 videbitur,
1604 589 1689 614 eam
1710 589 1733 613 a

279 640 428 692 Populo
449 639 622 689 accipiat.
655 637 768 681 Quod
789 650 877 676 vero
899 652 940 677 se
960 640 1170 689 relinquere
1199 641 1252 677 ait
1276 640 1328 677 eis
1359 640 1424 690 qui
1452 646 1542 676 sunt
1568 638 1732 676 honores

279 702 491 747 consecuti,
512 700 573 738 alii
594 699 814 750 simpliciter
839 713 998 751 prorsus
1027 708 1065 738 et
1086 702 1192 752 juste
1212 701 1492 752 responderint,
1521 700 1592 738 sibi
1611 713 1657 737 ea
1675 712 1733 737 re-

278 764 488 815 linquenda
507 775 593 800 esse
612 762 740 799 omnia
757 775 843 812 quae
865 769 1018 813 propter
1039 770 1199 814 accepta
1217 763 1404 801 beneficia
1423 762 1607 800 dederitis
1624 775 1633 805 3
1655 761 1732 805 alii,

281 839 367 864 esse
384 826 630 876 impostorem
651 837 737 861 eum
752 823 816 874 qui
833 824 903 861 sibi
923 824 1026 862 dicat
1046 824 1190 875 aliquid
1210 824 1388 874 relinqui.
1421 823 1523 861 Nam
1539 823 1603 874 qui
1617 823 1734 860 bene-

282 889 376 927 ficiis
397 887 474 926 suis
495 886 775 924 immunitatem
803 886 986 924 meruisse
1005 886 1169 932 videtur,
1196 893 1234 924 et
1263 900 1351 924 eum
1376 886 1562 924 honorem
1587 898 1610 922 a
1627 884 1736 922 vobis

283 950 444 1001 adeptus
475 955 532 986 cst
563 948 700 991 solum,
725 947 802 985 sive
823 947 873 986 sit
891 947 1046 998 hospes,
1069 947 1146 985 sive
1166 948 1281 985 etiam
1302 947 1409 993 civis,
1429 952 1635 997 postquam
1652 946 1684 982 is
1704 944 1738 982 ei

283 1019 436 1062 ereptus
457 1010 583 1053 suerit,
603 1022 719 1059 quam
741 1009 985 1046 donationem
1008 1009 1191 1059 reliquam
1212 1009 1342 1055 habet,
1374 1007 1564 1059 Leptine?
1592 1006 1737 1044 nullam

283 1073 469 1125 profecto.
501 1072 559 1108 Ne
575 1071 690 1121 igitur
709 1084 755 1108 eo
775 1070 880 1120 quod
900 1070 994 1108 alios
1016 1077 1057 1107 ut
1075 1070 1266 1121 improbos
1284 1082 1461 1116 accusas,
1482 1069 1567 1106 illos
1588 1067 1736 1119 spolia:

284 1148 411 1185 neque
430 1146 560 1170 rursus
581 1145 625 1169 eo
645 1132 750 1182 quod
770 1131 843 1169 illis
865 1131 1080 1181 relinquere
1102 1138 1140 1168 te
1168 1131 1275 1175 dicis,
1306 1131 1344 1167 id
1365 1130 1467 1181 eripe
1485 1129 1587 1180 quod
1612 1128 1738 1167 solum

284 1197 440 1233 habent.
486 1194 541 1232 Ut
562 1200 688 1231 autem
710 1192 930 1243 simpliciter
949 1192 1089 1237 dicam,
1115 1205 1192 1229 non
1218 1199 1295 1229 tam
1317 1192 1413 1228 illud
1433 1191 1598 1241 graviter
1614 1191 1738 1227 feren-

287 1258 379 1295 dum
398 1262 469 1300 est,
491 1255 522 1291 si
541 1267 587 1291 ex
608 1253 786 1290 omnibus
809 1253 987 1302 aliquem,
1010 1252 1087 1289 sive
1107 1265 1226 1302 parva
1245 1252 1323 1289 sive
1339 1265 1482 1302 magna
1500 1250 1636 1301 injuria
1657 1240 1739 1286 affi-

287 1319 453 1361 ciemus3
484 1329 599 1366 quam
629 1315 660 1351 si
688 1315 865 1360 honores,
894 1315 1032 1364 quibus
1061 1314 1209 1364 aliquos
1236 1314 1495 1352 benemeritos
1522 1325 1740 1365 renumera-

287 1380 423 1424 bimur,
444 1378 578 1415 dubios
598 1376 808 1414 efficiemus
822 1382 865 1421 ,et
883 1375 1072 1413 incertos:
1103 1388 1226 1424 neque
1247 1387 1320 1425 ego
1345 1376 1392 1412 de
1414 1375 1652 1412 immunitate
1670 1387 1740 1425 po-

289 1443 477 1480 tissimum
508 1440 653 1483 laboro,
676 1437 746 1475 sed
765 1437 814 1474 de
834 1450 880 1475 eo
901 1449 949 1474 ne
969 1437 1042 1474 ista
1067 1436 1128 1473 lex
1155 1449 1311 1486 pravam
1339 1435 1656 1474 consuetudinem
1686 1435 1744 1472 in-

290 1503 483 1547 troducat,
502 1508 540 1538 et
557 1500 688 1546 talem,
702 1504 746 1536 ut
770 1505 927 1550 propter
948 1511 1032 1536 eam
1053 1498 1193 1542 omnia,
1210 1510 1297 1548 qnae
1317 1497 1490 1548 Populus
1508 1497 1669 1544 dederit,
1683 1496 1742 1534 in-

291 1570 396 1602 certa
414 1563 502 1601 sint.

346 1628 411 1664 27.
443 1625 503 1662 Ne
523 1636 613 1662 vcro
631 1636 698 1674 per
724 1622 910 1661 incuriam
932 1622 1189 1674 decipiamini,
1209 1622 1370 1660 fortasse
1396 1627 1556 1672 praestat
1573 1621 1612 1658 id
1637 1620 1746 1659 vobis

292 1688 464 1732 indicari,
481 1699 557 1737 quo
569 1692 753 1736 tanquam
767 1685 1018 1723 callidissimo
1031 1692 1069 1722 et
1083 1685 1190 1722 nobis
1208 1685 1370 1722 maxime
1386 1684 1574 1721 contrario
1589 1683 1747 1721 invento

296 1750 466 1787 nituntur
486 1747 535 1784 ad
558 1746 869 1797 persuadendam
887 1746 995 1783 vobis
1016 1745 1297 1783 immunitatum
1318 1745 1619 1795 abrogationem.
1674 1743 1746 1781 Di-

297 1810 395 1850 cturi
415 1809 514 1847 enim
545 1814 648 1853 sunt,
671 1814 843 1858 sumptus
871 1807 941 1844 hos
969 1818 1117 1852 omnes,
1137 1808 1196 1856 [ut
1216 1812 1305 1843 sunt
1334 1805 1491 1843 aedilitia
1510 1818 1684 1850 munera,
1711 1811 1755 1846 et,

298 1868 650 1924 gyninasiarchiae‚]
681 1867 728 1905 ad
763 1881 871 1905 sacra
900 1867 1102 1918 pertinere,
1129 1880 1173 1904 ac
1198 1867 1356 1917 proinde
1377 1866 1530 1904 minime
1550 1866 1750 1904 ferendum

299 1947 399 1977 esse,
411 1938 455 1968 ut
472 1930 649 1979 cuiquam
665 1941 859 1966 sacrorum
876 1928 1097 1965 immunitas
1110 1928 1234 1966 detur.
1265 1928 1350 1978 Ego
1366 1940 1467 1970 ver0,
1484 1934 1528 1964 ut
1546 1927 1662 1978 aliqui
1677 1927 1753 1965 sint

300 1997 437 2034 horum
457 1992 658 2035 immunes,
678 1990 815 2040 quibus
833 1989 909 2026 hoc
928 2001 952 2025 a
971 1987 1122 2038 Populo
1151 2001 1378 2024 concessum
1405 1994 1475 2032 est,
1495 2000 1648 2038 aequum
1666 2000 1753 2026 esse

301 2063 422 2108 puto:
451 2052 555 2103 quod
573 2064 662 2089 vcro
683 2050 743 2087 isti
764 2062 866 2087 nunc
887 2049 1024 2086 facturi
1045 2054 1146 2092 sunt,
1165 2047 1196 2085 si
1214 2047 1330 2085 modo
1346 2047 1421 2085 ista
1439 2047 1581 2093 dicent,
1601 2061 1675 2086 non
1697 2049 1753 2086 fe-

301 2116 461 2156 rendum
482 2126 565 2151 esse
583 2118 691 2164 puto.
725 2111 765 2148 Si
785 2110 885 2149 enim
904 2122 991 2160 quae
1012 2109 1120 2146 nullo
1140 2109 1215 2147 alio
1233 2115 1348 2159 pacto
1376 2108 1640 2147 demonstrare
1663 2122 1754 2160 pos-

304 2185 393 2218 sunt
412 2188 564 2227 aequum
585 2186 669 2212 esse
691 2179 732 2210 ut
751 2171 933 2223 eripiatis,
955 2184 1002 2209 ea
1017 2172 1083 2222 per
1102 2183 1257 2209 causam
1280 2170 1473 2220 religionis
1496 2170 1677 2220 perficere
1696 2171 1754 2208 in-

306 2238 511 2283 stituerint,
531 2249 580 2274 an
600 2248 676 2272 non
696 2234 846 2272 facinus
866 2232 1128 2284 impiissimum
1148 2238 1186 2270 et
1211 2230 1492 2269 atrocissimum
1517 2230 1754 2282 suscipient?

308 2303 433 2340 Decet
459 2299 560 2336 enim
579 2309 667 2334 mea
693 2295 844 2346 quidem
874 2295 1077 2340 sententia,
1107 2306 1348 2345 quaecunque
1373 2292 1598 2343 interposito
1625 2293 1754 2331 divino

308 2363 459 2401 nomine
478 2365 655 2410 aguntur,
676 2357 769 2396 talia
787 2356 917 2403 videri,
939 2363 982 2393 ut
997 2369 1067 2394 nec
1087 2357 1134 2393 ab
1149 2353 1301 2392 homine
1317 2354 1420 2391 facta
1436 2353 1756 2405 improbarentur.

308 2425 424 2464 Aliud
443 2429 569 2461 autem
590 2433 674 2458 esse
694 2419 972 2457 immunitatem
990 2418 1130 2455 habere
1159 2428 1365 2461 sacrorum,
1395 2415 1500 2452 aliud
1517 2416 1756 2466 publicorum

308 2497 522 2529 munerum,
543 2489 582 2521 et
600 2482 690 2519 istos
705 2480 796 2518 dum
809 2480 1049 2531 publicorum
1064 2489 1261 2515 munerum
1282 2489 1422 2514 nomen
1442 2476 1489 2514 ad
1508 2489 1616 2514 sacra
1633 2482 1757 2515 trans-

307 2549 446 2594 ferunt,
461 2558 528 2584 vos
547 2543 723 2593 decipere
735 2541 905 2585 studere,
924 2540 1121 2591 Leptinem
1135 2538 1260 2589 ipsum
1276 2544 1411 2575 testem
1426 2538 1535 2576 vobis
1551 2537 1757 2576 adducam.

316 2612 417 2650 Nam
449 2608 547 2659 legis
576 2605 682 2644 initio
704 2605 846 2650 scribit,
889 2603 1142 2654 Leptines
1176 2607 1375 2647 censet,
1411 2615 1433 2638 u
1450 2608 1465 2638 t
1497 2600 1594 2638 diti
1611 2600 1759 2638 ssimi

310 2671 530 2723 publica
566 2678 781 2705 munera
816 2665 1028 2706 obeant,
1067 2663 1318 2700 neminem
1353 2661 1547 2700 debere
1591 2661 1759 2699 immu—

313 2745 424 2770 nem
466 2743 597 2773 esse,
649 2725 900 2776 exeeptis
944 2724 1224 2763 Harmodii
1272 2732 1320 2762 et
1366 2723 1760 2772 Aristogitonis

312 2793 430 2832 fami
445 2792 457 2829 l
472 2792 482 2828 i
496 2792 545 2829 is.
577 2790 778 2827 Enimvero
796 2787 827 2825 si
845 2786 947 2825 idem
962 2793 1020 2824 est
1039 2799 1235 2824 sacrorum
1250 2793 1288 2823 et
1305 2784 1541 2836 publicorum
1560 2796 1759 2822 munerum

312 2856 520 2892 immunem
539 2864 638 2899 esse,
658 2850 751 2901 quid
769 2850 807 2888 in
827 2854 994 2888 mentem
1028 2848 1080 2885 illi
1101 2848 1204 2886 venit
1222 2855 1265 2885 ut
1284 2847 1357 2885 hoc
1383 2845 1642 2884 adscriberet?
1679 2846 1761 2884 Nec
