1923 3149
229 108 278 143 2¹8
732 105 941 144 ORATIO
974 106 1045 144 DE
1086 105 1236 144 PACE.

230 207 320 243 lium
340 212 526 256 quaerant‚
546 218 614 244 vos
646 219 685 244 re
710 210 789 257 Jam
811 209 980 259 perfecta
1006 209 1045 248 id
1076 210 1201 248 facere
1233 208 1378 247 soletis.
1428 209 1487 247 Ex
1510 222 1586 260 quo
1618 221 1686 260 per

229 279 342 304 omne
363 272 514 317 tempus
545 267 649 317 quod
669 280 742 319 ego
764 270 999 309 meminerim
1020 271 1172 315 accidit,
1195 276 1237 307 ut
1254 271 1287 308 is
1323 283 1414 308 sane
1447 271 1512 321 qui
1543 271 1684 309 delicta

229 334 353 364 vestra
394 328 693 378 reprehenderet
735 329 912 369 laudetur
949 345 1113 383 vereque
1149 332 1276 369 dicere
1314 331 1502 377 videatur,
1532 333 1687 382 negotia

225 400 315 425 vero
337 401 461 438 eaque
481 389 531 427 de
555 389 692 440 quibus
721 390 945 431 deliberatio
978 393 1189 431 instituitur
1219 405 1287 430 vos
1326 391 1526 441 effugiant.
1584 394 1683 434 Quae

225 461 448 500 quanquam
485 450 538 487 ita
567 458 670 497 sunt,
696 458 826 491 tamen
846 454 1006 492 arbitror
1036 461 1076 492 et
1103 454 1192 504 quia
1221 453 1295 491 hoc
1315 466 1540 503 persuasum
1559 453 1684 491 habeo

226 511 386 557 surrexi,
406 524 480 557 me,
502 511 533 548 si
550 511 677 562 posito
702 514 871 552 tumultu
891 521 930 552 et
947 515 1114 564 partium
1144 513 1273 552 studio
1292 514 1427 552 audire
1446 513 1585 559 velitis,
1608 514 1683 553 sic-

224 576 269 608 ut
294 571 343 608 de
371 572 571 622 republica
601 572 797 623 tantisque
822 574 988 624 negotiis
1014 574 1274 612 deliberantes
1291 581 1476 625 oportet,
1500 587 1546 612 ea
1565 588 1682 625 posse

222 638 262 669 et
281 631 410 670 dicere
425 639 465 670 et
483 632 659 680 suadere,
679 646 746 686 per
764 647 852 686 quae
876 641 917 673 et
934 648 1061 673 rerum
1091 641 1216 673 status
1236 635 1463 673 emendetur
1483 642 1524 674 et
1542 636 1684 675 amissa

222 700 513 745 recuperentur.

275 757 314 793 2.
350 755 451 793 Cum
465 769 555 795 vero
575 757 667 797 satis
683 757 814 804 sciam,
827 755 1097 804 Athenienses,
1115 770 1264 808 semper
1279 757 1458 809 expedire
1471 758 1680 809 plurimum

222 816 328 868 apud
347 829 430 864 VOS,
451 816 483 856 si
503 819 588 869 quis
606 819 723 857 modo
742 818 899 865 audeat,
914 832 962 857 ea
980 832 1069 869 quae
1101 825 1190 857 ante
1210 818 1348 857 dixerit
1375 826 1546 870 repetere
1566 832 1611 857 ac
1630 819 1678 857 de

222 879 432 930 semetipso
459 881 579 919 verba
608 882 748 929 facere,
777 893 851 932 ego
870 887 1001 919 tamen
1019 880 1058 918 id
1086 880 1184 918 adeo
1211 880 1414 918 molestum
1442 887 1482 918 et
1502 881 1682 918 odiosum

223 954 312 980 esse
340 948 451 993 puto,
477 948 522 979 ut
548 955 769 994 quanquam
796 942 1060 981 necessarium
1078 942 1207 988 video,
1236 949 1367 980 tamen
1396 943 1444 980 ab
1465 955 1512 980 eo
1541 942 1681 980 abhor-

219 1015 337 1041 ream.
371 1002 473 1040 Puto
503 1010 632 1041 autem
651 1017 720 1042 vos
741 1003 789 1041 de
813 1003 873 1042 his
892 1016 980 1055 quae
1000 1015 1103 1041 nunc
1122 1002 1246 1041 dicam
1267 1003 1408 1041 rectius
1423 1002 1680 1054 judicaturos,

222 1064 255 1102 si
280 1075 407 1114 pauca
425 1063 532 1114 prius
565 1064 772 1116 aliquando
791 1078 815 1103 a
833 1077 894 1103 me
916 1064 1021 1103 dicta
1039 1063 1079 1102 in
1098 1065 1323 1103 memoriam
1342 1064 1545 1103 revocetis.
1577 1064 1679 1115 Ego,

218 1123 489 1173 Athenienses,
527 1126 704 1177 primum,
737 1139 827 1165 cum
864 1126 973 1164 vobis
1005 1126 1158 1164 turbato
1190 1125 1347 1164 Euboeae
1390 1131 1491 1163 statu
1520 1124 1679 1176 quidam

215 1186 436 1234 suaderent,
462 1194 504 1225 ut
529 1201 641 1240 opem
664 1188 869 1226 Plutarcho
889 1188 1038 1226 ferretis
1068 1188 1292 1239 bellumque
1312 1187 1484 1239 ignobile
1515 1193 1554 1224 et
1574 1199 1677 1224 sum-

214 1255 396 1300 ptuosum
414 1249 674 1301 susciperetis,
688 1249 832 1301 primus
845 1255 885 1289 et
898 1250 1002 1288 solus
1017 1262 1086 1301 pro
1102 1249 1287 1288 concione
1301 1248 1527 1300 repugnavi,
1538 1255 1578 1286 et
1591 1254 1678 1286 tan-

214 1317 297 1348 tum
317 1324 395 1348 non
414 1311 632 1364 discerptus
665 1325 750 1350 sum
771 1312 819 1350 ab
838 1311 884 1349 iis
905 1312 970 1361 qui
992 1311 1099 1362 parvi
1118 1311 1249 1349 lucelli
1265 1323 1386 1349 causa
1416 1309 1455 1348 in
1475 1310 1618 1347 multos
1639 1316 1678 1348 et

214 1385 378 1422 magnos
396 1385 466 1410 vos
485 1385 630 1411 errores
651 1372 795 1411 vellent
821 1371 1022 1410 inducere.
1067 1371 1228 1410 Deinde
1245 1371 1352 1410 brevi
1372 1379 1544 1422 tempore
1564 1371 1679 1408 inter·

206 1434 327 1484 jecto,
348 1433 460 1471 simul
480 1446 526 1472 ac
545 1447 613 1472 vos
633 1442 674 1472 et
699 1434 950 1483 ignominiam
979 1433 1204 1484 reportastis
1234 1440 1273 1471 et
1300 1432 1345 1471 iis
1364 1432 1509 1484 injuriis
1549 1431 1677 1470 affecti

210 1496 319 1542 estis,
339 1494 479 1545 quibus
506 1495 602 1532 nulli
635 1495 833 1533 hominum
859 1507 1032 1546 unquam
1054 1495 1103 1532 ab
1125 1495 1169 1532 iis
1188 1495 1327 1546 quibus
1354 1508 1468 1546 opem
1494 1493 1677 1541 tulerant,

214 1557 455 1608 comperistis
482 1570 615 1595 omnes
644 1564 682 1595 et
711 1556 845 1595 horum
866 1556 1171 1595 consiliariorum
1192 1556 1474 1608 improbitatem
1494 1562 1533 1594 et
1552 1555 1675 1593 utilis-

213 1619 310 1657 sima
328 1619 497 1657 suasisse
510 1632 584 1656 me.
617 1618 714 1657 Post
740 1618 892 1666 iterum,
911 1617 1182 1666 Athenienses,
1202 1631 1290 1657 cum
1313 1617 1597 1669 perspexissem
1616 1615 1676 1654 hi-

213 1680 396 1719 strionem
411 1681 711 1731 Neoptolemum
727 1694 795 1733 per
809 1681 978 1731 speciem
992 1693 1073 1718 suae
1088 1680 1180 1718 artis
1201 1679 1350 1730 quidvis
1370 1680 1525 1730 impune
1546 1690 1674 1729 agere,

214 1743 314 1781 mala
333 1756 421 1781 vero
446 1743 569 1780 moliri
594 1744 762 1781 maxima
786 1743 1006 1794 reipublicae
1026 1756 1163 1794 resque
1183 1749 1328 1780 vestras
1348 1741 1614 1780 administrare
1635 1746 1675 1778 et

214 1804 377 1854 dirigere
404 1805 444 1841 in
462 1803 628 1855 Philippi
647 1805 838 1850 commoda,
850 1804 975 1855 prodii
995 1804 1111 1855 idque
1127 1804 1236 1842 vobis
1257 1805 1434 1856 exposui,
1462 1803 1569 1842 nullo
1594 1806 1673 1857 pri-

214 1871 303 1903 vato
322 1865 385 1902 vel
406 1864 495 1902 odio
513 1864 574 1902 vel
589 1864 850 1902 calumniandi
869 1865 1057 1916 impulsus
1073 1865 1214 1911 studio,
1231 1864 1555 1915 quemadmodum
1567 1865 1674 1905 facta

212 1939 300 1977 quae
329 1932 465 1964 secuta
490 1931 582 1963 sunt
600 1926 858 1965 declararunt.
900 1926 1028 1977 Atque
1059 1927 1097 1964 in
1125 1926 1184 1964 his
1213 1940 1290 1964 non
1314 1927 1397 1977 jam
1426 1925 1672 1977 Neoptolemi

211 1987 610 2038 defensores—neque
622 1988 723 2025 enirn
737 2000 836 2025 unus
848 1987 1268 2039 fuist—reprehendam,
1278 1988 1347 2026 sed
1360 2000 1428 2025 vos
1444 1987 1568 2039 ipsos:
1582 2001 1672 2027 nam

212 2050 243 2087 si
262 2049 528 2099 tragoedorum
547 2049 585 2086 in
607 2048 750 2086 Bacchi
769 2049 912 2086 theatro
928 2056 1163 2100 spectatores
1184 2049 1366 2095 fuissetis,
1382 2062 1460 2087 non
1482 2049 1529 2087 de
1546 2051 1671 2089 salute

211 2111 430 2162 reipublicae
450 2123 576 2148 sermo
595 2116 700 2149 esset
724 2110 893 2156 habitus,
915 2124 1161 2163 nequaquam
1180 2111 1239 2149 vel
1259 2124 1346 2148 eum
1368 2117 1446 2148 tam
1465 2111 1587 2162 aequis
1609 2112 1670 2150 vel

212 2185 273 2209 me
293 2179 372 2210 tam
404 2171 560 2210 infensis
588 2172 725 2210 animis
759 2171 980 2211 audissetis.
1029 2173 1151 2222 Atqui
1169 2172 1244 2210 hoc
1275 2172 1410 2209 saltem
1438 2185 1505 2209 vos
1534 2173 1669 2223 opinor

212 2246 314 2270 nunc
343 2233 542 2272 universos
562 2234 741 2280 sensisse,
761 2246 849 2272 eum
878 2235 942 2285 qui
971 2241 1054 2272 tum
1075 2234 1125 2272 ad
1143 2234 1275 2272 hostes
1296 2233 1490 2284 profectus
1510 2241 1583 2279 cst,
1611 2242 1667 2282 ut,

209 2294 315 2345 quod
348 2293 514 2341 dicebat,
542 2295 691 2333 ⁴coactis
718 2308 805 2346 quae
835 2296 908 2333 sibi
937 2296 1012 2334 illic
1041 2301 1150 2333 erant
1181 2295 1320 2333 debitae
1352 2295 1525 2345 pecuniis
1552 2303 1667 2347 atque

210 2356 288 2393 huc
301 2356 504 2406 reportatis
520 2356 673 2407 publica
690 2369 853 2395 munera
864 2357 1006 2401 obiret;
1027 2357 1168 2408 quique
1182 2356 1256 2394 hac
1273 2357 1444 2394 oratione
1461 2357 1667 2407 plurimum

212 2425 274 2455 est
291 2429 400 2462 usus,
420 2416 594 2468 iniquum
615 2430 700 2455 esse
720 2419 893 2457 accusari
914 2432 978 2456 eos
999 2418 1063 2469 qui
1085 2418 1188 2456 illinc
1209 2431 1302 2469 opes
1334 2431 1424 2456 suas
1444 2418 1483 2455 in
1503 2420 1666 2469 patriam

210 2478 450 2525 inveherent,
469 2491 546 2515 eum
564 2479 720 2528 inquam,
741 2492 831 2517 curn
856 2479 1019 2531 primurn
1038 2480 1142 2518 facta
1162 2492 1256 2531 pace
1276 2487 1360 2517 tuto
1380 2479 1419 2517 id
1447 2480 1527 2518 fieri
1547 2480 1666 2529 licuit,

210 2553 298 2592 quae
315 2539 381 2578 hic
397 2541 502 2578 bona
519 2540 730 2579 immobilia
746 2542 934 2592 possedit,
959 2541 1194 2589 vendidisse,
1214 2543 1415 2594 pecuniam
1435 2555 1594 2594 propere
1614 2544 1665 2583 ad

210 2602 319 2640 illum
337 2601 552 2654 profectum
573 2601 761 2641 avexisse.

265 2665 302 2701 3.
323 2664 457 2714 Itaque
477 2662 555 2702 duo
570 2663 668 2712 haec,
683 2677 768 2715 quae
783 2663 943 2715 proedixi
962 2677 1048 2715 ego,
1063 2670 1253 2702 testantur
1264 2664 1416 2703 habitas
1431 2671 1512 2703 tum
1525 2666 1664 2704 oratio·

209 2737 279 2762 nes
290 2725 410 2764 fuisse
417 2737 526 2764 veras
541 2731 582 2763 et
589 2732 725 2773 rectas,
735 2726 826 2765 talia
834 2740 911 2764 cum
927 2727 1192 2777 essent,qualia
1207 2739 1279 2778 ego
1295 2739 1340 2764 ea
1353 2726 1661 2778 pronuntiaram:

209 2787 376 2834 tertium,
399 2787 669 2836 Athenienses,
691 2795 729 2827 et
748 2788 821 2827 hoc
849 2788 954 2839 quod
982 2802 1099 2827 unum
1131 2796 1247 2828 restat
1274 2788 1443 2836 locutus,
1463 2789 1590 2827 statim
1611 2789 1661 2827 de
