1923 3149
323 212 393 248 154
660 208 732 246 DE
762 207 990 247 FOEDERE
1019 204 1402 243 ALEXANDREO.

322 312 461 349 sistunt
478 316 520 347 ut
538 323 622 360 quae
642 311 905 349 communibus
926 309 1047 362 pactis
1067 309 1306 347 continentur
1329 303 1596 356 exsequamini,
1615 314 1747 354 parea-

322 384 405 409 mus
435 372 501 416 eis,
528 372 704 421 quoniam
736 385 848 423 aequa
873 371 1027 414 dicunt3
1061 376 1112 415 et,
1141 367 1460 419 quemadmodum
1481 364 1748 416 jusjurandum

315 433 439 483 jubet,
457 431 703 470 excludamus
728 433 814 469 illos
834 433 975 469 foedere
994 444 1039 468 ac
1063 430 1327 475 deliberemus,
1347 427 1538 479 quomodo
1564 424 1751 464 tractandi

322 493 396 531 sint
413 493 437 530 ii
457 493 522 544 qui
549 505 616 544 pro
637 493 799 529 dominis
832 505 917 528 sese
935 497 1074 540 gerunt
1100 488 1372 536 libidinemque
1399 500 1505 526 suam
1531 494 1753 537 sequuntur,

323 561 362 591 et
379 560 562 606 perpetuo
575 553 637 591 vel
655 551 812 589 insidias
830 557 994 595 struunt,
1006 548 1064 586 vel
1080 554 1201 598 agunt
1214 547 1414 584 interdicta
1427 559 1637 596 pacemque
1651 560 1754 584 com-

324 628 477 653 munem
497 613 671 651 derident
688 625 697 649 :
725 624 838 661 quam
857 610 957 648 enim
976 610 1025 647 ob
1044 621 1200 647 causam
1218 607 1278 645 isti
1304 607 1499 657 negabunt
1516 606 1570 644 ita
1591 620 1675 645 esse
1701 608 1757 645 fa-

325 674 529 713 ciendum?
558 674 661 711 Num
679 672 895 724 pactionem
909 677 1098 721 quatenus
1113 682 1160 708 ea
1177 667 1390 719 reipublicae
1409 675 1522 706 nocet
1540 674 1660 706 ratam
1677 681 1758 706 esse

326 735 471 779 volunt,
497 742 684 784 quatenus
711 745 801 770 vero
833 732 955 770 eidem
987 731 1161 770 salutaris
1193 736 1253 768 est
1279 728 1539 767 sustulerunt?
1575 729 1760 780 Nunquid

326 796 410 832 haec
441 796 527 846 jure
559 795 638 833 fieri
665 792 868 831 videntur?
922 793 961 830 Si
980 793 1072 842 quid
1101 793 1138 829 in
1152 791 1401 842 jurejurando
1427 803 1496 841 pro
1522 790 1694 828 hostibus
1722 796 1762 827 et

327 862 460 894 contra
473 862 639 893 nostram
655 854 847 892 civitatem
862 854 964 899 facit,
978 853 1016 891 id
1029 859 1212 904 perpetuo
1227 851 1526 890 confirmabunt:
1547 852 1606 888 sin
1618 851 1759 902 aliquid

331 922 494 954 vestrum
524 923 658 954 contra
683 915 764 953 illos
798 915 909 953 simul
940 921 979 953 et
1001 916 1147 964 justum
1177 920 1216 952 et
1234 913 1325 950 utile
1344 912 1469 959 fuerit,
1489 912 1584 950 illud
1606 912 1676 949 sibi
1696 924 1763 963 op-

328 977 580 1027 pugnandum
595 989 680 1015 esse
694 983 875 1026 perpetuo
889 974 1198 1013 arbitrabuntur?

389 1040 424 1075 8.
456 1039 510 1076 Ut
539 1051 629 1076 vero
657 1037 870 1075 evidentius
903 1037 1016 1075 etiam
1045 1036 1281 1086 intelligatis,
1311 1035 1501 1073 neminem
1535 1036 1764 1073 Graecorum

331 1113 400 1139 vos
420 1111 586 1148 unquam
607 1104 874 1136 accusaturum
902 1110 997 1141 esse,
1018 1096 1066 1134 de
1085 1097 1349 1135 communibus
1373 1096 1493 1147 pactis
1520 1095 1602 1133 ulla
1625 1108 1665 1133 re
1684 1096 1764 1134 vio-

331 1161 433 1207 latis,
460 1159 528 1197 sed
549 1166 588 1197 et
606 1159 767 1209 gratiam
790 1158 1001 1204 habituros,
1021 1157 1123 1208 quod
1151 1157 1222 1195 soli
1252 1156 1479 1207 foedifragos
1507 1157 1767 1207 coargueritis,

333 1235 457 1274 pauca
470 1221 518 1258 de
531 1220 658 1257 multis
671 1233 756 1269 quae
769 1217 933 1257 dicenda
945 1226 1086 1264 essent,
1099 1230 1334 1269 percurram:
1353 1218 1566 1255 continetur
1577 1217 1716 1256 alicubi
1728 1217 1767 1255 in

334 1284 491 1329 foedere,
510 1290 563 1320 ut
590 1281 832 1319 foederati
863 1294 992 1319 mare
1021 1294 1046 1318 n
1062 1280 1246 1331 avigen
1262 1286 1290 1326 t,
1311 1286 1357 1317 et
1388 1293 1523 1318 nemo
1552 1292 1629 1318 eos
1657 1276 1768 1330 pro-

336 1345 535 1389 hibeat,
571 1356 738 1394 neque
774 1342 1048 1393 quisquam
1089 1354 1248 1379 naves
1290 1353 1459 1378 eorum
1487 1347 1767 1392 exceptet:

339 1406 417 1445 sin
445 1406 549 1442 haec
577 1404 774 1454 aliquis
803 1403 1038 1448 violarit,
1067 1409 1124 1440 ut
1164 1403 1222 1440 ab
1260 1402 1500 1440 omnibus
1546 1402 1770 1440 foedera-

340 1467 406 1505 tis
449 1480 473 1516 p
487 1479 503 1502 r
517 1478 539 1502 0
579 1465 605 1501 h
617 1478 639 1502 o
655 1479 672 1502 s
687 1471 704 1502 t
717 1477 737 1502 e
779 1464 805 1501 h
818 1478 840 1502 a
853 1465 877 1501 b
891 1476 912 1501 e
927 1477 950 1501 a
962 1470 978 1501 t
992 1477 1015 1500 u
1028 1477 1059 1501 r.
1124 1463 1254 1514 Atqui,
1293 1462 1560 1510 Athenienses,
1592 1476 1660 1501 vos
1695 1463 1772 1501 evi-

342 1526 560 1565 dentissime
581 1525 684 1563 scitis
702 1526 775 1563 hoc
794 1538 817 1563 a
835 1524 1114 1562 Macedonibus
1127 1537 1211 1562 esse
1224 1524 1390 1561 factum:
1420 1536 1507 1561 nam
1521 1537 1567 1561 eo
1587 1524 1773 1562 violentiae

340 1594 618 1639 processerunt,
634 1593 677 1623 ut
690 1599 821 1624 omnes
833 1599 949 1623 naves
964 1585 1144 1623 Ponticas
1154 1585 1352 1622 Tenedum
1366 1585 1627 1635 pertraxerint,
1639 1598 1684 1624 ac
1699 1592 1774 1624 ter-

343 1649 579 1698 giversantes
593 1660 667 1684 non
678 1648 780 1698 prius
800 1660 864 1684 eas
877 1645 1098 1691 dimiserint,
1118 1658 1232 1695 quam
1250 1658 1319 1682 vos
1340 1645 1603 1684 decrevissetis
1619 1654 1773 1684 centum

343 1709 512 1746 triremes
540 1721 623 1746 esse
648 1708 896 1758 complendas
922 1714 961 1745 et
979 1707 1103 1745 statim
1122 1707 1161 1744 in
1179 1719 1283 1744 mare
1303 1706 1562 1754 deducendas,
1578 1715 1616 1745 et
1635 1708 1772 1747 ducem

349 1771 401 1808 eis
421 1770 691 1807 Menestheum
709 1768 989 1820 praefecissetis.

401 1832 439 1868 9.
468 1830 528 1867 An
548 1843 623 1867 non
641 1830 756 1880 igitur
778 1830 983 1867 absurdum
1010 1836 1082 1875 est,
1102 1843 1218 1880 quum
1247 1836 1306 1867 tot
1331 1843 1376 1868 ac
1400 1836 1508 1868 tanta
1533 1831 1672 1869 delicta
1702 1831 1779 1868 sint

351 1891 569 1935 alterorum,
598 1891 689 1927 istos
720 1890 871 1927 illorum
891 1891 1033 1928 amicos
1053 1903 1076 1928 a
1092 1891 1290 1941 peccando
1308 1903 1374 1928 eos
1393 1904 1469 1928 non
1488 1891 1691 1937 deterrere,
1712 1890 1778 1929 sed

353 1952 512 1990 suadere
531 1951 640 1989 nobis
659 1959 701 1988 ut
732 1958 846 2001 pacta
866 1964 988 2001 usque
1008 1951 1103 1989 adeo
1123 1952 1301 2001 neglecta
1319 1951 1538 1990 servemus?
1566 1952 1779 2003 quasivero

354 2013 393 2050 in
413 2012 484 2049 illis
505 2019 543 2049 et
566 2012 638 2049 hoc
668 2011 901 2062 adscriptum
931 2013 991 2057 sit,
1023 2012 1113 2062 ipsis
1139 2012 1253 2050 etiam
1270 2012 1488 2063 delinquere
1507 2013 1632 2058 licere,
1654 2013 1780 2051 alteris

356 2088 427 2113 nec
446 2073 577 2111 ulcisci
596 2073 747 2123 injurias
766 2086 850 2110 esse
869 2073 1122 2110 concessum?
1177 2074 1314 2112 Nonne
1333 2087 1420 2112 vero
1454 2074 1563 2111 simul
1589 2081 1628 2112 et
1655 2075 1782 2126 inique

356 2142 394 2173 et
413 2134 563 2185 stupide
579 2140 752 2183 egerunt,
771 2134 834 2184 qui
855 2134 1118 2185 jusjurandum
1135 2147 1257 2183 usque
1287 2134 1382 2172 adeo
1410 2135 1595 2182 violarint,
1614 2143 1658 2174 ut
1675 2137 1783 2174 mini-

358 2209 459 2232 mum
480 2195 643 2232 abfuerit
659 2195 749 2244 quin
769 2196 817 2232 ob
836 2195 936 2232 iilam
954 2196 1149 2246 perfidiam
1169 2195 1402 2245 principatus
1417 2197 1527 2234 maris
1543 2198 1597 2235 eis
1611 2198 1696 2248 jure
1714 2198 1785 2236 eri-

360 2255 535 2307 peretur?
563 2261 676 2305 atque
706 2255 802 2292 adeo
828 2269 929 2294 nunc
948 2257 1062 2294 etiam
1077 2256 1140 2306 jus
1160 2255 1231 2293 hoc
1250 2257 1358 2293 nobis
1378 2257 1457 2294 sine
1477 2257 1630 2295 crimine
1646 2271 1785 2309 suppe-

362 2317 496 2361 ditant,
518 2317 548 2353 si
568 2316 622 2353 uti
641 2328 685 2353 eo
699 2316 926 2352 voluerimus
944 2328 953 2352 :
982 2329 1058 2353 non
1077 2316 1174 2354 enim
1191 2316 1293 2366 quod
1311 2329 1468 2367 peccare
1489 2317 1729 2365 destiterunt,
1741 2333 1787 2358 eo

361 2379 486 2414 minus
506 2376 720 2414 communia
733 2382 846 2426 pacta
856 2376 1045 2414 violarunt
1057 2377 1203 2415 scilicet
1216 2391 1225 2420 ;
1249 2377 1316 2414 sed
1328 2378 1428 2415 beati
1443 2385 1543 2423 sunt,
1556 2379 1658 2428 quod
1673 2378 1788 2417 inter-

365 2438 415 2475 im
428 2438 601 2475 fruuntur
611 2436 760 2487 ignavia
771 2443 907 2483 vestra,
917 2450 1003 2488 quae
1016 2450 1124 2474 suum
1131 2441 1194 2486 jus
1209 2439 1383 2488 persequi
1394 2451 1586 2488 nunquam
1599 2439 1773 2478 instituit.

424 2501 484 2536 10.
515 2499 645 2548 Atque
670 2497 747 2534 hoc
771 2498 1186 2535 contumeliosissimum
1217 2505 1288 2544 est,
1307 2499 1409 2548 quod
1429 2499 1562 2550 reliqui
1593 2499 1721 2538 Graeci
1751 2509 1789 2539 et

368 2559 526 2599 Barbari
544 2571 673 2597 omnes
693 2566 836 2596 vestras
854 2557 1066 2596 inimicitias
1083 2565 1269 2604 metuunt,
1289 2559 1349 2596 isti
1369 2567 1495 2597 autem
1514 2561 1600 2598 novi
1618 2560 1790 2599 homines

366 2635 436 2660 vos
456 2633 501 2658 eo
529 2619 707 2669 redigunt
739 2625 778 2656 ut
806 2620 875 2669 ipsi
893 2625 1043 2657 vosmet
1061 2620 1250 2670 aspernari
1271 2621 1472 2669 cogamini,
1493 2621 1567 2659 alia
1585 2621 1688 2660 vobis
1707 2636 1791 2673 per-

370 2681 581 2726 suadendo,
597 2679 671 2717 alia
683 2680 718 2717 vi
736 2679 1010 2728 extorquendo,
1029 2680 1183 2730 perinde
1203 2693 1245 2717 ac
1266 2681 1296 2716 si
1316 2693 1402 2717 cum
1419 2681 1606 2720 Abderitis
1621 2689 1686 2720 aut
1705 2682 1792 2720 Ma—

371 2742 516 2787 ronitis,
533 2753 611 2778 non
629 2752 715 2777 cum
731 2739 1026 2777 Atheniensibus
1046 2741 1355 2778 administrandae
1369 2742 1583 2791 reipublicae
1609 2743 1793 2780 rationem

369 2804 550 2841 habeant.
604 2801 678 2843 Qui
699 2813 785 2838 cum
804 2812 895 2850 opes
910 2807 1053 2840 vestras
1081 2808 1296 2848 extenuent,
1324 2802 1618 2840 adversariorum
1638 2804 1798 2854 amplifi-

374 2871 479 2907 cent;
509 2862 654 2900 interim
670 2874 744 2900 non
757 2861 1071 2907 animadvertunt,
1084 2875 1123 2899 se
1137 2863 1305 2900 confiteri
1320 2865 1446 2900 urbem
1460 2870 1625 2901 nostram
1639 2876 1725 2901 esse
1740 2865 1796 2902 in-

377 2923 639 2973 superabilem,
659 2923 748 2959 dum
764 2922 961 2959 hortantur
980 2923 1091 2972 utjus
1111 2924 1216 2960 aliter
1235 2937 1346 2973 quam
1361 2924 1507 2974 justum
1522 2925 1797 2965 est,custodia—
