1923 3149
548 141 785 180 CONTRA
823 136 1266 177 ARISTOCRATEM.
1509 136 1586 172 375

134 222 337 272 audituris,
356 226 447 276 quid
467 226 602 279 primo,
618 226 711 278 quid
731 225 919 271 secundo,
935 229 1002 261 aut
1019 229 1214 274 postremo
1233 223 1321 261 loco
1337 222 1469 261 audire
1487 235 1589 274 prae·

134 286 291 335 optetis.
322 286 486 326 Proinde
508 288 634 326 videte
653 287 836 339 quidnam
854 284 989 331 velitis,
1008 291 1050 321 ut
1070 284 1105 321 id
1127 284 1286 334 primum
1314 286 1424 323 vobis
1448 285 1585 325 dicam.

138 344 201 384 De
220 347 370 386 violatis
390 349 539 400 legibus
559 349 672 387 vultis
687 347 877 400 primum?
908 346 993 384 Hoc
1013 345 1126 395 igitur
1144 345 1328 382 dicemus.
1363 347 1442 384 Oro
1459 353 1588 384 autem

136 413 178 445 et
196 410 349 458 postulo
377 423 400 448 a
420 412 525 449 vobis
544 424 602 457 ea,
623 425 723 461 quae,
745 417 788 448 ut
805 410 896 448 mihi
915 407 1143 459 persuadeo,
1163 421 1276 456 ecqua
1295 409 1448 445 omnino
1469 416 1560 445 sunt
1579 423 1590 447 ι

138 483 251 508 nemo
272 480 455 519 vestrum,
475 473 744 519 Athenienses,
763 478 963 523 propterea
987 469 1091 519 quod
1122 468 1393 506 Charidemum
1425 471 1589 519 ignorat,

137 538 178 569 ct
196 532 244 570 de
266 535 463 584 republica
482 536 580 572 bene
606 534 780 571 meritum
808 539 930 582 putat,
953 531 1122 581 quadam
1149 531 1264 568 animi
1295 531 1505 580 pertinacia
1534 532 1590 568 in-

137 592 294 640 ductus,
322 602 475 633 nostros
497 596 544 633 dc
564 595 713 644 legibus
735 606 930 631 sermones
951 593 1199 642 iniquioribus
1222 592 1375 629 auribus
1403 593 1589 642 accipiat:

139 666 265 703 nequo
285 663 441 705 propter
459 656 496 693 id
516 655 577 691 vel
596 655 763 705 seipsum
786 652 997 697 defraudet,
1018 665 1094 702 quo
1116 653 1240 689 minus
1261 653 1593 703 projurisjurandi
1650 676 1655 680 ·

139 713 324 763 religione
344 715 574 752 sententiam
592 715 702 761 ferat,
723 714 783 752 vel
804 727 865 752 me
885 714 1068 764 impediat
1095 714 1133 750 in
1161 714 1206 751 iis
1227 714 1477 763 explicandis,
1505 728 1592 763 quae

138 785 206 809 vos
226 774 388 812 edocere
417 775 592 813 decrevi:
621 775 691 813 sed
710 775 763 813 ita
783 775 987 820 auscultet,
1018 781 1060 811 ut
1079 774 1310 824 consideret,
1339 788 1453 825 quam
1482 789 1594 827 aequa

139 835 280 876 dicam.
317 838 375 875 Ac
404 838 468 875 ubi
487 838 616 889 legum
636 838 857 884 meminero,
878 838 1019 875 omissa
1039 837 1273 888 cogitatione
1294 845 1449 888 propter
1476 851 1593 888 quem

141 904 209 935 aut
241 899 396 949 qualem
416 900 798 939 senatusconsultum
830 900 880 938 sit
908 900 1064 944 factum,
1097 899 1136 936 id
1156 899 1293 944 solum,
1327 912 1455 950 neque
1489 899 1595 937 aliud

140 960 351 1010 quicquam
385 962 621 1008 consideret,
654 968 837 1000 contrane
874 974 924 999 an
961 960 1174 999 secundum
1211 961 1318 1010 leges
1358 961 1408 998 sit
1435 961 1593 998 factum.

141 1021 269 1062 Quum
284 1034 374 1060 vero
389 1036 447 1060 res
467 1024 514 1062 ab
533 1037 579 1061 eo
599 1029 730 1074 gestas
751 1035 973 1069 excussero,
994 1029 1108 1072 atque
1128 1035 1368 1068 recensuero,
1384 1036 1460 1073 quo
1479 1030 1595 1074 pacto

141 1082 225 1120 sitis
253 1084 302 1121 ab
329 1097 375 1122 eo
403 1085 568 1134 decepti,
589 1085 750 1134 cogitet,
779 1091 906 1122 utrum
926 1097 986 1121 res
1007 1085 1143 1128 factas,
1163 1096 1211 1120 an
1231 1083 1434 1121 ementitas
1454 1084 1594 1122 dicam.

144 1143 219 1180 Ubi
247 1157 360 1194 porro
378 1146 645 1195 disquisivero,
678 1153 805 1183 utrum
836 1159 855 1182 e
877 1144 1076 1195 republica
1099 1144 1160 1190 sit,
1188 1144 1248 1182 vel
1277 1152 1414 1183 contra
1440 1159 1593 1197 rempu-

140 1204 294 1250 blicam,
315 1206 399 1244 haec
420 1207 640 1253 decernere,
661 1207 810 1245 omissis
831 1207 968 1245 ceteris
987 1207 1178 1252 omnibus,
1198 1206 1368 1245 ratIOnes
1393 1207 1441 1246 de
1460 1208 1520 1246 his
1539 1209 1595 1246 al-

141 1265 241 1303 latas
269 1267 462 1317 inspiciat,
481 1274 608 1305 utrum
628 1267 704 1306 illae
724 1275 830 1305 recte
861 1280 946 1304 sese
972 1267 1155 1313 habeant,
1176 1280 1225 1304 an
1257 1281 1382 1306 secus.
1432 1269 1534 1307 Nam
1564 1270 1597 1307 si

142 1339 205 1364 me
232 1326 292 1365 his
319 1327 457 1365 animis
477 1329 654 1374 audietis,
683 1336 764 1365 tum
784 1328 855 1379 ipsi
875 1328 1030 1378 optime,
1050 1341 1138 1377 quae
1159 1328 1338 1374 deceant,
1359 1330 1598 1380 intelligetis,

141 1387 304 1438 singulis
332 1389 491 1426 seorsim
524 1389 793 1435 consideratis,
821 1395 862 1427 et
889 1403 966 1427 non
996 1389 1110 1426 simul
1137 1389 1268 1427 omnia
1297 1391 1502 1428 confertim
1529 1393 1597 1429 ob-

142 1454 319 1486 tuentes:
348 1456 430 1487 tum
449 1463 522 1501 ego
542 1464 630 1500 quae
655 1451 744 1489 volo
769 1450 949 1488 facillime
969 1457 1105 1501 potero
1131 1451 1274 1489 dicere.
1306 1451 1448 1491 Paucis
1467 1460 1596 1491 autem

143 1510 393 1548 absolventur
412 1512 552 1549 omnia.

199 1571 236 1608 6.
267 1571 374 1622 Cape
392 1572 509 1621 igitur
527 1572 632 1622 leges
649 1571 767 1623 ipsas,
789 1578 828 1609 et
845 1571 976 1618 recita,
997 1579 1040 1610 ut
1059 1585 1126 1624 per
1144 1585 1210 1611 eas
1239 1573 1454 1620 ostendam,
1483 1589 1598 1626 quam

143 1632 207 1670 isti
226 1632 357 1683 legum
373 1632 520 1671 nullam
539 1634 725 1671 rationem
742 1632 960 1672 habuerint.

359 1769 392 1806 E
421 1768 790 1830 CAPITALIBUS
823 1770 1056 1809 LEGIBUS
1078 1771 1385 1813 AREOPAGI.

806 1888 932 1926 LEX.

190 1992 319 2022 Senatus
334 1990 572 2031 Areopagiticus
587 1991 626 2022 de
639 1991 724 2022 caede
740 1995 771 2022 et
795 1992 922 2022 vulnere
937 1993 1078 2023 consulto
1093 1993 1187 2030 facto,
1204 1995 1244 2025 de
1257 1994 1402 2027 incendio
1414 2001 1446 2028 el.
1460 1999 1598 2037 venenis,

147 2043 259 2083 quibus
275 2042 427 2082 porrectis
442 2042 554 2081 aliquis
569 2042 719 2072 hominem
735 2042 895 2080 occiderit,
905 2043 1037 2082 judicet.

147 2141 309 2180 Desine.
358 2141 532 2179 Audistis
586 2148 665 2180 tam
702 2142 845 2193 legem,
894 2155 1010 2192 quam
1063 2143 1275 2191 decretum,
1324 2146 1598 2191 Athenienses.

147 2201 485 2245 Quemadmodum
505 2209 633 2241 autem
651 2203 743 2240 mihi
762 2203 970 2241 videamini
995 2204 1159 2242 rationes
1179 2205 1280 2255 ipsas
1308 2207 1356 2245 de
1375 2208 1524 2249 violatis
1543 2213 1600 2251 le-

148 2264 259 2315 gibus
287 2263 466 2302 facillime
499 2265 703 2315 cognituri,
741 2264 815 2303 hoc
852 2266 959 2303 vobis
998 2265 1147 2310 dicam;
1189 2266 1219 2304 si
1253 2269 1599 2322 consideraveritis,

148 2325 258 2376 cujus
286 2325 430 2363 ordinis
450 2325 499 2363 sit
518 2326 561 2371 is,
591 2339 661 2376 pro
680 2339 757 2376 quo
777 2327 1161 2366 senatusconsultum
1180 2329 1326 2367 factum
1350 2341 1432 2369 est:
1462 2345 1512 2371 an
1530 2349 1599 2386 pe-

147 2386 336 2436 regrinus,
355 2399 404 2423 an
428 2386 650 2436 inquilinus,
672 2401 721 2425 an
748 2387 842 2425 civis
862 2388 921 2425 sit.
962 2389 1088 2430 Quem
1108 2389 1139 2426 si
1159 2389 1331 2429 dicemus
1357 2392 1598 2444 inquilinum,

148 2447 400 2485 mentiemur:
429 2461 561 2485 rursus
582 2449 612 2485 si
631 2448 837 2499 hospitem,
856 2448 1032 2496 injurIam
1052 2450 1086 2486 ei
1105 2449 1290 2489 faciemus
1308 2465 1317 2489 :
1346 2454 1476 2504 populi
1497 2458 1600 2495 enim

145 2507 388 2554 beneficium,
407 2521 483 2558 quo
503 2510 656 2547 civitate
673 2515 733 2547 est
751 2509 932 2555 donatus,
954 2517 1078 2548 ratum
1100 2511 1154 2548 illi
1173 2526 1329 2552 manere
1350 2515 1480 2555 debet.
1519 2519 1598 2557 Re-

147 2569 346 2620 linquitur,
367 2570 421 2606 sic
441 2576 484 2607 ut
502 2570 550 2608 de
569 2572 665 2616 cive,
685 2584 770 2609 esse
792 2571 840 2609 de
859 2585 905 2610 eo
925 2572 1173 2622 loquendum.
1204 2575 1376 2614 Obsecro
1405 2586 1531 2616 autem
1556 2588 1600 2619 ut

149 2630 344 2681 spectetis,
364 2643 480 2680 quam
506 2631 667 2681 simplici
684 2632 843 2683 etjusta
862 2635 1009 2671 ratione
1028 2641 1126 2681 utar,
1147 2636 1211 2686 qui
1233 2637 1272 2673 in
1298 2637 1402 2676 hunc
1423 2638 1599 2678 ordinem

149 2704 237 2730 eum
256 2691 456 2736 collocem,
476 2691 515 2728 in
546 2704 623 2742 quo
642 2693 848 2731 maxim’um
870 2694 1055 2733 honorem
1075 2704 1347 2747 consequatur.
1389 2699 1487 2742 Quae
1507 2715 1598 2740 vero

149 2752 257 2791 vobis
278 2758 415 2790 natura
432 2752 577 2790 civibus
606 2761 749 2804 negata
772 2762 874 2802 sunt,
897 2770 968 2794 nec
987 2757 1039 2794 illi
1059 2757 1193 2808 opinor
1213 2765 1347 2797 contra
1371 2760 1477 2811 leges
1506 2772 1598 2802 sunt

150 2815 414 2854 concedenda.
463 2815 560 2858 Quae
581 2821 672 2853 sunt
698 2816 812 2867 igitur
832 2818 901 2856 ea?
929 2832 1017 2869 quae
1044 2819 1115 2857 iste
1140 2819 1257 2858 modo
1281 2821 1445 2872 scripsit.
1494 2823 1596 2863 Nam
