1923 3149
700 170 771 206 DE
801 169 1043 206 CORONA.
1511 170 1586 204 213

149 272 231 310 hos.
272 271 407 321 Neque
425 272 525 309 enim
540 284 623 309 eam
644 278 746 309 recte
766 284 888 320 neque
908 283 954 307 cx
972 282 1042 307 usu
1062 269 1277 320 reipublicae
1298 277 1460 308 exercet.
1499 270 1586 308 Non

147 334 247 370 enim
266 334 423 383 probum
442 333 722 382 honestumque
742 333 863 369 civem
883 331 1007 376 decet,
1029 343 1050 367 a
1063 330 1258 380 judicibus
1279 331 1343 380 qui
1362 332 1408 368 dc
1428 331 1588 381 publicis

146 393 356 431 commodis
376 401 635 432 convenerunt
662 393 871 444 postulare,
899 398 942 428 ut
968 403 1076 428 suam
1095 390 1152 427 vel
1173 390 1407 428 iracundiam
1436 395 1492 429 vel
1521 392 1590 429 ini-

148 454 308 493 micitias
330 455 389 492 vel
419 455 521 492 aliud
541 455 734 505 quippiam
758 454 878 491 simile
899 453 970 490 sibi
999 452 1179 502 expleant
1204 458 1242 489 et
1264 454 1503 499 confirment,
1524 467 1590 490 nc-

146 529 220 566 que
238 515 296 553 his
316 517 364 553 de
383 516 508 553 causis
527 516 576 552 ad
595 527 660 552 vos
690 515 727 552 in
741 514 930 565 judicium
950 512 1145 558 accedere,
1166 513 1234 550 sed
1256 513 1416 563 primum
1437 527 1591 564 operam

149 576 240 615 dare
261 584 303 614 ut
321 577 412 615 talia
430 577 463 614 ei
482 583 620 614 natura
634 588 710 612 non
727 575 950 620 inhaereant,
971 574 1028 611 sin
1047 574 1086 611 id
1102 575 1181 611 fieri
1202 587 1276 611 non
1292 573 1424 624 possit,
1446 582 1486 611 ut
1505 587 1592 611 cum

147 637 351 676 clementia
369 644 408 675 et
425 636 681 675 moderatione
697 636 904 686 conjuncta
923 635 1146 673 inhaereant.

203 700 266 737 85.
298 699 448 743 Quibus
462 697 576 748 igitur
595 698 830 748 temporibus
850 697 1112 734 vehementem
1134 709 1217 734 csse
1236 703 1386 746 oportet
1404 695 1594 733 hominem

148 759 185 795 in
206 772 285 809 rep.
305 766 520 797 versantem
540 766 578 796 et
598 758 814 796 oratorem?
844 758 888 795 In
918 759 959 794 iis
979 758 1123 816 scilicet
1146 758 1182 794 in
1203 758 1341 807 quibus
1371 757 1418 795 de
1446 770 1596 794 summa

146 832 269 857 rerum
290 819 521 870 periclitatur
536 819 667 857 civitas
683 827 721 857 et
741 819 776 856 in
791 819 929 869 quibus
945 832 1004 856 res
1021 819 1069 855 sit
1087 818 1269 855 adversus
1283 819 1453 855 inimicos
1473 825 1594 856 status

147 879 355 931 popularis,
374 880 411 917 in
423 881 465 917 iis
481 880 644 930 inquam:
675 880 757 918 haec
774 881 873 917 enim
889 880 1062 930 generosi
1078 885 1166 916 sunt
1176 879 1343 928 bonique
1359 880 1462 917 civis.
1495 879 1593 916 Eum

146 949 271 980 autem
288 942 352 992 qui
366 941 506 978 nullius
524 954 694 992 unquam
710 941 851 992 publici
871 940 1050 986 criminis,
1065 940 1206 978 addam
1219 953 1266 977 ne
1282 940 1414 990 privati
1428 940 1595 990 quidem,

148 1015 283 1053 poenas
299 1002 368 1039 sibi
384 1002 574 1052 putaverit
589 1015 611 1039 a
629 1014 688 1038 me
709 1015 790 1039 esse
805 1002 1047 1052 repetendas,
1068 1001 1129 1038 vel
1148 1001 1366 1051 reipublicae
1388 1001 1445 1039 vel
1461 1008 1596 1052 suopte

148 1064 314 1109 nomine,
334 1076 515 1100 coronam
543 1062 776 1113 laudemque
797 1069 838 1100 ut
855 1063 1073 1100 criminetur
1093 1069 1264 1113 paratum
1286 1076 1387 1101 nunc
1408 1063 1534 1100 venire
1560 1070 1600 1100 et

147 1125 291 1163 idcirco
317 1131 373 1162 tot
385 1125 465 1176 jam
485 1126 600 1162 verba
619 1125 914 1175 consumpsisse.
942 1124 1002 1161 hoc
1022 1125 1196 1161 enimvero
1215 1124 1373 1174 privatae
1396 1125 1599 1163 simultatis

148 1192 187 1223 et
215 1185 365 1223 invidiae
392 1187 620 1236 angustique
653 1186 766 1223 animi
791 1186 973 1223 indicium
1002 1193 1072 1230 est,
1095 1185 1236 1222 nullius
1257 1193 1360 1224 certe
1388 1187 1599 1237 probitatis.

149 1246 266 1297 Atqui
293 1247 389 1284 illud
422 1247 551 1292 etiam,
581 1247 687 1297 quod
712 1247 853 1284 omissa
872 1260 1022 1284 mecum
1042 1247 1289 1284 contentione
1317 1248 1353 1284 in
1384 1248 1487 1286 hunc
1515 1248 1598 1285 Cte-

147 1308 341 1356 siphontem
362 1321 464 1345 nunc
484 1307 664 1352 incurrat,
684 1315 823 1345 caetera
842 1308 970 1345 omnia
989 1308 1026 1344 in
1049 1321 1090 1345 se
1110 1308 1201 1345 vitia
1220 1307 1369 1345 inclusa
1387 1310 1571 1346 continet.

203 1370 266 1406 86.
297 1369 354 1407 Ac
374 1369 465 1406 mihi
484 1369 621 1407 videris
652 1383 699 1415 ex
718 1370 762 1407 iis
783 1383 867 1420 quae
896 1369 1034 1415 dixisti,
1056 1368 1251 1413 AEschine,
1280 1376 1323 1406 ut
1342 1369 1435 1407 scite
1455 1370 1598 1407 exerci-

149 1435 268 1467 tatam
285 1443 420 1468 vocem
440 1430 865 1482 ostentares,judicium
884 1431 1006 1468 hocce
1025 1430 1247 1477 instituisse,
1268 1444 1345 1468 non
1376 1439 1416 1468 ut
1435 1432 1601 1470 criminis

151 1490 312 1542 alicujus
346 1505 477 1542 poenas
505 1499 718 1542 expeteres.
773 1492 916 1530 Verum
948 1505 1024 1529 non
1053 1492 1211 1530 oratoris
1241 1492 1376 1537 oratio,
1405 1493 1601 1539 AEschffle,

150 1552 279 1603 magni
299 1552 526 1590 aestimanda
545 1560 605 1590 est
635 1566 762 1603 neque
788 1553 893 1591 vocis
921 1553 1131 1599 contentio,
1152 1553 1220 1591 sed
1232 1553 1379 1603 judicio
1401 1567 1445 1592 ac
1463 1555 1601 1591 volun-

151 1619 230 1650 tate
250 1626 338 1650 cum
367 1613 509 1663 populo
534 1614 748 1651 consentire
778 1614 1013 1665 eosdemque
1042 1614 1171 1651 odisse
1201 1620 1318 1664 atque
1338 1627 1477 1659 amare,
1505 1628 1601 1664 quos

149 1673 284 1725 patria.
317 1674 415 1711 Nam
436 1674 500 1724 qui
517 1674 588 1712 hoc
609 1674 733 1712 animo
753 1682 824 1719 est,
844 1676 876 1712 is
906 1675 1034 1712 omnia
1053 1675 1173 1712 amice
1193 1675 1454 1725 benevoleque
1473 1675 1600 1713 dicet:

152 1742 191 1774 at
210 1735 275 1786 qui
294 1747 377 1781 eos,
398 1748 421 1772 a
435 1736 574 1785 quibus
595 1736 665 1773 sibi
689 1736 900 1786 periculum
922 1735 1078 1786 aliquod
1097 1735 1228 1773 civitas
1253 1736 1436 1787 prospicit
1454 1736 1600 1788 impen-

152 1797 254 1841 dere,
283 1796 464 1846 obsequio
485 1796 587 1841 colit,
610 1810 690 1834 non·
704 1797 839 1834 eadem
867 1810 943 1847 qua
971 1796 1138 1848 populus
1159 1810 1300 1835 ancora
1326 1798 1510 1844 innititur,
1530 1799 1600 1836 ita-

150 1860 222 1909 que
246 1870 374 1907 neque
399 1857 559 1896 eandem
587 1858 704 1896 habet
731 1872 838 1909 spem
869 1859 1016 1896 salutis.
1080 1849 1171 1905 Sed,
1193 1858 1375 1903 videsne?
1404 1873 1490 1910 ego,
1521 1861 1599 1898 scil.

151 1920 271 1957 eadem
294 1932 364 1970 qua
380 1921 533 1968 populus
559 1933 692 1956 ancora
712 1920 846 1957 innitor
865 1921 928 1966 ᾂε.
942 1935 953 1957 .·
984 1921 1120 1958 eadem
1140 1920 1240 1959 enim
1260 1921 1350 1959 mihi
1369 1935 1455 1972 quae
1484 1929 1523 1960 et
1542 1922 1600 1960 his

152 1987 262 2019 erant
281 1981 485 2019 commoda
513 1982 703 2031 proposui,
722 1987 762 2018 et
780 1981 873 2018 nihil
892 1982 983 2018 mihi
1011 1982 1189 2020 eximium
1210 1989 1276 2020 aut
1297 1984 1489 2033 proprium
1518 1996 1603 2022 esse

151 2041 269 2079 volui.
299 2041 359 2078 Ne
381 2047 420 2078 tu
436 2040 591 2091 quidem
606 2041 751 2091 igitur?
781 2042 833 2079 At
847 2043 1070 2092 quomodo?
1099 2043 1163 2093 qui
1183 2044 1309 2082 statim
1325 2052 1414 2095 post
1432 2058 1600 2095 pugnam

152 2101 306 2152 legatus
336 2101 385 2139 ad
414 2101 631 2151 Philippum
661 2115 701 2139 es
721 2103 930 2152 profectus,
959 2104 1128 2141 omnium
1157 2118 1243 2153 quae
1270 2112 1350 2142 tum
1380 2106 1602 2143 acciderunt

153 2163 414 2201 calamitatum
444 2162 578 2212 patriae
608 2169 685 2199 tuae
716 2170 923 2210 auctorem,
952 2164 1069 2215 idque
1101 2178 1187 2202 cum
1219 2165 1402 2216 superiori
1431 2172 1601 2216 tempore

154 2237 306 2275 semper
325 2236 463 2261 munus
483 2223 577 2260 illud
597 2237 831 2270 recusasses,
849 2230 894 2262 ut
911 2238 1044 2263 omnes
1061 2232 1213 2262 norunt.

208 2286 271 2322 87.
302 2284 422 2334 Atqui
440 2285 526 2334 quis
547 2291 608 2323 est
625 2285 690 2335 qui
709 2285 853 2323 civitati
871 2287 1001 2324 fucum
1020 2287 1140 2324 facit?
1170 2300 1247 2324 non
1262 2287 1328 2337 qui
1347 2288 1450 2326 aliud
1470 2288 1601 2334 sentit,

153 2346 259 2385 aliud
286 2345 476 2395 loquitur?
513 2347 637 2388 Quem
672 2360 801 2397 praeco
831 2347 922 2385 diris
952 2348 1114 2386 devovet
1147 2348 1307 2386 merito?
1344 2362 1421 2386 non
1458 2350 1603 2388 talem?

154 2407 270 2449 Quod
289 2419 399 2456 porro
428 2408 579 2458 gravius
599 2409 741 2446 crimen
766 2409 932 2459 objicere
951 2410 1155 2460 quisquam
1174 2417 1299 2460 potest
1318 2412 1469 2457 oratori,
1488 2426 1603 2462 quam

155 2467 260 2517 quod
277 2479 355 2504 non
374 2467 504 2505 eadem
525 2468 702 2518 loquatur
722 2475 836 2520 atque
855 2470 1018 2508 sentiat?
1044 2471 1100 2508 Tu
1121 2471 1236 2521 igitur
1253 2471 1340 2509 talis
1360 2480 1529 2522 repertus
1549 2487 1604 2511 es.

155 2529 206 2566 Et
232 2534 274 2565 tu
292 2540 426 2566 vocem
445 2529 562 2567 mittis
582 2536 711 2568 tamen
733 2531 946 2582 horumque
976 2545 1044 2570 ora
1071 2532 1192 2570 audes
1219 2533 1382 2571 intueri?
1421 2534 1604 2584 Nunquid

156 2588 353 2627 existimas
367 2588 438 2627 hos
452 2590 600 2628 nescire
618 2591 684 2641 qui
704 2592 769 2638 sis,
790 2605 838 2630 an
857 2599 1006 2631 tantum
1025 2593 1202 2631 omnibus
1217 2607 1391 2632 somnum
1408 2602 1522 2644 atque
1537 2596 1602 2632 ob-

156 2649 335 2687 livionem
352 2649 568 2700 obrepsisse
582 2658 706 2700 putas,
725 2659 769 2690 ut
786 2667 864 2691 non
884 2655 1127 2693 meminerint
1146 2669 1234 2706 quae
1252 2655 1350 2694 inter
1369 2656 1602 2694 concionan-

157 2710 248 2748 dum
263 2710 414 2748 locutus
435 2723 475 2747 es
495 2710 655 2750 durante
673 2713 788 2760 bello,
801 2727 888 2752 cum
907 2715 1066 2754 exitium
1083 2716 1151 2754 tibi
1167 2717 1375 2768 precareris
1394 2729 1438 2755 ae
1457 2716 1603 2767 dejera-

158 2784 233 2817 res,
253 2771 346 2809 nihil
366 2771 432 2809 tibi
453 2772 507 2808 rei
535 2785 620 2810 esse
640 2786 727 2811 cum
753 2775 943 2827 Philippo,
974 2778 1043 2815 sed
1074 2791 1133 2816 me
1160 2778 1235 2815 hoc
1268 2778 1334 2815 tibi
1364 2777 1506 2814 crimen
1534 2777 1602 2814 im-

159 2832 317 2883 pingere
336 2845 384 2870 ex
410 2832 558 2883 privata
577 2834 769 2874 simultate
793 2837 904 2875 falso.
939 2838 1102 2885 Deinde,
1123 2846 1164 2876 ut
1183 2839 1231 2876 de
1256 2839 1385 2888 praelio
1408 2839 1603 2877 renuntia-

160 2900 239 2930 tum
251 2899 322 2940 est,
337 2893 395 2931 his
411 2892 611 2944 neglectiS,
632 2895 760 2934 statim
779 2896 950 2937 fatebare
970 2907 1009 2938 et
1027 2913 1105 2950 prae
1125 2906 1162 2937 te
1177 2899 1327 2938 ferebas
1346 2899 1550 2938 amicitiam
1565 2906 1605 2938 et
