1923 3149
270 210 351 247 440
678 214 901 255 CONTRA
931 219 980 255 TI
990 219 1314 258 MOCRATEM.

270 310 471 359 pugnabas
492 318 546 352 tu,
568 313 745 353 adductis
767 318 1049 365 undecimviris,
1070 328 1108 358 et
1126 321 1284 358 tribunis
1302 320 1457 364 aerariis,
1477 326 1590 368 atque
1607 317 1717 356 licto-

270 371 391 416 ribus,
410 373 572 411 neminis
602 388 767 426 unquam
787 392 872 417 esse
894 381 1099 426 misertum,
1126 381 1195 419 sed
1215 389 1253 418 et
1265 382 1406 432 januas
1425 379 1662 422 convellisse,
1682 384 1721 415 et

269 432 411 470 cubilia
437 435 677 484 surripuisse,
696 445 746 484 et,
769 440 798 476 si
819 442 902 490 quis
922 442 1126 479 ministram
1147 442 1320 488 haberet,
1339 456 1425 480 cum
1447 455 1523 492 qua
1536 452 1720 478 consues-

274 500 347 538 set,
369 507 451 532 eam
467 496 699 545 pignerasse.
750 501 846 543 Quae
865 509 903 538 tu
926 515 1066 539 annum
1093 511 1321 554 perpetuum
1347 503 1519 540 factitare
1534 513 1621 538 cum
1637 500 1720 536 An-

268 554 445 592 drotione
465 555 567 594 haud
589 558 781 597 destitisti.
804 562 929 600 Multo
951 564 1048 600 enim
1069 565 1241 615 profecto
1261 564 1433 614 graviora
1455 561 1718 612 vos,judices‚

268 614 461 660 ferebatis,
480 624 519 654 et
537 624 575 654 tu
591 620 710 659 multo
730 622 876 671 aequius
896 624 1072 661 misertus
1092 637 1198 662 esses
1218 624 1368 670 horum,
1387 622 1637 665 exsecrande,
1656 620 1721 671 qui

265 683 419 726 propter
448 690 518 715 vos
551 686 720 717 oratores
751 681 1012 731 deglubuntur
1038 686 1232 736 perpetuis
1264 685 1542 723 exactionibus.
1581 682 1720 732 Neque

265 735 306 773 id
326 737 420 774 satis
439 745 511 783 est,
535 739 606 775 nisi
625 741 740 777 etiam
760 742 918 793 duplum
939 745 986 781 ab
1007 747 1062 782 eis
1082 746 1270 796 exigatur,
1299 747 1413 796 idque
1438 757 1504 795 per
1523 750 1574 789 te,
1594 749 1633 779 et
1651 755 1719 792 Pel*

265 797 567 840 Androtionem;
597 800 660 848 qui
680 800 772 839 nihil
801 815 970 852 unquam
999 804 1038 842 in
1057 806 1232 843 aerarium
1253 806 1301 843 de
1330 805 1464 843 vestris
1494 804 1630 855 opibus
1657 801 1716 838 in-

265 857 422 895 tulistis.
456 859 583 898 Tanta
600 874 691 899 vero
712 870 772 900 est
792 863 899 901 istius
927 865 1093 903 hominis
1113 867 1343 916 arrogantia,
1370 876 1412 903 ut
1435 879 1476 903 se
1501 864 1636 902 horum
1658 864 1714 901 fa-

262 918 434 955 cinorum
464 931 597 970 poenas
628 935 703 959 non
723 936 810 961 esse
829 924 1006 962 daturum
1030 932 1154 976 putet,
1182 927 1286 964 solus
1317 926 1487 976 quidem,
1518 937 1606 962 cum
1632 923 1714 973 ejus

261 979 423 1029 collegae
436 980 511 1018 sint
527 981 674 1027 decem,
689 997 774 1021 cum
791 985 1027 1023 Androtione
1043 987 1294 1024 communiter
1309 987 1517 1024 inscribere
1531 985 1714 1033 rationem

261 1053 340 1077 non
360 1041 561 1080 dubitavit.
608 1043 738 1082 Gratis
759 1046 860 1083 enim
887 1054 1015 1084 vestra
1043 1048 1091 1096 (si
1112 1048 1184 1085 diis
1205 1048 1347 1098 placet)
1371 1048 1477 1086 nullo
1498 1059 1568 1084 suo
1588 1046 1714 1083 fructu

262 1100 504 1141 Timocrates
521 1103 608 1141 odia
622 1106 771 1154 quaerit,
783 1114 821 1144 et
835 1107 941 1157 leges
957 1107 1070 1145 infert
1084 1110 1259 1146 omnibus
1275 1109 1500 1153 contrarias,
1520 1105 1713 1158 postremo

260 1162 377 1199 etiarn
399 1176 479 1200 suae
506 1164 618 1214 priori
639 1166 715 1216 legi
745 1166 1022 1212 adversantes3
1052 1182 1167 1219 quam
1194 1170 1371 1220 equidem
1393 1183 1464 1207 nec
1495 1181 1564 1206 vos
1596 1168 1714 1205 latere

260 1229 368 1273 puto.

313 1285 377 1322 46.
408 1285 524 1326 Quod
545 1298 633 1323 vero
652 1287 744 1324 mihi
765 1288 928 1326 maxima
944 1289 1094 1328 videtur
1109 1289 1306 1328 iracundia
1320 1291 1494 1340 dignum,
1511 1290 1550 1326 id
1569 1289 1710 1333 dicam,

259 1350 298 1381 et
317 1356 394 1381 non
415 1345 688 1391 dissimulabo;
716 1349 833 1397 quod,
853 1349 1124 1394 Athenienses,
1145 1364 1233 1388 eum
1259 1357 1414 1401 propter
1443 1362 1616 1388 nummos
1641 1349 1713 1386 ista

259 1406 456 1456 suscipiat,
477 1420 644 1457 cumque
665 1409 734 1446 sibi
754 1410 908 1448 omnino
923 1411 1113 1462 imperarit
1131 1411 1387 1449 mercenarias
1408 1411 1536 1448 locare
1557 1421 1709 1460 operas,

258 1479 334 1504 non
354 1467 392 1504 in
412 1480 469 1512 ea,
491 1468 629 1518 quibus
659 1469 815 1515 auditis,
843 1471 993 1508 veniam
1012 1471 1046 1509 ei
1073 1472 1140 1509 det
1157 1471 1308 1521 aliquis,
1329 1471 1527 1522 impendit.
1571 1470 1708 1520 Cujus-

257 1527 362 1564 modi
384 1541 430 1565 ea
449 1528 568 1565 sunt?
596 1529 712 1567 Pater
730 1530 854 1575 istius,
870 1530 1033 1581 judices,
1063 1531 1218 1569 aerarius
1246 1539 1485 1581 est—neque
1509 1531 1547 1568 id
1574 1542 1710 1580 expro-

256 1588 394 1625 brandi
412 1601 530 1626 causa
549 1589 649 1634 dico,
669 1590 737 1628 sed
757 1592 986 1630 necessitate
1011 1599 1234 1639 coactus—,
1259 1605 1371 1643 quem
1397 1593 1523 1630 bonus
1553 1592 1624 1629 iste
1653 1590 1708 1628 vir

256 1650 432 1700 negligit.
462 1651 578 1694 Quod
598 1651 629 1689 si
646 1653 678 1689 is
698 1652 747 1689 ad
764 1665 878 1703 quem
891 1653 989 1691 illius
1004 1654 1225 1704 ignominiae
1241 1654 1409 1691 reditura
1427 1661 1487 1690 est
1500 1653 1706 1698 hereditas,

255 1711 287 1747 si
307 1711 398 1760 quid
420 1712 518 1761 patri
538 1712 734 1757 acciderit,
755 1721 881 1752 tamen
910 1714 1135 1752 solvendam
1158 1727 1241 1752 esse
1260 1715 1443 1752 muletam
1463 1727 1540 1751 non
1561 1721 1708 1760 censet,

252 1771 324 1807 sed
348 1771 448 1808 illius
469 1774 650 1822 temporis
668 1773 771 1823 quod
793 1780 902 1825 pater
921 1775 1069 1819 vixerit,
1087 1788 1245 1813 usuram
1275 1788 1358 1814 esse
1381 1774 1709 1821 lucrifaciendam,

254 1843 332 1880 qua
364 1831 520 1868 tandem
550 1832 742 1871 abstinere
771 1835 989 1885 corruptela
1016 1848 1128 1886 posse
1157 1835 1360 1873 videatur?
1399 1835 1524 1873 Patris
1553 1836 1708 1885 quidem

253 1904 329 1928 nec
355 1897 392 1929 te
413 1893 640 1938 miserescit,
659 1907 732 1930 nee
761 1894 889 1944 inique
909 1909 995 1933 cum
1015 1909 1061 1933 eo
1082 1897 1144 1947 agi
1164 1905 1286 1946 putas,
1311 1896 1357 1942 si,
1382 1902 1419 1933 te
1445 1896 1652 1946 accipiente
1670 1902 1710 1933 et

255 1951 568 2002 collocupletato,
589 1967 609 1991 e
643 1955 794 1992 tributis
823 1968 910 2004 quae
941 1956 1114 2006 exegisti,
1148 1970 1169 1994 e
1197 1957 1360 1994 decretis
1393 1970 1480 2007 quae
1507 1956 1654 2000 scribis,
1684 1969 1705 1994 e

252 2011 402 2060 legibus
431 2025 529 2063 quas
562 2026 691 2063 rogas,
723 2014 805 2064 ipse
839 2015 926 2066 jure
959 2017 1122 2054 civitatis
1155 2017 1340 2067 spolietur
1365 2030 1492 2067 parvae
1527 2017 1703 2068 pecuniae

251 2085 381 2119 causa,
401 2079 439 2110 et
457 2080 585 2111 tamen
600 2074 759 2112 aliorum
788 2076 1028 2126 quorundam
1048 2077 1167 2115 vicem
1189 2077 1317 2115 dolere
1336 2085 1373 2116 te
1393 2078 1461 2116 ais.
1495 2078 1547 2115 At
1564 2078 1705 2116 sororis

252 2133 402 2170 medius
422 2133 534 2171 fidius
554 2135 738 2184 praeclare
759 2149 891 2173 curam
911 2137 1055 2187 gessit?
1086 2138 1167 2175 Iino
1187 2138 1217 2175 si
1235 2137 1326 2175 nihil
1342 2138 1445 2176 aliud
1465 2138 1705 2188 deliquisset,

251 2194 313 2231 vel
340 2196 388 2232 ob
409 2194 447 2232 id
467 2195 590 2232 solum
619 2196 760 2246 dignus
781 2205 883 2234 esset
903 2198 1031 2235 exitio.
1071 2199 1165 2235 Eam
1185 2199 1286 2236 enim
1305 2198 1489 2244 vendidit,
1515 2212 1591 2235 non
1620 2198 1700 2236 elo·
1737 2240 1741 2243 ,

246 2254 366 2292 cavit.
395 2255 617 2293 Vestrorum
643 2257 744 2294 enim
774 2257 941 2295 hostium
969 2258 1049 2304 nni,
1070 2259 1276 2309 Corcyraeo
1304 2259 1470 2303 cuidam,
1500 2259 1604 2296 urbis
1632 2259 1702 2296 im-

250 2314 395 2364 perium
425 2329 525 2353 nunc
555 2330 643 2354 cum
665 2317 748 2354 aliis
778 2318 978 2363 obtinenti,
1009 2318 1073 2368 qui
1105 2319 1208 2369 apud
1234 2318 1347 2356 istum
1367 2319 1534 2364 divertit,
1553 2318 1701 2367 quoties

251 2376 354 2424 apud
379 2389 445 2413 vos
473 2375 664 2426 legatione
689 2377 876 2428 fungitur,
909 2391 1070 2428 eamque
1101 2379 1275 2428 accipere
1309 2378 1558 2428 voluit—qno
1586 2388 1701 2428 pacto

250 2443 377 2472 autem
404 2437 760 2486 praetermittam—,
777 2438 942 2475 nummis
972 2439 1139 2489 acceptis
1169 2439 1338 2476 tradidit.
1386 2438 1552 2476 Proinde
1572 2439 1702 2489 puella

251 2496 430 2545 Corcyrae
451 2509 552 2532 nunc
572 2505 644 2535 est.
694 2499 769 2539 Qui
804 2499 917 2548 igitur
941 2511 1106 2536 sororem
1138 2512 1295 2550 peregre
1322 2499 1587 2537 abducendam
1622 2500 1700 2537 elo-

249 2569 358 2594 casse
380 2569 465 2593 sese
492 2557 598 2601 dicit,
625 2558 752 2608 reipsa
780 2559 965 2603 vendidit,
997 2559 1060 2608 qui
1093 2561 1150 2596 sui
1182 2560 1351 2609 parentis
1381 2567 1617 2598 senectutem
1645 2560 1699 2599 ita

248 2617 367 2661 fovens
388 2617 452 2666 qui
473 2625 690 2655 assentatur
710 2618 806 2664 aliis,
833 2620 897 2669 qni
917 2620 1094 2657 mercede
1111 2627 1150 2657 et
1170 2620 1272 2669 leges
1292 2627 1331 2656 et
1361 2620 1517 2658 decreta
1537 2621 1641 2667 facit,
1660 2629 1700 2659 et

249 2677 519 2728 rempublicam
543 2678 795 2722 administrat,
817 2693 903 2716 euni
925 2693 991 2716 vos
1012 2680 1114 2716 nacti
1134 2693 1207 2717 non
1228 2680 1450 2731 perimetis?
1486 2681 1700 2731 Apparebit

247 2746 365 2783 certe,
390 2738 661 2781 Athenienses,
678 2739 831 2788 judiciis
852 2747 890 2777 ct
919 2740 1082 2789 negotiis
1102 2753 1170 2778 vos
1199 2740 1394 2785 delectari,
1415 2754 1491 2778 non
1511 2742 1608 2779 velle
1628 2742 1697 2779 ho-

247 2799 410 2836 minibus
431 2798 611 2848 improbis
632 2798 794 2835 liberari.

300 2862 365 2896 47.
397 2860 534 2908 Neque
559 2872 649 2896 vero
675 2859 765 2896 mihi
799 2860 957 2897 dubium
988 2869 1061 2902 est,
1096 2862 1187 2911 quin
1214 2862 1450 2911 interrogati,
1479 2862 1694 2911 puniendos

248 2934 334 2959 esse
355 2934 487 2958 omnes
515 2921 703 2973 improbos
724 2921 939 2959 fateamini:
978 2922 1046 2959 sed
1076 2923 1190 2961 istum
1206 2923 1273 2960 tali
1303 2923 1387 2975 lege
1411 2923 1447 2960 in
1470 2922 1589 2972 plebis
1608 2937 1692 2974 pei·—
