1923 3149
478 203 550 240 DE
581 203 735 242 MALE
764 202 941 242 GESTA
974 204 1304 244 LEGATIONE.
1536 206 1613 243 265

158 304 319 344 consulti
351 312 546 344 auctorem
575 306 752 345 defendit
777 305 1044 344 Philocratem.
1102 306 1292 345 Praeclare
1316 320 1420 346 sane.
1479 306 1615 357 Neque

158 366 259 405 enim
279 366 314 404 ei
335 366 489 405 Soloniz
510 368 701 407 recordari
716 369 893 406 vacabat.
924 367 1062 418 Neque
1082 368 1122 405 id
1146 368 1209 406 hic
1229 369 1352 406 solum
1370 368 1474 414 fecit,
1491 368 1561 406 sed
1577 375 1617 406 et

158 427 251 466 illuc
271 441 358 466 cum
378 429 559 476 venisset,
575 443 622 467 ne
643 431 875 467 mentionem
895 428 1050 479 quidem
1064 428 1155 466 fecit
1170 430 1251 480 ejus
1267 430 1447 480 regionis,
1461 436 1616 480 propter

159 502 275 540 quam
291 490 441 540 legatus
457 491 615 529 abierat.
637 491 758 541 quue
774 491 856 541 ipse
868 489 976 527 vobis
992 490 1239 528 renunciavit.
1264 491 1498 529 Meministis
1515 491 1616 529 enim

158 551 331 602 profecto
351 552 479 589 dicere
499 565 600 598 eum,
622 551 669 589 de
689 551 911 602 Amphipoli
936 557 976 588 et
995 564 1070 601 ego
1090 553 1208 590 verba
1227 552 1357 590 facere
1377 552 1615 602 potuissem;

161 611 230 650 sed
250 618 291 649 ut
308 612 559 650 Demostheni
573 612 622 649 de
639 625 684 650 ea
697 612 850 650 dicendi
865 619 968 650 esset
984 612 1104 659 locus,
1118 613 1205 651 ideo
1219 613 1398 665 praeterii.
1429 613 1515 663 Ego
1527 626 1618 650 vero

158 686 386 724 progressus
406 672 594 717 dicebam,
612 685 699 709 eum
719 672 812 710 nihil
825 685 957 711 eorum
972 687 1060 724 quae
1074 674 1124 712 ad
1139 674 1358 725 Philippum
1372 674 1497 712 dicere
1512 674 1618 711 volu-

159 733 371 780 isset,mihi
388 733 585 783 reliquisse
602 733 765 780 (facilius
780 734 878 771 enim
900 735 1103 785 sanguine,
1124 742 1239 785 quam
1261 734 1415 773 dicendi
1436 734 1522 773 loco
1538 735 1620 772 cui-

160 809 276 847 quam
297 794 452 842 cedere)
471 795 538 832 sed
564 802 738 845 putasse,
753 804 915 846 accepta
932 797 1108 846 pecunia,
1131 798 1323 835 adversari
1344 796 1523 847 Philippo
1542 809 1621 834 non

160 858 289 903 licere,
309 857 372 908 qui
392 856 598 907 pecuniam
619 870 665 894 ea
683 856 732 894 de
741 869 867 894 causa
886 857 1047 907 largitus
1067 866 1184 905 esset,
1199 872 1249 896 ne
1271 859 1310 896 id
1330 859 1512 910 oppidum
1533 857 1621 895 red-

162 920 283 958 deret.
341 919 439 968 Age,
457 930 552 969 cape
574 917 726 955 Solonis
741 917 903 968 elegiam
922 918 1042 964 illam,
1063 926 1102 957 et
1120 920 1260 958 recita:
1291 927 1336 957 ut
1355 919 1484 957 sciatis
1506 920 1620 956 etiam

164 980 298 1019 Soloni
324 979 500 1017 homines
527 978 637 1016 istius
658 978 801 1017 similes
821 979 941 1018 fuisse
961 980 1117 1019 invisos.
1176 982 1266 1019 Non
1285 982 1420 1019 concio
1444 980 1625 1019 habenda

163 1048 235 1090 est,
257 1041 452 1087 AEschine,
472 1053 591 1078 manu
609 1040 648 1077 in
663 1041 748 1078 sinu
768 1041 938 1089 condita,
954 1055 1032 1079 non
1049 1055 1058 1080 ε
1088 1042 1156 1080 sed
1176 1043 1358 1081 obeunda
1376 1042 1520 1093 legatio
1541 1055 1622 1080 ma·

163 1118 218 1143 nu
237 1105 277 1142 in
293 1102 379 1141 sinu
390 1102 568 1140 condita.
600 1101 662 1139 Tu
674 1115 777 1146 vero,
791 1116 879 1140 cum
893 1117 978 1142 eam
996 1104 1073 1142 illic
1092 1106 1321 1156 porrexeris,
1333 1112 1374 1144 et
1389 1104 1624 1149 exhibueris,

164 1173 204 1204 et
217 1165 287 1203 hos
304 1164 540 1203 contumelia
554 1163 743 1211 affeceris,
758 1164 820 1203 hic
837 1165 994 1203 disseris
1014 1167 1283 1218 magnifice,et
1296 1174 1450 1219 propter
1464 1167 1626 1203 miseras

165 1226 432 1273 sententiolas,
452 1238 548 1276 quas
567 1225 776 1264 meditatus
809 1240 865 1273 es,
892 1233 930 1265 et
959 1229 1066 1267 vocis
1093 1229 1418 1275 exercitationem,
1437 1235 1475 1266 te
1495 1240 1626 1279 poenas

164 1301 253 1328 esse
273 1288 454 1326 daturum
474 1300 553 1324 non
572 1293 698 1337 putas,
716 1294 774 1326 tot
790 1295 828 1326 et
848 1295 1042 1326 tantorum
1062 1290 1250 1327 scelerum
1269 1304 1278 1328 ε
1309 1291 1381 1328 etsi
1402 1290 1541 1342 pileolo
1561 1302 1626 1328 ca-

164 1350 236 1403 piti
253 1350 432 1401 imposito
451 1348 711 1387 obambularis
732 1356 771 1387 et
788 1349 828 1387 in
849 1362 909 1387 me
928 1351 1103 1389 convicia
1122 1351 1277 1389 dixeris.
1336 1351 1475 1389 Recita
1493 1357 1548 1389 tu.

507 1485 770 1525 ELEGIACI
800 1486 1016 1526 VERSUS
1047 1487 1297 1527 SOLONIS.

429 1582 544 1612 Nostra
558 1581 694 1621 quidem,
709 1583 773 1612 fato
789 1582 892 1618 savis,
912 1582 984 1610 urbs
1002 1591 1059 1611 nou
1076 1581 1199 1612 occidet
1215 1592 1358 1621 unquam,

468 1631 679 1672 Propitiisque
692 1632 752 1662 diis
768 1633 854 1662 salva
867 1642 988 1662 manere
1004 1637 1118 1671 potest.

428 1684 508 1713 Nam
522 1683 602 1714 Jove
617 1687 699 1718 nata,
714 1684 802 1713 ferox
817 1683 962 1722 hastaque
976 1674 1067 1722 atque
1083 1683 1182 1722 aegide
1202 1684 1317 1720 Pallas,

468 1735 560 1764 Hauc
572 1738 666 1773 teget,
681 1735 809 1764 hostiles
823 1734 1019 1773 disjicietque
1038 1734 1143 1765 minas.

427 1785 542 1815 Moenia
559 1785 613 1815 sed
629 1786 713 1817 cives
730 1785 851 1820 stolidi,
864 1785 1033 1824 cupidique
1049 1786 1202 1817 lucrorum

469 1837 575 1867 Ardua
590 1837 726 1868 subverti
743 1848 798 1877 per
814 1848 870 1868 sua
884 1839 963 1868 facta
979 1838 1124 1875 studeut;

427 1888 529 1927 Atque
545 1888 658 1918 ducum
676 1888 781 1927 populi
797 1889 876 1918 mala
889 1899 983 1924 mem,
995 1888 1135 1928 elataque
1150 1890 1255 1925 corda,

471 1941 640 1969 Accersunt
657 1950 773 1979 poenas,
786 1943 818 1969 et
834 1939 910 1968 mala
926 1939 1021 1969 multa
1038 1940 1107 1969 sibi.

428 1990 497 2020 Non
515 1990 626 2020 etenim
641 1991 760 2030 placida
776 1991 953 2021 didicerunt
969 2002 1093 2021 munere
1111 1992 1216 2022 divum

471 2042 579 2071 Meme
596 2042 667 2077 frui,
681 2042 777 2071 saturi
796 2052 851 2071 nec
869 2046 995 2072 tenuere
1009 2043 1144 2072 modum.

431 2092 617 2131 Despoliant
632 2092 785 2130 aerarium,
800 2097 834 2121 et
848 2093 914 2132 ipsa
931 2093 1038 2127 altaria
1055 2094 1172 2129 divum,

477 2143 536 2171 Per
550 2143 596 2172 fas
612 2148 701 2182 atque
713 2143 799 2172 nefas
817 2153 877 2182 quo
894 2144 1086 2174 cumulentur
1099 2155 1186 2183 opeS.

430 2194 596 2229 Furantur,
614 2194 735 2233 rapiunt
748 2205 854 2224 omnes
871 2195 959 2224 datur
974 2195 1067 2231 unde,
1085 2206 1142 2225 neo
1154 2195 1228 2225 iram

472 2244 606 2275 Justitiae
622 2249 740 2281 curant,
756 2245 893 2284 scitaque
911 2251 1015 2275 sancta
1029 2247 1107 2276 deae.

430 2287 489 2326 Illa
505 2299 585 2325 tacet
601 2299 740 2325 veterum
753 2307 879 2332 memor,
896 2301 926 2326 et
943 2297 1108 2336 praesentia
1124 2307 1265 2332 cernens,

477 2347 576 2382 saeva,
591 2347 644 2376 sed
662 2347 697 2375 ad
716 2357 822 2385 poenas
840 2352 912 2386 post
927 2348 1043 2378 ruitura
1055 2358 1175 2387 graves.

433 2397 571 2431 Urbibus
589 2398 657 2432 hinc
676 2398 763 2429 ulcus
780 2398 865 2428 v'enil.
880 2399 1106 2430 immedicabile
1123 2398 1255 2434 cunotis,

478 2450 613 2489 Utjuga
628 2448 748 2480 servitii
765 2459 832 2479 mox
847 2449 955 2479 odiosa
969 2450 1078 2488 (erant.

435 2500 595 2530 Seditiove
612 2499 722 2536 oritur,
739 2493 881 2539 sopitdve
894 2500 976 2531 bella
990 2505 1164 2537 moventur,

481 2550 579 2586 Bella,
596 2550 708 2590 quibus
719 2550 815 2590 pubes
828 2551 898 2580 laeta
914 2551 1016 2590 perire
1034 2551 1124 2581 solet.

435 2600 518 2632 Urbs
535 2601 660 2639 etenim,
675 2612 743 2641 quae
758 2602 842 2632 nulla
857 2599 941 2632 tenet
957 2603 1084 2632 socialia
1095 2605 1175 2643 jura,

479 2653 537 2685 Est
551 2652 656 2683 subito
671 2653 777 2683 hostili
793 2653 980 2692 dispertium
996 2663 1095 2684 uranu.

436 2704 517 2735 -Haee
533 2705 648 2744 agitant
662 2705 808 2746 populum
825 2705 915 2740 mala,
931 2705 984 2735 sed
1002 2706 1191 2745 paupercula
1207 2706 1297 2737 turba

482 2755 642 2793 venditur,
653 2760 684 2785 et
696 2766 822 2797 peregre
840 2756 963 2786 vincula
978 2757 1054 2786 dura
1066 2757 1156 2796 gerit.

439 2808 508 2838 Neo
523 2811 594 2837 sunt
605 2812 752 2846 expertes
762 2808 869 2844 cladis,
886 2818 963 2847 quos
981 2808 1082 2848 ampla
1097 2810 1168 2840 beat
1184 2819 1246 2844 res,

485 2858 527 2887 Et
540 2867 595 2893 sua
610 2857 760 2888 divitibus
777 2869 865 2898 poena
884 2858 994 2889 luenda
1009 2859 1103 2890 venit.

410 2902 412 2904 .
442 2908 576 2939 Publica
592 2907 638 2938 sic
654 2908 768 2938 intrant
783 2909 924 2949 privatos
941 2910 1051 2940 damna
1066 2914 1212 2950 penaten

487 2959 625 2991 Excludi
634 2959 755 2990 foribus
765 2970 823 2990 neo
837 2961 920 2991 mala
934 2966 1019 2993 tauta
1031 2965 1145 3001 queunt
1159 2970 1166 2989 ι

872 3013 953 3049 2Μ
