1923 3149
288 435 498 474 LIBANII
555 438 953 477 ARGUMENTUM
1008 438 1307 477 ORATIONIS
1360 427 1587 478 CO‘NTRA
1642 441 1736 479 AN—

340 497 682 538 DROTIONEM
713 500 865 538 MALE
895 499 1249 538 ROGATARUM
1280 500 1470 540 LEGUM
1503 502 1680 541 REUM.

332 602 409 632 Duo
433 603 555 634 fuerunt
577 604 706 634 Athenis
728 610 872 635 senatus:
897 605 974 635 alter
999 610 1179 645 perpetuus,
1202 604 1449 645 Areopagiticus,
1470 605 1522 644 qui
1547 606 1585 635 de
1601 605 1737 636 caedibus

289 652 477 691 voluntariis,
493 660 524 685 et
541 655 730 691 vulneribus,
747 660 777 685 et
790 655 858 686 aliis
879 656 1034 686 similibus
1049 656 1140 686 rebus
1151 656 1325 695 judicaret:
1350 656 1438 692 alter,
1455 657 1506 695 qui
1523 667 1620 696 remp.
1641 657 1737 687 admi-

287 702 439 735 nistraret.
463 707 497 736 Is
513 706 674 745 quotannis
689 706 874 742 mutabatur,
886 717 925 736 ex
943 707 1117 746 quingentis
1133 706 1210 736 viris
1226 712 1381 742 constans,
1396 707 1447 745 qui
1465 712 1567 736 essent
1583 711 1671 737 aetate
1688 718 1737 738 se-

287 755 416 785 natoria.
439 757 524 796 Lege
545 761 644 787 autem
660 758 787 796 quadam
801 757 828 787 is
846 762 968 787 senatus
980 758 1145 796 jubebatur
1160 768 1254 787 novas
1271 757 1409 787 triremes
1425 757 1584 788 fabricari:
1608 759 1688 798 quod
1706 758 1737 788 ni

286 804 421 841 fecisset,
438 816 490 836 eos
512 808 625 837 donum
641 818 657 837 a
673 807 788 848 populo
804 812 909 846 petere
926 807 1031 837 eadem
1056 808 1107 837 lex
1128 809 1261 838 vetabat.
1284 808 1375 838 Nunc
1398 813 1497 838 autem
1521 819 1589 838 cum
1614 814 1738 839 senatus

287 854 425 886 triremes
448 868 506 887 non
528 858 665 894 fecisset,
680 858 846 895 Androtio,
862 859 912 897 qui
928 858 1092 897 plebiscito
1110 863 1246 888 senatum
1263 868 1375 888 corona
1391 859 1495 888 donari
1508 861 1654 898 jusserat,
1672 860 1736 890 vio-

286 904 412 936 latarum
430 908 531 948 legum
545 919 616 939 reus
633 909 743 949 agitur.
782 910 862 940 Nam
879 910 940 940 duo
956 920 1025 940 eum
1048 909 1165 938 inimici
1181 915 1336 944 accusant,
1352 910 1500 939 Euctemo
1517 915 1546 940 et
1570 911 1738 946 Diodorus,

287 966 413 994 quorum
426 959 479 988 ille
491 960 608 998 priores
620 971 720 990 causae
732 966 847 1000 partes,
862 961 910 990 hic
927 960 1114 1000 posteriores
1126 959 1201 999 agit,
1213 964 1243 990 et
1255 964 1378 998 perorat
1391 970 1511 990 cansam
1525 961 1579 990 hac
1591 961 1738 991 oratione.

288 1006 403 1038 Dicunt
419 1014 518 1040 autem
535 1016 738 1047 accusatores,
758 1011 886 1052 primum
909 1012 974 1041 sine
998 1011 1179 1041 auctoritate
1204 1016 1324 1040 senatus
1341 1011 1452 1040 sactum
1476 1022 1545 1041 esse
1570 1011 1737 1042 decretum.

287 1058 365 1088 Cum
390 1061 468 1090 enim
484 1062 532 1091 lex
544 1063 677 1100 juberet,
702 1072 738 1092 ne
754 1062 839 1101 prius
857 1063 893 1092 ad
910 1062 1054 1102 populum
1069 1062 1202 1091 ferretur
1222 1062 1390 1098 decretum,
1416 1073 1503 1101 quam
1526 1063 1643 1093 senatui
1666 1074 1739 1103 pro-

284 1107 390 1139 batum
405 1116 497 1147 esset,
508 1112 727 1142 Androtionern
744 1117 850 1143 contra
866 1123 931 1143 eam
942 1113 1051 1152 legem,
1067 1112 1133 1142 sine
1149 1111 1270 1142 concilii
1281 1113 1382 1150 jussu,
1393 1113 1548 1143 decretura
1563 1113 1621 1143 hoc
1631 1114 1668 1143 ad
1681 1124 1737 1152 po-

286 1158 391 1196 pulum
403 1162 554 1192 retulisse.
578 1163 697 1193 Deinde
713 1163 789 1203 Legi
805 1163 851 1193 illi
867 1173 934 1192 esse
951 1162 1147 1198 contrarium,
1162 1173 1230 1201 quae
1244 1166 1327 1192 vetet
1343 1167 1478 1193 senatum
1495 1173 1555 1193 uon
1579 1164 1666 1193 factis
1682 1164 1738 1194 tri-

284 1209 420 1241 remibus
433 1217 538 1251 petere
551 1212 718 1253 praemium.
742 1214 775 1243 Si
790 1213 868 1243 enim
886 1218 988 1254 petere
1000 1213 1040 1243 sit
1054 1213 1261 1249 interdictum,
1280 1214 1383 1252 utique
1395 1224 1451 1244 nec
1467 1214 1540 1243 dare
1555 1224 1734 1244 concessum

287 1269 365 1289 esse.
396 1262 497 1301 Atque
513 1263 559 1293 hae
579 1265 664 1304 leges
680 1264 718 1293 ad
743 1274 807 1294 rem
832 1264 978 1293 attinent:
1002 1264 1134 1293 afferunt
1150 1268 1249 1292 autem
1275 1268 1305 1293 et
1330 1269 1434 1294 contra
1453 1275 1613 1304 personam
1639 1257 1737 1302 duas3

285 1319 375 1340 unam
392 1311 430 1342 de
452 1313 654 1352 impudicitia,
679 1315 803 1344 alteram
827 1314 865 1343 de
882 1313 1006 1344 aerariis.
1038 1315 1078 1344 Et
1093 1318 1244 1349 asserunt,
1260 1312 1481 1344 Androtionem
1506 1320 1633 1355 utraque
1650 1316 1737 1354 igno-

285 1359 445 1391 miniosum
461 1374 540 1393 esse.
574 1366 652 1395 Nam
667 1369 697 1394 et
712 1364 908 1404 prostituisse
924 1374 1035 1403 corpus
1058 1374 1156 1400 suum,
1173 1367 1203 1393 et
1218 1364 1319 1403 patrio
1340 1375 1400 1394 aere
1421 1364 1519 1395 alieno
1541 1376 1610 1395 esse
1627 1367 1737 1396 obstri-

286 1413 367 1440 ctum
380 1412 571 1453 reipublicae.

702 1539 868 1577 ALIUD
899 1537 1321 1577 ARGUMENTUM.

329 1642 439 1672 VAnn
452 1641 539 1671 fuere
559 1641 751 1681 magistratus
768 1642 850 1681 apud
872 1641 1087 1672 Athenienses:
1113 1651 1239 1680 quorum
1259 1640 1311 1670 alii
1328 1644 1422 1675 sorte,
1438 1639 1489 1669 alii
1512 1640 1668 1678 suffragio,
1683 1642 1737 1672 alii

286 1692 407 1722 delectu
424 1694 615 1722 creabantur.
646 1694 747 1729 Sorte,
770 1693 821 1732 qui
841 1693 948 1722 sortito
964 1693 1155 1732 legebantur,
1172 1691 1355 1733 utjudices:
1381 1690 1537 1729 suffragio,
1553 1692 1604 1731 qui
1620 1693 1736 1732 populo

286 1744 480 1783 suffragante,
499 1749 531 1774 ut
546 1744 761 1783 imperatores:
785 1744 918 1780 delectu,
941 1745 992 1783 qui
1014 1743 1109 1783 deligi
1126 1743 1275 1779 solebant,
1299 1747 1331 1772 ut
1346 1742 1462 1771 aediles.
1496 1743 1624 1773 Senatus
1640 1744 1735 1784 igitur

285 1795 516 1834 quingentorum
534 1806 570 1825 ex
586 1795 632 1824 his
654 1800 717 1824 erat
741 1795 791 1834 qui
816 1800 898 1824 sorte
923 1795 1111 1832 legebantur.
1150 1793 1391 1832 Quingentorum
1417 1796 1517 1821 autem
1536 1792 1671 1823 diximus
1696 1794 1733 1823 ad

285 1846 445 1876 discrimen
462 1846 726 1885 Areopagitarum.
773 1845 834 1882 Qui
852 1845 948 1874 tribus
973 1855 990 1874 a
1012 1843 1188 1873 seinvicem
1212 1844 1305 1873 rebus
1328 1841 1459 1872 maxime
1483 1843 1730 1883 distinguuntur:

285 1907 379 1935 eaque
395 1897 537 1935 primum,
557 1897 638 1934 quod
655 1895 810 1934 quingenti
827 1895 948 1933 publica
963 1894 1086 1932 negotia
1110 1895 1268 1929 curabant,
1283 1893 1480 1931 Areopagitae
1496 1895 1639 1932 capitalia
1658 1895 1735 1926 dun·

283 1952 378 1977 taxat.
418 1948 507 1984 Quod
525 1947 552 1975 si
567 1947 636 1984 quis
653 1947 747 1981 dicat,
769 1946 859 1975 etiam
883 1946 1086 1984 Areopagitas
1109 1954 1231 1974 curasse
1252 1945 1387 1984 publica,
1404 1946 1637 1984 respondemus,
1664 1957 1733 1978 cum

283 1998 414 2028 maxima
430 1997 597 2026 necessitas
612 1996 784 2032 incidisset,
801 2006 854 2026 eos
868 1996 1001 2035 publicis
1016 1996 1053 2025 de
1070 1997 1161 2025 rebus
1183 1996 1372 2026 convenisse.
1408 1996 1544 2025 Alterum
1568 1997 1733 2028 discrimen

283 2057 341 2086 est,
359 2049 438 2088 quod
456 2052 577 2077 senatus
593 2049 822 2087 quingentorum
839 2047 896 2075 sub
918 2052 1034 2075 certum
1051 2056 1205 2076 numerum
1223 2047 1316 2080 cadit,
1333 2047 1582 2086 Areopagitarum
1597 2047 1733 2078 incertus

282 2106 337 2131 est.
369 2101 411 2130 Ut
428 2099 507 2129 enim
525 2099 648 2137 quidam
665 2104 802 2128 oratores
828 2098 945 2132 dicunt,
967 2097 1127 2136 quotannis
1144 2097 1313 2126 novemviri
1331 2098 1369 2127 iis
1384 2097 1589 2127 addebantur:
1614 2103 1647 2128 ut
1670 2099 1734 2134 alii,

283 2150 399 2182 sexviri
420 2151 579 2184 duntaxat,
595 2148 645 2188 qui
662 2149 698 2178 de
723 2148 913 2188 impudicitia
930 2148 1118 2187 judicabant.
1149 2148 1243 2177 Erant
1259 2153 1289 2177 et
1304 2148 1353 2177 alii
1369 2152 1441 2183 tres,
1464 2157 1540 2177 unus
1555 2158 1733 2187 eponymus,

282 2204 368 2240 cujus
382 2200 500 2231 nomine
514 2200 581 2230 fasti
597 2200 815 2239 signabantur:
836 2200 911 2229 alter
927 2210 994 2234 rex,
1011 2200 1061 2238 qui
1079 2209 1160 2228 curae
1176 2198 1361 2237 pupillorum
1379 2203 1520 2238 praeerat,
1538 2203 1569 2228 et
1590 2200 1731 2230 violatam

281 2253 460 2291 religionem
486 2250 676 2281 vindicabat:
699 2251 807 2280 tertius
824 2250 1047 2288 polemarchus,
1064 2249 1117 2288 qui
1133 2259 1197 2279 rem
1216 2249 1354 2279 bellicam
1370 2248 1609 2279 administrabat.
1650 2250 1731 2280 'rhe-

283 2303 439 2333 smothctae
452 2312 559 2331 annum
573 2302 720 2330 duntaxat
732 2301 908 2340 magistratu
922 2301 1132 2338 fungebantur,
1147 2310 1235 2338 quem
1250 2300 1424 2339 priusquam
1436 2299 1557 2334 inirent,
1571 2299 1600 2329 in
1613 2310 1731 2332 omnem

283 2364 386 2384 eorum
405 2353 495 2382 vitam
510 2357 676 2382 anteactam
694 2352 911 2391 inquirebatur,
927 2351 978 2390 qni
994 2351 1019 2380 si
1036 2351 1065 2380 in
1082 2351 1222 2380 omnibus
1238 2351 1349 2389 integri
1368 2349 1643 2388 comperiebantur,
1661 2362 1730 2382 eum

282 2414 391 2434 annum
405 2403 613 2441 imperabant3
640 2407 721 2441 post,
746 2402 831 2432 linito
846 2412 934 2437 anno,
950 2402 1060 2431 iterum
1082 2402 1120 2430 de
1136 2400 1342 2439 eis-judicium
1368 2400 1478 2438 fiebat5
1502 2401 1583 2439 quod
1610 2402 1635 2432 si
1658 2413 1731 2433 con-

281 2457 389 2490 stabat,
408 2465 461 2483 eos
481 2464 517 2483 eo
538 2464 656 2492 quoque
673 2459 810 2492 ternpore
834 2454 926 2493 probe
943 2454 1061 2482 functos
1079 2452 1188 2488 officio,
1210 2453 1241 2481 in
1257 2457 1393 2481 senatum
1409 2452 1619 2491 allegabantur
1634 2454 1732 2485 Areo-

281 2506 450 2546 pagitarum
467 2504 610 2544 (quorum
627 2504 683 2532 hac
707 2503 746 2532 de
762 2513 854 2533 causa
875 2508 977 2533 certus
1003 2513 1062 2533 non
1087 2507 1152 2532 erat
1175 2502 1332 2542 numerus)
1347 2502 1392 2532 sin
1409 2503 1487 2532 male
1503 2513 1536 2532 se
1552 2504 1730 2542 gessissent,

281 2556 490 2596 ejiciebantur.
517 2553 654 2583 Tertium
672 2553 835 2583 discrimen
851 2559 909 2589 est,
926 2554 1007 2594 quod
1023 2553 1256 2593 quingentorum
1280 2554 1396 2583 senatui
1412 2554 1571 2593 quotannis
1584 2557 1730 2588 succede-

279 2608 381 2642 batur‚
404 2604 601 2644 Areopagitis
624 2614 818 2634 successores
838 2615 896 2634 non
911 2605 1071 2634 dabantur.
1110 2604 1177 2633 Nisi
1193 2604 1262 2643 quis
1278 2605 1357 2634 enim
1381 2605 1514 2644 graviter
1535 2605 1729 2646 deliquisset,

281 2669 339 2688 non
356 2657 544 2696 ejiciebatur,
558 2654 628 2694 quin
646 2665 717 2684 vcro
741 2655 929 2694 propositum
953 2654 1040 2684 nobis
1056 2659 1114 2691 est,
1142 2665 1199 2683 nou
1226 2654 1265 2684 de
1284 2655 1488 2695 AreopagitiS,
1509 2656 1564 2686 sed
1586 2657 1625 2686 de
1641 2657 1728 2696 quin-

281 2707 381 2748 gentis
394 2708 556 2741 disserere,
567 2705 810 2745 coguoscendum
823 2709 881 2740 est,
893 2715 952 2743 quo
964 2709 1054 2745 pacto
1070 2705 1254 2744 imperarint.
1277 2705 1451 2741 Sciendum,
1468 2715 1526 2735 non
1545 2712 1728 2746 supputatos

279 2769 348 2790 esse
365 2768 484 2789 menses
498 2758 536 2787 ab
559 2756 795 2786 Atheniensibus
812 2755 848 2785 ad
865 2756 950 2790 solis,
974 2760 1006 2784 ut
1029 2765 1047 2784 a
1069 2756 1168 2790 nobis
1185 2755 1240 2784 sed
1264 2757 1302 2785 ad
1320 2757 1400 2786 lunae
1424 2767 1555 2787 cursum.
1593 2759 1669 2788 Nam
1701 2759 1728 2789 si

280 2810 376 2840 solem
397 2812 530 2847 spectes,
545 2807 636 2837 habet
658 2815 751 2835 annus
767 2805 832 2834 dies
849 2815 1033 2841 ccc.Lx.v.;
1061 2806 1138 2834 unde
1153 2806 1194 2841 lit,
1211 2811 1243 2835 ut
1257 2806 1370 2836 mensis
1388 2807 1496 2836 habeat
1509 2806 1575 2837 dies
1589 2808 1725 2839 tricenos

279 2861 470 2890 ettrientem.
489 2857 687 2888 Deciesenim
704 2866 776 2887 xxx
792 2856 984 2886 faciuntcoe.
1002 2856 1054 2885 ssis
1069 2867 1137 2886 xxx
1153 2858 1265 2887 faciunt
1279 2868 1331 2887 Lx.
1351 2859 1476 2887 Restant
1488 2869 1518 2887 v.
1533 2858 1727 2890 Triensduo-

279 2910 394 2941 denarii
420 2914 466 2939 est
481 2909 649 2949 quaternio.
679 2908 829 2947 Reliquus
845 2911 892 2936 cst
909 2917 986 2936 unus
1003 2907 1078 2937 dies.
1102 2907 1200 2938 Unius
1217 2908 1277 2938 diei
1290 2918 1359 2948 pars
1374 2908 1553 2939 duodecima
1568 2915 1636 2940 sunt
1652 2911 1726 2943 duo.
