1923 3149
295 173 370 208 372
669 172 890 211 CONTRA
918 173 1366 211 ARISTOCRATEM.

292 285 328 303 ex
346 273 523 304 narratione.
568 274 645 303 Cum
658 278 756 304 autem
771 275 905 304 futurum
919 279 983 305 erat
997 279 1029 305 ut
1044 275 1163 304 auditor
1176 274 1365 304 Chersoneso
1386 274 1546 308 nominata,
1564 274 1663 303 statim
1684 284 1739 312 po-

292 325 458 354 stulaturus
469 331 533 355 erat
543 328 716 364 argumenta
725 325 919 364 perfectiora,
930 325 973 354 ibi
986 326 1117 364 fugicnS,
1128 329 1157 354 et
1169 326 1269 364 sugam
1285 324 1491 358 dissimulans,
1503 324 1547 353 eis
1559 325 1738 354 electionem

291 375 355 410 dat,
373 381 470 405 utrum
488 376 600 406 vellent
625 375 754 414 primum
769 375 806 404 de
823 375 958 413 legitimo
974 376 1140 411 audire,an
1157 376 1194 405 de
1211 377 1308 414 justo,
1322 385 1357 404 an
1375 375 1412 404 dc
1429 375 1506 404 utili.
1548 374 1608 404 Sed
1624 385 1692 404 cum
1709 373 1737 403 ci

290 425 459 463 legitimum
470 427 578 457 fortius
589 431 665 461 erat,
677 431 707 455 et
723 426 905 456 accusationi
921 426 1104 464 proximius,
1120 426 1189 455 ideo
1206 426 1409 454 necessarium
1421 424 1608 454 existimavit
1622 434 1657 453 eo
1668 425 1736 452 luco

290 477 421 515 primum
449 478 502 507 uti.
547 479 615 508 Jam
626 477 732 516 igitur,
748 477 799 506 vel
815 477 900 515 quasi
915 488 973 506 non
987 477 1214 506 contradicente
1232 477 1380 510 auditore,
1397 477 1445 505 vel
1463 475 1677 515 expostulante
1693 474 1736 503 ita

290 527 450 565 dicijuxta
463 532 598 558 tenorem
616 527 831 562 accusationis,
843 527 885 556 ait
898 529 945 556 De
956 528 1092 566 legitimo
1106 527 1199 557 vultis
1212 526 1366 567 primum?
1392 528 1438 556 De
1452 526 1506 555 hoc
1519 527 1666 555 dicemus.
1699 525 1738 554 Et

290 588 359 607 cum
377 578 534 608 videretur
555 588 645 618 posse
668 578 762 616 objici
778 588 814 607 ex
831 578 910 617 lege,
926 578 1076 618 hospitem
1089 588 1157 608 esse
1174 578 1398 611 Charidemum,
1411 581 1440 606 et
1455 576 1571 606 idcirco
1588 576 1616 604 ei
1631 575 1737 604 decre-

289 633 354 658 tum
369 639 438 659 esse
454 629 638 668 peculiarem
656 629 804 666 quendam
819 629 963 658 bonorem
979 629 1008 658 in
1025 629 1181 668 rogatione
1202 629 1304 669 (leges
1320 627 1401 657 euim
1418 628 1456 656 de
1477 627 1560 656 caede
1577 627 1652 655 latas
1667 635 1735 653 esse

290 683 394 708 contra
406 678 507 719 cives)
520 680 588 708 ideo
601 678 645 708 illi
656 679 693 707 ad
710 678 891 708 solutionem
907 679 1096 717 objectorum
1113 689 1191 719 opus
1207 684 1272 708 erat
1289 678 1521 717 praeparatione,
1536 687 1595 717 qua
1606 673 1737 706 auditori

290 732 431 770 probaret
446 737 476 761 et
489 731 586 761 civem
604 741 670 762 esse
687 729 932 770 [Charidemum]
945 737 975 761 et
990 732 1029 761 de
1046 732 1113 761 cive
1130 731 1260 762 habitam
1276 731 1452 761 orationem.

722 1065 1300 1121 DEMOSTHENIS

510 1207 835 1257 CONTRA
891 1206 1528 1256 ,ARISTOCRATEM

880 1339 1141 1380 ORATIO.

336 1449 369 1484 1.
399 1446 528 1483 NEMO
542 1452 726 1492 vestrum,
742 1444 1011 1490 Athenienses,
1025 1451 1137 1495 putet
1151 1457 1210 1482 me
1229 1445 1291 1482 vel
1306 1445 1384 1482 ullo
1403 1445 1550 1495 privato
1563 1445 1650 1483 odio
1666 1446 1733 1483 ad-

283 1507 444 1545 ductum
466 1507 594 1545 venire
622 1507 674 1544 ad
704 1506 980 1544 Aristocratem
1000 1505 1280 1550 accusandum,
1301 1506 1362 1543 vel
1379 1518 1466 1542 cum
1486 1519 1646 1556 parvum
1667 1507 1735 1544 ali-

284 1568 389 1616 quod
410 1574 448 1606 et
468 1567 550 1605 leve
571 1567 753 1605 delictum
771 1566 935 1612 videam,
954 1574 1108 1617 propter
1128 1566 1222 1604 illud
1243 1567 1341 1604 adeo
1366 1574 1543 1618 paratum
1573 1581 1656 1606 esse
1685 1569 1736 1606 ad

281 1628 499 1668 inimicitias
515 1628 801 1678 suscipiendas:
824 1628 907 1674 sed,
927 1627 958 1665 si
977 1628 1093 1667 modo
1108 1641 1235 1666 meum
1253 1628 1514 1676 mejudicium
1529 1642 1607 1666 non
1621 1629 1733 1675 fallit,

280 1689 321 1726 in
338 1690 412 1727 hoc
433 1702 545 1727 omne
560 1702 686 1726 meum
706 1688 874 1726 studium
894 1689 1093 1734 incumbit,
1112 1696 1155 1726 ut
1173 1688 1459 1726 Chersonesum
1479 1702 1613 1727 secure
1627 1697 1732 1729 tene-

283 1751 370 1797 atis,
390 1763 515 1801 neque
534 1750 741 1800 phaleratis
768 1750 921 1800 decepti
938 1749 1064 1787 verbis
1083 1762 1216 1787 rursus
1249 1762 1297 1786 ea
1323 1750 1550 1800 spoliemini.
1607 1751 1736 1790 Decet

281 1811 398 1862 igitur
416 1824 549 1849 omnes
566 1824 649 1858 vos,
669 1811 700 1848 si
728 1810 811 1848 haee
839 1806 943 1848 reete
971 1823 1207 1860 cognoscere
1227 1809 1379 1857 voletis,
1399 1817 1437 1847 et
1466 1824 1488 1848 e
1512 1812 1734 1862 praescripto

280 1872 414 1922 legum
432 1872 732 1910 controversiam
752 1884 841 1908 vere
861 1871 1085 1922 dijudicare,
1109 1884 1186 1908 non
1217 1877 1369 1908 tantum
1398 1871 1540 1921 scripta
1567 1872 1603 1908 in
1623 1885 1734 1910 sena-

282 1933 526 1972 tusconsulto
553 1934 671 1970 verba
697 1932 956 1975 considerare,
978 1931 1047 1969 sed
1066 1932 1181 1969 etiam
1209 1930 1303 1981 quid
1323 1939 1547 1969 eventurum
1574 1933 1664 1971 inde
1684 1935 1735 1973 sit

281 1994 494 2046 providere.
554 1993 671 2037 Nam,
692 1992 724 2030 si
753 2005 792 2029 re
819 1992 948 2029 statim
984 1991 1115 2029 audita
1146 1991 1297 2029 callidae
1330 1992 1632 2032 machinationes
1651 1995 1733 2032 ani-

281 2054 468 2093 madverti
487 2053 715 2105 potuissent,
730 2053 917 2104 principio
933 2052 1097 2090 fortasse
1110 2052 1264 2103 decepti
1276 2065 1353 2089 non
1364 2054 1499 2091 essetis
1514 2068 1522 2091 :
1542 2056 1632 2105 quia
1643 2070 1734 2095 vero

280 2116 356 2153 hoc
370 2128 448 2153 non
466 2115 665 2152 minimum
677 2113 876 2152 artificium
891 2119 950 2151 est
961 2113 1215 2164 quorundam,
1232 2113 1286 2150 ita
1301 2120 1340 2151 et
1353 2113 1479 2152 dicere
1499 2122 1538 2152 et
1557 2117 1734 2165 scribere,

282 2183 327 2214 ut
344 2189 413 2214 vos
433 2176 600 2214 latentes
620 2174 777 2213 insidias
809 2174 962 2212 minime
989 2174 1230 2225 perspiciatis
1251 2180 1318 2212 aut
1338 2175 1520 2222 caveatis,
1540 2190 1614 2214 non
1636 2179 1735 2217 adeo

280 2237 418 2275 mirum
438 2237 558 2274 videri
577 2237 701 2281 debet,
723 2236 755 2273 si
773 2236 887 2273 etiam
901 2235 974 2273 hoc
988 2234 1187 2273 decretum
1203 2248 1274 2272 nos
1286 2234 1339 2272 ita
1351 2235 1535 2286 scriptum
1550 2238 1732 2277 ostende-

281 2311 382 2343 mus,
401 2304 457 2345 ut,
477 2310 566 2335 cum
589 2296 810 2335 Charidemi
831 2296 994 2334 salutem
1013 2296 1111 2333 tueri
1126 2296 1315 2342 videatur,
1336 2296 1632 2345 Chersonesum,
1646 2312 1733 2350 quae

282 2371 412 2396 revera
431 2361 645 2406 estjustum
661 2363 700 2395 et
718 2357 867 2394 firmum
889 2357 981 2407 reip.
1001 2355 1234 2406 praesidium,
1253 2356 1363 2393 nobis
1385 2356 1532 2406 eripiat.

335 2422 373 2456 ⁶2.
404 2419 497 2457 Jure
516 2426 656 2463 autem,
678 2418 948 2462 Athenienses,
969 2417 1060 2454 mihi
1090 2429 1244 2467 operam
1277 2416 1375 2453 banc
1409 2416 1563 2464 dabitis,
1598 2427 1640 2456 ut
1672 2434 1733 2459 me

282 2481 475 2518 dicentem
497 2492 586 2517 cum
603 2478 874 2516 benevolentia
891 2477 1070 2516 audiatis.
1129 2476 1233 2519 Quia
1251 2476 1351 2513 enim
1368 2489 1454 2527 ego,
1476 2491 1553 2516 non
1572 2493 1672 2518 unus
1688 2495 1736 2519 ex

281 2541 432 2579 illorum
452 2553 611 2577 numero
631 2540 696 2589 qui
725 2539 833 2576 vobis
864 2538 1085 2583 obtul-bant,
1117 2550 1240 2587 neque
1271 2549 1402 2574 rursus
1432 2538 1569 2576 horum
1601 2541 1666 2590 qui
1695 2542 1733 2579 iu

281 2602 454 2653 gerenda
470 2601 666 2652 republica
685 2612 862 2650 magnam
883 2599 984 2649 apud
1003 2611 1072 2636 vos
1091 2598 1233 2635 habent
1253 2599 1531 2645 auctoritatem,
1552 2613 1632 2638 rem
1647 2609 1732 2639 tan-

281 2671 360 2701 tam
392 2676 477 2700 esse
505 2669 631 2699 actam
651 2668 893 2698 ostensurum
920 2672 1004 2697 esse
1029 2672 1088 2696 me
1116 2659 1308 2709 profiteor,
1328 2672 1410 2704 vos,
1431 2660 1461 2697 si
1481 2673 1541 2698 me
1569 2663 1672 2711 quod
1693 2662 1731 2699 in

281 2724 390 2762 vobis
411 2722 670 2774 estjuveritis‚
693 2728 914 2770 attenteque
937 2720 1143 2765 audientis,
1163 2726 1243 2756 tum
1259 2720 1359 2758 hane
1381 2721 1501 2771 ipsam
1521 2734 1598 2758 rem
1619 2722 1654 2758 in
1676 2722 1732 2759 in-

283 2792 432 2835 tegrum
458 2782 677 2828 restituetis,
697 2788 776 2818 tum
805 2781 950 2817 animos
977 2780 1126 2817 addetis
1146 2781 1295 2825 ceteris,
1313 2789 1366 2825 ut,
1387 2781 1510 2830 siquid
1529 2781 1640 2819 etiam
1662 2796 1732 2820 no-

283 2852 405 2882 strum
436 2845 570 2895 aliquis
604 2857 644 2881 se
674 2841 894 2893 reipublicae
923 2840 1104 2891 prodesse
1135 2854 1249 2891 posse
1279 2841 1433 2891 putarit,
1452 2841 1576 2878 facore
1595 2842 1633 2878 id
1655 2856 1731 2881 non

286 2913 489 2956 gravetur:
521 2905 670 2955 putabit
688 2911 830 2948 autem,
851 2902 882 2940 si
902 2902 1132 2940 audientiam
1163 2903 1364 2954 impetrare
1385 2915 1408 2940 a
1426 2902 1532 2940 vobis
1553 2916 1628 2940 non
1648 2917 1733 2943 esse
