1923 3149
565 122 878 162 PHILIPPICA
909 123 1104 162 PRIMA.
1539 125 1587 163 13

130 229 230 267 enim
251 227 288 276 ii,
306 227 371 278 qui
390 231 540 266 statuas
560 239 606 264 ex
625 225 762 278 argilla
785 226 950 277 fingunt,
971 226 1018 263 ad
1041 226 1164 264 forum
1185 226 1324 265 creatis
1345 225 1590 265 centuriones

131 298 172 328 et
191 291 378 336 tribunos,
398 302 474 327 non
494 289 541 327 ad
565 288 723 326 bellum.
780 288 844 324 An
869 301 945 325 non
962 287 1143 337 oportuit,
1164 287 1433 334 Athenienses,
1453 296 1592 326 centu-

130 351 257 389 riones
273 351 389 397 cives,
411 351 614 402 magistros
637 350 808 400 equitum
832 349 948 394 cives,
968 356 1151 399 praetores
1173 349 1407 387 domesticos
1428 363 1527 396 esse,
1547 357 1592 389 ut

130 425 264 450 revera
283 420 415 451 essent
433 412 554 464 copiae
575 411 762 454 civitatis;
793 418 833 449 at
858 411 896 448 in
918 411 1104 448 Lemnum
1130 411 1265 448 scilicet
1289 417 1442 461 oportet
1468 413 1593 461 magi-

130 480 252 512 strum
273 475 444 525 equitum
463 474 527 524 qui
547 486 567 511 e
593 473 703 511 vobis
724 479 785 510 est
804 472 998 521 navigare,
1020 484 1152 510 eorum
1179 478 1307 509 autem
1335 473 1400 522 qui
1427 485 1496 523 pro
1519 474 1593 511 rei-

129 536 297 586 publicae
315 535 622 586 possessionibus
639 533 875 586 praeliantur,
892 534 1114 571 Menelaum
1132 546 1217 571 esse
1238 534 1465 584 magistrum
1482 535 1593 585 equi-

130 596 242 633 tum?
285 597 421 647 Neque
440 596 526 634 haec
545 595 707 634 hominis
733 595 1040 646 reprehendendi
1062 608 1180 633 causa
1208 595 1309 642 dico,
1342 595 1411 633 sed
1431 608 1454 634 a
1485 596 1592 634 vobis

130 671 218 696 eum
235 665 405 696 creatum
425 671 510 696 esse
527 658 741 709 oportebat,
759 657 936 708 quisquis
952 657 1109 694 tandem
1131 656 1192 696 sit.

188 721 248 757 10.
279 720 471 758 Fortassis
504 726 632 758 autem
671 719 757 757 haec
785 726 888 757 recte
920 719 997 756 dici
1026 719 1191 770 putatis3
1225 718 1272 756 de
1304 719 1469 769 pecunia
1487 733 1593 766 vero,

129 788 276 832 quanta
294 781 378 827 erit,
397 788 436 819 et
453 780 558 820 unde
588 781 840 830 comparanda,
874 780 1038 818 maxime
1073 780 1204 818 audire
1237 781 1402 831 cupitis:
1433 788 1472 819 et
1496 781 1593 819 illud

127 842 261 892 utique
281 841 496 893 expediam.
555 842 671 886 Quod
694 841 743 879 ad
763 841 964 892 pecuniam
986 841 1100 891 igitur
1119 841 1270 887 attinet,
1286 841 1530 891 requiruntur
1543 842 1593 880 ad

129 903 309 941 alendum
328 904 432 942 hunc
447 903 669 949 exercitum,
687 903 736 941 ad
752 903 894 941 cibaria
912 902 1103 940 duntaxat
1120 903 1302 940 militibus
1318 904 1595 953 comparanda,

129 966 344 1016 nonaginta
362 966 519 1012 talenta,
539 973 579 1003 et
596 965 713 1016 paulo
734 964 897 1015 amplius
916 977 925 1007 ;
955 963 1117 1001 navibus
1134 964 1269 1002 decern
1290 964 1478 1001 celeribus
1498 977 1597 1015 qua-

130 1027 312 1078 draginta
329 1028 488 1073 talenta‚
508 1028 653 1065 vicenae
668 1027 783 1064 minae
803 1026 842 1063 in
858 1038 994 1064 navem
1011 1025 1173 1076 singulis
1189 1026 1385 1064 mensibus
1400 1039 1409 1068 ;
1431 1026 1595 1064 militum

130 1088 283 1125 duobus
304 1088 472 1125 millibus
506 1088 666 1125 totidem
698 1088 786 1134 alia,
818 1094 861 1124 ut
895 1087 991 1124 duas
1013 1087 1173 1137 quisque
1192 1087 1303 1124 miles
1329 1087 1534 1125 drachmas
1556 1088 1596 1125 in

125 1161 302 1187 mensem
320 1162 389 1200 pro
407 1149 558 1186 cibariis
579 1149 767 1199 accipiat:
798 1148 989 1198 equitibus
1018 1147 1193 1185 ducentis
1214 1161 1389 1194 numero,
1419 1148 1451 1185 si
1477 1148 1595 1186 trice-

130 1223 199 1249 nas
229 1211 434 1249 drachmas
465 1211 503 1248 in
527 1224 697 1249 mensem
718 1211 912 1261 accipiant
930 1210 1086 1260 singuli,
1107 1210 1312 1248 duodecim
1332 1210 1492 1248 talenta.
1552 1211 1596 1248 Si

124 1274 213 1324 :quis
231 1286 321 1311 vero
341 1279 466 1324 putat,
495 1279 753 1311 commeatum
781 1285 901 1323 parvo
930 1285 1015 1310 esse
1045 1271 1217 1310 subsidio
1246 1272 1291 1309 iis
1321 1272 1384 1322 qui
1414 1272 1593 1318 militant,

126 1349 205 1374 non
224 1344 326 1374 recte
343 1335 459 1374 sentit
475 1348 485 1373 :
514 1348 587 1386 ego
605 1335 707 1372 enim
723 1340 965 1385 compertum
984 1334 1123 1380 habeo,
1143 1334 1175 1371 si
1200 1334 1274 1372 hoc
1292 1333 1438 1371 factum
1465 1334 1595 1380 fuerit,

128 1397 255 1449 ipsum
276 1398 487 1436 exercitum
508 1410 529 1435 e
557 1397 661 1435 bello
687 1397 758 1434 sibi
790 1396 940 1447 reliqua
969 1403 1293 1447 comparaturum,
1321 1396 1403 1435 sine
1423 1396 1506 1434 ulla
1532 1396 1596 1434 vel

131 1460 357 1498 Graecorum
387 1460 446 1497 vel
478 1459 666 1497 sociorum
692 1459 844 1510 injuria,
873 1465 917 1496 ut
949 1458 1140 1509 integrum
1174 1458 1411 1508 stipendium
1440 1458 1596 1496 habeat.

131 1521 217 1572 Ego
250 1521 351 1560 ultro
382 1521 568 1572 navigans
600 1533 691 1567 una,
711 1520 863 1571 quidvis
883 1520 963 1572 pati
994 1526 1153 1571 paratus
1187 1534 1279 1567 sum,
1314 1520 1387 1557 nisi
1420 1520 1505 1558 haec
1542 1520 1598 1558 ita

126 1590 255 1621 erunt.
310 1583 426 1622 Unde
445 1583 560 1634 igitur
578 1583 757 1635 pecunia,
777 1595 893 1633 quarn
912 1582 1064 1635 requiro
1085 1595 1107 1620 a
1126 1582 1232 1621 vobis
1252 1581 1496 1635 comparari?
1521 1581 1597 1621 hoe

124 1644 208 1696 jam
228 1644 367 1683 dicam.

586 1775 936 1815 PECUNIARIA
965 1774 1155 1816 RATIO.

187 1890 249 1927 11.
278 1889 378 1934 Quae
390 1903 475 1936 nos,
489 1889 761 1938 Athenienses,
776 1890 995 1941 excogitare
1010 1890 1220 1941 potuimus,
1236 1890 1322 1928 haec
1336 1896 1439 1928 sunt.
1480 1891 1598 1932 Post-

127 1964 248 2002 quam
273 1959 402 1990 autem
431 1952 646 1989 sententias
682 1951 1034 2003 comprobaveritis,
1054 1965 1100 1989 ea
1118 1965 1205 2002 quae
1227 1952 1379 1990 libuerit
1396 1953 1506 1991 vobis
1528 1955 1598 1993 de-

125 2014 287 2060 cernite,
306 2021 350 2051 ut
367 2026 443 2051 non
463 2019 614 2051 tantum
636 2013 801 2052 decretis
831 2020 871 2052 et
889 2014 1007 2052 literis
1027 2014 1260 2065 belligeretis
1292 2027 1379 2052 cum
1405 2015 1597 2068 Philippo,

131 2076 203 2114 sed
226 2076 339 2113 etiam
366 2075 491 2113 factis.
549 2075 681 2113 Multo
698 2082 826 2114 autem
852 2076 1003 2123 melius,
1036 2084 1080 2114 ut
1097 2076 1189 2113 mihi
1216 2076 1379 2123 videtur,
1412 2077 1461 2115 de
1493 2079 1598 2117 bello

125 2143 171 2174 et
207 2143 289 2175 tota
335 2136 586 2175 instructione
625 2137 900 2184 deliberabitis,
939 2137 971 2175 si
1009 2138 1139 2184 situm,
1174 2137 1444 2184 Athenienses,
1472 2140 1599 2191 regio-

129 2198 204 2245 nis,
224 2199 286 2236 cui
299 2198 440 2236 bellum
455 2198 616 2245 infertis,
636 2199 953 2242 considerabitis;
983 2205 1024 2237 et
1039 2199 1273 2249 cogitabitis,
1301 2200 1427 2238 ventis
1447 2208 1486 2239 et
1505 2202 1598 2240 anni

129 2260 364 2311 temporibus
379 2260 610 2311 anticipatis,
630 2260 810 2311 pleraque
826 2261 1008 2311 perficere
1029 2260 1249 2311 Philippum
1264 2273 1274 2304 ;
1305 2269 1344 2298 et
1363 2264 1600 2313 exspectatis

131 2321 270 2359 Etesiis
300 2328 369 2359 aut
398 2321 550 2372 hyeme,
576 2322 722 2360 bellum
755 2322 929 2373 aggredi,
957 2335 1046 2360 cum
1077 2335 1148 2360 nos
1180 2322 1271 2360 illuc
1302 2324 1500 2374 pervenire
1521 2339 1601 2364 non

129 2395 353 2433 possumus.
409 2383 485 2422 His
515 2383 647 2434 itaque
679 2384 945 2429 considerati&
974 2390 1126 2435 oportet
1155 2397 1242 2435 vos,
1279 2398 1357 2422 non
1385 2387 1596 2437 repentinis

131 2444 310 2482 subsidiis
346 2444 823 2496 bellare—praeveniemur
875 2446 977 2483 enim
1023 2446 1294 2497 ubique—sed
1342 2447 1598 2487 instructione

130 2512 315 2556 perpetua
342 2514 457 2558 atque
485 2508 671 2546 exercitu.
728 2507 875 2546 Licebit
907 2514 1035 2546 autem
1067 2508 1175 2546 vobis
1207 2508 1360 2556 Lemni,
1394 2519 1433 2548 et
1461 2511 1596 2558 Thasi,

128 2572 168 2604 et
198 2566 355 2613 Sciathi‚
383 2576 422 2606 et
449 2569 488 2606 in
521 2569 622 2608 illius
651 2569 726 2607 loci
769 2569 900 2608 insulis
929 2570 1144 2621 hybernare
1174 2583 1261 2607 cum
1303 2572 1502 2615 exercitu;
1558 2572 1598 2611 in

127 2628 269 2679 quibus
301 2635 340 2666 et
372 2638 517 2680 portus,
538 2638 576 2669 et
603 2631 851 2678 frumentum,
873 2639 912 2670 et
930 2632 1059 2670 omnia
1092 2645 1180 2682 quae
1206 2632 1367 2683 requirit
1394 2632 1597 2682 exercitus,

129 2697 263 2741 parata
283 2697 394 2728 sunt:
427 2693 514 2730 anni
535 2700 664 2731 autem
685 2699 851 2745 tempus,
877 2707 966 2731 cum
987 2700 1026 2731 et
1045 2694 1238 2745 appellere
1254 2694 1304 2731 ad
1324 2701 1466 2732 terram
1484 2694 1598 2733 facile

128 2753 190 2798 sit,
227 2758 267 2789 et
286 2765 309 2790 a
326 2753 452 2790 ventis
477 2754 590 2804 juxta
615 2754 736 2805 ipsam
768 2756 978 2806 regionem,
998 2762 1037 2794 et
1057 2756 1316 2808 emporiorum
1347 2756 1494 2803 fauces,
1515 2769 1596 2794 τεν-

128 2814 292 2850 santibus
310 2814 403 2852 nihil
426 2815 475 2852 sit
493 2815 668 2866 periculi,
690 2816 873 2854 intellectu
892 2817 1005 2855 facile
1025 2817 1109 2855 erit.

187 2877 248 2916 12.
279 2875 484 2920 Quomodo
516 2875 647 2928 igitur,
670 2884 709 2916 et
726 2878 883 2930 quando
917 2878 1104 2918 utendum
1138 2878 1187 2916 sit
1209 2877 1394 2927 (mereim,
1414 2878 1453 2916 id
1470 2878 1550 2918 dux
1572 2892 1596 2918 a
